2184 3074
448 342 522 392 500
987 341 1158 383 ,CODEX
1182 341 1427 379 DUNENSlS.

448 457 624 507 gulariter
641 457 830 507 continget
852 457 1019 504 eosdem,
1039 469 1081 493 ac
1098 470 1160 494 eos
1177 456 1224 493 ab
1249 458 1658 505 excommunicationis,
1675 459 1927 510 suspensionis
1942 465 1978 497 et

449 515 635 558 interdicti
659 515 860 552 sententiae
881 515 1064 552 solutione
1078 514 1293 565 hujusmodi
1308 516 1487 566 praescita
1504 516 1611 566 juxta
1626 517 1782 554 formam
1795 517 1979 556 Ecclesiae

448 572 684 619 absolvendi,
704 586 772 610 nec
791 586 867 609 non
885 577 921 610 et
938 573 1178 624 dispensandi
1194 586 1307 623 super
1325 573 1676 624 irregularitatibus,
1693 575 1724 613 si
1741 589 1835 627 quas
1854 575 1980 626 hnjus—

447 631 548 669 modi
565 632 665 682 ligati
680 632 881 669 sententiae
898 632 1168 679 contraxerint,
1184 633 1332 683 plenam
1352 637 1389 670 et
1406 633 1561 670 liberam
1577 634 1796 671 auctoritate
1813 648 1982 685 praesen-

448 691 540 728 tium
569 690 807 728 concedimus
829 691 1060 737 facultatem,
1082 705 1158 729 non
1177 692 1347 729 obstante
1365 692 1394 730 si
1414 692 1604 743 aliquibus
1620 707 1641 730 a
1659 693 1752 731 Sede
1769 693 1980 744 Apostolica

449 749 496 786 sit
513 749 700 786 indultum
717 749 818 799 quod
837 749 1029 795 interdici,
1048 749 1226 800 suspendi
1244 749 1301 786 vel
1322 750 1636 788 excommunicari
1660 765 1736 789 non
1754 753 1898 802 possint
1915 765 1981 803 per
2008 776 2011 781 x

448 807 586 844 litteras
604 807 723 844 dictae
737 806 842 844 Sedis
856 820 931 844 non
950 807 1125 844 facientes
1143 808 1291 858 plenam
1312 813 1347 844 et
1364 821 1574 859 expressam
1588 822 1631 846 ac
1643 809 1690 847 de
1703 811 1818 847 verbo
1835 811 1882 847 ad
1896 822 1981 848 ver-'-

448 866 538 902 bum
567 865 613 902 de
638 865 784 902 indulto
815 865 1031 915 hujusmodi
1068 865 1307 903 mentionem.
1335 866 1472 904 Datum
1509 866 1648 904 Romae
1678 869 1779 918 apud
1806 868 1982 918 Sanctum

448 924 598 960 Petrum
617 923 715 973 ydus
730 923 837 970 maii,
855 923 1093 974 pontificatus
1113 924 1229 962 nostri
1248 938 1347 977 anno
1366 925 1486 962 tertio.

497 982 663 1030 Quarum
682 982 898 1019 auctoritate
915 982 1122 1019 litterarum
1150 982 1257 1020 vobis
1275 983 1346 1020 sub
1365 997 1483 1034 poena
1509 984 1763 1035 suspensionis
1780 989 1817 1022 et
1833 998 1985 1023 excom-

450 1040 712 1078 municationis
730 1040 980 1091 praecipimus
999 1046 1035 1078 et
1052 1041 1273 1079 mandamus
1290 1042 1467 1093 quatinus
1486 1043 1668 1080 moneatis
1694 1057 1824 1081 omnes
1850 1049 1887 1081 et
1904 1043 1984 1082 sin-

447 1099 553 1150 gulos
575 1098 740 1144 abbates,
767 1098 926 1149 priores,
950 1099 1191 1149 presbiteros,
1215 1105 1381 1145 curatos,
1408 1104 1644 1152 caeterasque
1671 1115 1847 1152 personas
1866 1103 1984 1140 eccle·-

450 1157 612 1195 siasticas
639 1157 746 1194 nobis
772 1157 956 1207 subjectas
980 1158 1018 1194 in
1049 1158 1179 1196 vestris
1211 1159 1434 1210 dyocesibus
1461 1160 1699 1207 constitutas,
1727 1161 1985 1213 cujuscunque

451 1215 674 1252 conditionis
692 1215 747 1252 vel
767 1220 882 1253 status
899 1216 1075 1263 existant,
1093 1221 1135 1254 ut
1160 1217 1230 1268 ipsi
1260 1218 1355 1254 infra
1374 1217 1501 1255 decem
1521 1218 1599 1256 dies
1618 1232 1638 1255 a
1659 1224 1823 1270 tempore
1847 1224 1989 1257 vestrae

451 1274 667 1311 monitionis
700 1274 908 1324 praedictae
940 1276 1232 1322 numerandum,
1257 1289 1419 1326 quorum
1453 1280 1527 1314 tres
1556 1290 1625 1327 pro
1656 1277 1795 1328 primo,
1822 1282 1988 1329 tres'pro

451 1334 615 1371 secundo
644 1339 679 1371 et
703 1339 866 1385 quatuor
889 1348 956 1386 pro
990 1335 1097 1372 tertio
1123 1341 1275 1387 propter
1300 1336 1501 1374 terminum
1528 1337 1757 1388 assignamus
1784 1338 1923 1375 eisdem
1941 1338 1988 1375 de

450 1393 592 1430 decima
611 1393 779 1430 omnium
796 1399 1046 1445 proventuum
1060 1424 1069 1441 ,
1084 1395 1318 1442 reddituum,
1336 1395 1522 1432 bonorum
1537 1409 1579 1432 ac
1597 1396 1859 1433 obventionem
1878 1395 1985 1434 bene-

451 1451 622 1489 ficiorum
642 1465 794 1490 suorum
824 1453 1155 1491 ecclesiasticorum
1175 1455 1490 1505 quemadmodum
1510 1455 1602 1492 solvi
1627 1456 1820 1492 consuevit
1839 1456 1984 1503 eadem,

452 1510 595 1548 dilectis
613 1516 649 1548 et
669 1511 844 1549 fidelibus
871 1513 1007 1550 nostris
1030 1514 1224 1564 magistros
1249 1514 1390 1552 Jacobo
1411 1514 1511 1551 dicto
1537 1514 1588 1551 Le
1608 1515 1788 1562 Persone,
1806 1515 1985 1552 canonico

452 1569 695 1617 Toi·nacensi,
720 1575 755 1607 et
782 1571 931 1622 Hugoni
959 1571 1005 1608 de
1030 1572 1219 1618 Amsiaco,
1246 1577 1374 1610 curato
1396 1573 1443 1609 de
1467 1572 1602 1622 Eynis,
1625 1573 1818 1623 sigillifero
1844 1578 1986 1619 nostro,

452 1628 660 1666 Tornacum
679 1629 726 1666 ad
745 1629 815 1666 hoc
833 1644 853 1666 a
872 1630 981 1667 nobis
999 1630 1207 1681 specialiter
1225 1630 1411 1681 deputatis
1437 1631 1508 1668 sub
1537 1644 1659 1681 poena
1685 1630 1988 1668 excommunica—

454 1687 565 1724 tionis
583 1688 728 1724 solvant
744 1701 786 1724 ac
807 1688 853 1724 de
879 1688 1006 1725 eadem
1031 1689 1257 1726 satisfaciant
1279 1693 1547 1739 competenter,
1573 1688 1741 1739 alioquin
1768 1689 1868 1739 ipsos
1893 1701 1988 1744 quos

454 1750 590 1782 extunc
616 1751 767 1797 propter
792 1747 863 1784 hoc
893 1747 930 1784 in
962 1747 1034 1785 hiis
1058 1748 1205 1798 scriptis
1234 1748 1618 1794 excommunicamus,
1645 1748 1986 1785 excommunicatos

454 1804 604 1854 publice
634 1805 811 1843 nuntietis
837 1806 917 1843 sine
937 1806 1088 1844 alterius
1119 1807 1374 1857 expectatione
1395 1806 1577 1853 mandati,
1595 1806 1688 1857 quid
1717 1807 1804 1843 inde
1828 1806 1987 1844 feceritis

454 1862 562 1899 nobis
580 1862 738 1900 fideliter
758 1864 1012 1902 rescribentes.
1032 1865 1169 1902 Datum
1192 1878 1291 1902 anno
1309 1865 1463 1902 Domini
1483 1865 1533 1901 M⁰
1552 1865 1625 1902 CC⁰
1644 1865 1883 1916 nonagesimo
1901 1878 1987 1915 sep-

455 1921 564 1967 timo,
584 1922 672 1958 feria
688 1926 788 1958 sexta
808 1927 891 1972 post
908 1923 1042 1959 festum
1063 1923 1159 1960 beati
1179 1923 1380 1974 Mychaelis
1393 1923 1617 1974 archangeli.

503 1978 577 2017 Nos
612 1980 725 2030 igitur
754 1986 906 2032 propter
936 1982 1081 2019 viarum
1113 1982 1328 2020 discrimina
1354 1982 1470 2020 dictas
1499 1983 1697 2034 originales
1730 1982 1868 2018 litteras
1895 1976 1997 2019 dicti

455 2039 597 2076 domini
616 2040 858 2078 Tornacensis
880 2041 1043 2092 episcopi
1070 2042 1175 2079 vobis
1195 2042 1441 2079 ostendendas
1467 2042 1514 2079 ad
1536 2054 1711 2092 praesens
1736 2040 1986 2078 transmittere

456 2111 530 2134 non
549 2098 742 2145 audentes,
761 2100 906 2137 easdem
926 2101 1110 2151 publicari
1129 2106 1165 2138 et
1182 2106 1390 2151 praesentes
1415 2101 1553 2138 litteras
1579 2114 1692 2151 super
1715 2113 1775 2136 eas
1801 2098 1986 2137 conscribi

456 2170 498 2193 ac
527 2157 648 2207 sigillo
679 2157 776 2195 sedis
806 2158 1049 2196 Tornacensis
1079 2159 1231 2209 sigillari
1264 2159 1437 2206 fecimus,
1467 2173 1532 2197 vos
1563 2164 1598 2196 et
1625 2163 1787 2196 vestrum
1819 2156 1986 2208 singulos

456 2215 691 2252 exhortantes
715 2217 890 2266 quatinus
916 2217 1037 2268 ipsum
1066 2218 1282 2255 mandatum
1307 2218 1396 2255 dicti
1423 2217 1613 2255 reverendi
1643 2217 1758 2268 patris
1780 2221 1816 2253 et
1842 2215 1984 2252 domini

457 2273 571 2309 nostri
599 2273 841 2312 Tornacensis
861 2276 1023 2327 episcopi
1047 2277 1251 2313 secundum
1274 2277 1330 2314 sui
1354 2277 1620 2314 continentiam
1645 2281 1680 2313 et
1698 2280 1882 2320 tenorem,
1899 2274 1987 2311 visis

459 2332 592 2368 nostris
611 2335 866 2382 praesentibus
880 2335 1035 2382 litteris,
1054 2337 1262 2373 executioni
1288 2337 1434 2373 debitae
1461 2336 1541 2373 sine
1563 2349 1690 2372 morae
1707 2333 1905 2385 dispendio
1922 2333 1988 2369 de-v

458 2391 650 2428 mandetis.
682 2393 818 2430 Datum
847 2408 944 2432 anno
966 2396 1118 2432 Domini
1144 2397 1194 2433 Μο
1221 2396 1293 2433 CC⁰
1319 2396 1558 2447 nonagesimo
1588 2395 1744 2445 septimo
1765 2394 1803 2430 in
1826 2392 1987 2430 crastino

459 2450 560 2486 Beati
580 2450 763 2499 Dyonisii.

1159 2520 1283 2532 —w

2176 2555 2184 2572 ..s
2176 2529 2184 2543 -n
2176 2495 2184 2514 -ι,
2177 2417 2184 2468 ...—.
2176 2381 2184 2409 21>
2173 2182 2184 2371 ...azam-..unan-
