2184 3074
749 326 911 364 CODEX
937 327 1180 367 DUNENSlS.
1666 334 1731 371 ¹75

927 492 1001 530 CX.

543 609 730 647 Aumdnes
756 610 779 646 ἁ
803 609 902 659 faire
927 611 950 647 ἀ
975 610 1037 648 des
1061 611 1166 661 laiss
1192 613 1384 650 convertis.

241 801 335 838 Cum
360 801 449 839 tales
473 802 606 840 latores
630 804 880 853 praesentium
906 804 1035 842 divino
1059 805 1259 843 illuminati
1286 806 1441 857 spiritu,
1467 807 1600 857 sugatis
1625 812 1726 845 tene-

191 859 343 904 brarum
359 860 565 908 erroribus⁷
574 861 746 911 judaicae
760 863 944 901 caecitatis
959 864 1114 914 perfidia
1128 863 1313 910 derelicta,
1328 865 1373 902 ad
1389 865 1576 903 Christum
1595 866 1725 913 Deum,

191 931 320 956 verum
339 919 482 967 lumen,
505 919 652 971 penitus
676 921 751 958 sint
772 922 961 968 conversi,
986 926 1022 961 et
1044 923 1137 960 sacri
1163 923 1273 961 sontis
1299 923 1445 974 liquore
1470 924 1595 962 divina
1621 925 1726 962 illus-

190 980 309 1014 trante
339 978 454 1027 gratia
485 978 651 1029 insigniti
682 980 740 1016 vel
763 993 888 1017 secum
915 985 1059 1031 praeter
1082 981 1224 1019 nudum
1253 995 1388 1033 eorpus
1412 982 1666 1033 deportantes‚
1690 988 1725 1020 et

189 1035 295 1086 quasi
314 1035 426 1073 modo
443 1036 556 1087 geniti
586 1036 642 1074 lae
664 1037 873 1076 dulcedinis
899 1040 1222 1090 concupiscentes,
1249 1041 1302 1077 sie
1319 1031 1564 1078 instructione
1582 1041 1667 1078 fidei
1690 1046 1726 1079 et

188 1093 398 1132 elemosinis
411 1093 549 1132 Christi
563 1094 730 1133 fidelium
746 1097 952 1148 indigeant,
971 1098 1186 1149 auxilioque
1205 1099 1342 1149 pariter
1358 1104 1394 1136 et
1412 1099 1553 1146 favore,
1572 1099 1724 1137 univer-

187 1151 332 1190 sitatem
357 1158 516 1190 vestram
535 1165 727 1204 rogamus,
746 1168 940 1194 monemus
967 1170 1010 1194 ae
1038 1156 1075 1193 in
1094 1156 1256 1194 Domino
1284 1157 1526 1194 exhortamur
1540 1163 1722 1208 quatenus

187 1209 234 1247 de
265 1209 374 1247 bonis
406 1211 513 1249 vobis
548 1226 568 1249 a
598 1212 678 1250 Deo
713 1213 875 1251 collectis
907 1214 1045 1251 eisdem
1078 1214 1301 1265 conjugibus
1332 1216 1410 1266 pias
1440 1215 1658 1252 elemosinas
1688 1221 1723 1253 et

185 1271 288 1318 grata
308 1297 568 1307 ..........
589 1271 747 1322 erogetis
757 1301 766 1318 ‚
781 1285 826 1309 ne
841 1277 993 1323 propter
1006 1272 1191 1310 defectum
1211 1273 1522 1310 neccessariorum
1539 1274 1575 1310 in
1590 1274 1723 1325 obpro-

112 1337 118 1343 *
185 1324 310 1364 brium
334 1327 556 1365 christianae
574 1329 765 1379 religionis
787 1330 905 1380 (quod
931 1330 1041 1379 absit)
1066 1330 1112 1367 ad
1139 1330 1317 1381 pristinae
1347 1331 1531 1368 caecitatis
1561 1345 1719 1369 errorem

185 1385 307 1423 redire
323 1390 500 1437 tanquam
519 1387 621 1425 canis
646 1388 692 1425 ad
710 1389 892 1426 vomitum
919 1390 1200 1440 compellantur.
1221 1389 1335 1428 Vobis
1353 1390 1452 1427 enim
1473 1395 1597 1427 tenore
1615 1404 1722 1441 prae-

185 1443 346 1482 sentium
369 1449 620 1484 contestamur
636 1447 738 1498 quod
764 1448 988 1486 reverendus
1001 1477 1009 1493 ,
1029 1453 1097 1486 ete.

897 1573 1007 1584 ...0—-.

911 1713 1000 1751 cxl.

184 1829 369 1866 Donation
386 1828 493 1866 d'une
511 1834 610 1878 rente
626 1829 669 1866 de
687 1835 819 1880 quatre
831 1830 939 1868 lim-es
953 1831 1044 1880 faite
1054 1843 1130 1880 par
1146 1831 1182 1876 la
1201 1831 1307 1868 dame
1321 1831 1365 1868 de
1380 1833 1506 1869 Vome
1521 1832 1543 1869 ἁ
1561 1831 1720 1881 l'abbaye

391 1886 434 1923 de
457 1885 604 1924 rhosan
621 1893 655 1925 et
670 1888 810 1938 ratifie'e
823 1902 900 1938 par
918 1889 950 1926 le
967 1895 1077 1927 comte
1095 1891 1130 1926 F
1129 1890 1248 1927 [orent
1263 1890 1308 1927 de
1325 1890 1518 1927 Hellande.

235 2079 423 2118 Universis
445 2073 654 2131 praesentes
673 2082 810 2120 litteras
834 2083 1054 2134 inspecturis
1073 2089 1108 2121 et
1126 2084 1328 2125 audituris,
1347 2097 1410 2120 seu
1436 2082 1481 2119 ad
1501 2094 1593 2132 quas
1612 2093 1719 2131 prae-

185 2142 304 2175 sentes
326 2137 468 2176 litterae
485 2140 722 2189 pervenerint
742 2170 747 2176 .
770 2169 777 2176 .
801 2170 807 2177 .
835 2141 951 2178 tutrix
974 2142 1001 2178 C
1005 2171 1127 2178 .....
1152 2141 1208 2179 sui
1234 2142 1299 2178 lilii
1327 2141 1492 2177 haeredis
1516 2140 1561 2176 de
1579 2139 1719 2183 Vorne,

185 2195 340 2232 salutem
360 2195 397 2233 in
416 2196 580 2234 Domino
597 2196 874 2249 sempiternam.

235 2253 386 2291 Noverit
400 2254 621 2294 universitas
635 2262 755 2294 vestra
771 2258 874 2308 quod
891 2271 976 2295 eum
995 2258 1117 2295 (lictus
1132 2258 1258 2294 haeres
1277 2257 1417 2293 infante
1431 2255 1550 2305 major
1567 2255 1721 2306 praede-

185 2324 373 2349 cessorum
392 2326 545 2351 suorum
561 2315 730 2362 nomine,
745 2317 850 2366 quasi
870 2317 954 2366 jure
974 2316 1218 2353 haereditario
1238 2316 1275 2352 in
1295 2315 1492 2352 duodecim
1511 2315 1719 2351 salmonum

187 2369 336 2407 redditu
366 2371 472 2409 annis
497 2372 653 2423 singulis
685 2378 870 2411 teneretur
899 2375 1080 2425 religiosis
1110 2375 1198 2411 viris
1229 2374 1352 2411 abbati
1386 2378 1421 2410 et
1450 2372 1647 2409 conventui
1674 2372 1720 2407 de

188 2427 354 2475 Thosan,
372 2443 467 2480 quos
484 2430 563 2468 sine
582 2432 712 2482 majori
733 2433 929 2484 dispendio
948 2434 1181 2484 persolvendi
1203 2446 1276 2470 non
1298 2432 1468 2469 habuerit
1492 2431 1717 2468 facultatem.
