2184 3074
736 329 895 367 CODEX
925 329 1171 367 DUNENSlS.
1652 332 1714 368 ¹5¹

188 462 264 487 non
285 449 338 486 sie
357 447 576 486 habundare
595 451 637 484 ut
662 446 700 484 in
727 445 855 482 eadem
884 446 1117 496 praebendae
1143 451 1392 497 competentes
1412 447 1555 484 institui
1579 447 1722 483 valeant

187 510 252 545 aut
267 506 428 544 fundari.
443 506 638 544 Testamur
650 504 760 542 etiam
774 504 1003 542 unanimiter
1016 505 1119 556 quod
1138 504 1348 555 praedictus
1366 505 1610 543 'fornacensis
1624 503 1723 554 epis-

186 580 303 619 copus
318 567 518 605 canonicos
539 564 768 603 instituendo
791 578 837 602 ex
855 564 1015 615 abrupto
1038 569 1074 602 et
1093 564 1188 614 juris
1208 565 1340 602 ordine
1357 565 1615 616 praetermisso
1634 576 1722 614 pro-

188 625 314 672 cessit,
332 624 506 663 videlicet
523 622 720 661 auctentici
739 626 775 660 et
796 622 1043 660 ordinationis
1060 636 1148 660 suae
1165 623 1271 674 copia
1293 624 1472 674 denegata
1494 628 1530 661 et
1549 623 1595 660 de
1614 622 1722 659 bonis

187 682 362 721 ecclesiae
378 695 453 720 non
468 683 561 719 facta
576 681 819 732 inquisitione
835 681 1003 732 diligenti
1018 681 1075 718 vel
1091 681 1300 719 sufficienti.
1317 682 1472 719 Videtur
1485 682 1594 719 etiam
1613 680 1722 718 nobis

188 743 290 794 quod
304 755 372 794 per
383 738 660 779 ordinationem*
676 741 840 792 episcopi
862 740 1040 791 praedicti
1060 740 1106 778 de
1126 753 1223 777 novo
1242 741 1375 778 factam
1395 741 1433 778 in
1453 740 1604 778 ecclesia
1623 739 1722 776 divi-

188 814 260 838 nus
277 801 399 838 cultus
415 813 491 837 non
505 799 553 837 sit
565 803 825 850 augmentatus
840 798 903 836 sed
917 811 1031 850 quam
1045 798 1250 849 plurimum
1265 798 1484 836 diminutus.
1505 798 1544 835 ln
1560 810 1721 849 quorum

188 859 357 898 omnium
390 858 644 896 testimonium
672 861 707 895 et
736 858 928 895 munimen
958 857 1122 907 sigillum
1154 857 1262 894 villae
1292 862 1438 896 nostrae
1468 857 1723 908 praesentibus

188 919 366 957 duximus
385 917 662 970 apponendum.
681 918 838 963 Datum,
857 921 924 954 ete.

240 978 283 1015 ln
304 977 426 1028 sigillo
449 989 536 1014 vero
560 976 607 1013 de
627 988 704 1027 quo
718 989 831 1026 supra
846 975 888 1012 fit
909 975 1066 1021 mentio,
1081 975 1247 1026 sculptus
1265 979 1342 1012 crat
1358 974 1513 1026 quidam
1534 974 1675 1024 clipeus
1692 979 1726 1010 et

190 1036 230 1074 in
255 1036 379 1074 medio
405 1035 515 1086 clipei
541 1034 732 1086 quoddam
750 1038 929 1080 castrum,
954 1038 990 1071 et
1016 1034 1054 1070 in
1081 1034 1231 1071 dextera
1258 1039 1360 1085 parte
1386 1033 1494 1084 clipei
1523 1037 1558 1070 et
1578 1033 1725 1070 sinistra

188 1096 356 1146 sculptae
374 1099 480 1131 erant
497 1093 660 1131 duorum
679 1093 846 1130 virorum
868 1093 1060 1144 ymagines
1079 1093 1220 1130 dictum
1240 1093 1401 1143 clipeum
1421 1093 1646 1138 tenentium,
1665 1105 1727 1129 ac·

189 1153 474 1204 cinctorumque
491 1152 648 1204 singulis
666 1151 798 1202 gladiis
817 1155 852 1188 et
873 1151 910 1188 in
929 1151 1214 1188 circunferentia
1237 1151 1326 1188 dieti
1346 1151 1456 1201 sigilli
1476 1150 1565 1187 heae
1587 1150 1727 1187 litterae

189 1213 434 1264 legebantur:
455 1212 627 1263 Sigillum
651 1211 891 1249 scabinorum
917 1211 963 1248 de
989 1211 1212 1262 Ardenburg
1237 1210 1283 1248 ad
1305 1223 1433 1248 causas
1458 1215 1495 1247 et
1521 1210 1664 1260 negotia
1691 1214 1726 1246 et

190 1285 265 1309 non
282 1271 328 1308 ad
347 1274 568 1308 contractus.
590 1270 636 1307 Et
654 1269 692 1307 in
711 1269 974 1320 contra-sigillo
992 1269 1103 1320 sigilli
1123 1269 1239 1320 ipsius
1257 1269 1444 1320 sculptum
1469 1272 1548 1305 erat
1564 1271 1724 1304 castrum

189 1329 392 1381 quoddam,
402 1329 488 1366 etin
504 1328 765 1366 circunferenti
779 1328 869 1365 dicti
885 1328 996 1378 sigilli
1013 1327 1102 1364 heae
1116 1327 1258 1365 litterae
1271 1332 1376 1364 erant
1389 1326 1546 1377 scriptae
1562 1342 1568 1362 :
1584 1330 1728 1364 contra·

174 1389 353 1441 ,sigillum
369 1388 415 1426 de
428 1387 664 1437 Ardenburg.

899 1461 1022 1472 4.-

916 1593 991 1630 XC.

237 1713 357 1750 Lem-e
374 1711 418 1749 de
436 1710 664 1755 Guillaume,
691 1711 820 1761 eaeque
838 1709 1028 1747 d’Amiens
1039 1739 1051 1755 ,
1072 1710 1094 1746 ἀ
1120 1709 1253 1754 GiHes,
1273 1709 1493 1760 archa-eque
1509 1709 1553 1747 de
1565 1710 1673 1755 Sens,

564 1781 634 1806 sur
658 1768 707 1806 les
725 1767 910 1805 discordes
929 1768 991 1805 des
1010 1768 1144 1804 Freres
1162 1769 1339 1804 mineurs.

233 1963 459 2001 Reverendis
477 1963 647 2018 patribus
665 1962 704 1999 in
723 1961 870 1999 Christo
892 1974 934 1997 ac
959 1960 1122 1997 dominis
1146 1960 1222 1997 suis
1250 1959 1452 1996 karissimis
1478 1958 1630 1995 domino
1652 1957 1718 1993 Gi-

187 2021 282 2068 loni‚
300 2021 369 2059 Dei
387 2021 503 2072 gratia
522 2021 727 2058 Senonensi
746 2019 1046 2069 archiepiscop02
1065 2019 1221 2069 ejusque
1237 2018 1478 2068 suffragancis
1497 2016 1719 2054 Senonensis
1759 2023 1762 2027 ’

186 2081 400 2131 provinciae
430 2094 496 2131 per
521 2080 688 2117 eamdem
715 2079 870 2130 gratiam
894 2079 1078 2129 episcopis
1109 2077 1291 2114 universis
1317 2076 1363 2112 ad
1393 2088 1486 2126 quos
1513 2079 1719 2126 praesentes

185 2139 326 2176 litterae
339 2139 593 2190 pervenerint,
609 2139 668 2176 W.
684 2138 850 2188 ejusdem
865 2137 1100 2174 miseratione
1116 2134 1375 2174 Ambianensis
1389 2134 1600 2184 episcopus‚
1619 2133 1720 2170 salu-

186 2202 259 2235 tem
277 2202 312 2234 et
330 2211 416 2235 cum
431 2198 534 2235 omni
552 2197 754 2235 reverentia
773 2196 964 2233 ethonore
979 2194 1314 2246 promptitudinem
1330 2192 1469 2230 eisdem
1489 2192 1527 2229 in
1544 2191 1719 2229 omnihus

186 2255 453 2307 complacendi.

224 2353 233 2369 ¹
254 2353 407 2380 Guillaume
427 2354 459 2379 dc
482 2354 574 2380 Maean
602 2354 643 2380 fut
670 2353 770 2388 dvequc
790 2354 926 2380 d'Amicns
976 2353 1045 2379 donc
1067 2355 1142 2378 entre
1164 2351 1202 2378 les
1219 2350 1317 2377 annc'cs
1340 2349 1412 2376 ¹278
1435 2354 1461 2375 ct
1483 2349 1556 2376 ¹292
1580 2350 1644 2384 qu'il
1666 2349 1720 2375 saut

187 2400 219 2426 de
241 2399 314 2426 12⁷8
331 2399 346 2426 ὸ
368 2399 450 2427 ¹308.
469 2399 552 2426 Gilles
571 2400 674 2426 Cornut
691 2407 790 2435 occupa
811 2400 834 2425 lc
857 2398 927 2433 siege
978 2399 1068 2433 placer
1083 2398 1106 2424 la
1122 2397 1183 2423 date
1196 2396 1229 2422 de
1241 2404 1270 2423 ee
1285 2396 1435 2422 document.

188 2444 398 2481 archiepiscopo!
415 2446 448 2472 de
469 2445 559 2472 Reims
579 2445 612 2472 de
636 2445 709 2472 1275
722 2444 737 2472 a
761 2445 841 2471 1292.
860 2445 929 2471 C'oet
