2184 3074
732 316 893 354 CODEX
918 316 1160 356 DUNENSIS.
1633 318 1704 358 525

183 430 357 468 mandato
373 429 595 467 venerabilis
608 430 723 480 patris
736 430 878 467 domini
894 431 1015 468 fratris
1029 431 1073 468 M.
1091 432 1323 469 miseratione
1335 432 1462 470 divina
1475 433 1572 471 tituli
1586 433 1701 471 sancti

183 487 371 526 Laurentii
391 487 429 525 in
448 487 627 524 Damasco
646 488 838 538 presbiteri
858 489 1071 535 cardinalis,
1091 489 1206 540 ipsius
1224 490 1365 527 domini
1380 504 1497 542 papae
1509 491 1703 542 poeniten-

182 546 310 584 tiariae
326 558 452 592 curam
469 545 628 595 gerentis
638 574 647 590 ,
662 545 968 595 circunspectioni
984 551 1123 584 vestrae
1137 548 1401 586 committimus
1412 549 1586 599 quatinus
1599 554 1703 599 post-

182 616 296 655 quam
309 615 418 655 passo
430 603 605 653 injuriam
620 602 834 640 satisfecerit
847 609 1106 655 competenter,
1121 605 1241 656 ipsum
1257 606 1303 643 ab
1321 607 1702 644 excommunicatione

182 675 295 714 quam
320 665 472 713 propter
492 661 563 698 hoc
581 661 739 698 incurrit
754 666 790 699 et
806 675 956 700 excessu
978 663 1191 713 hujusmodi
1212 664 1318 713 juxta
1341 666 1495 703 sormam
1519 665 1701 703 Ecclesiae

182 719 396 766 absolvatis,
410 723 460 766 et,
478 719 707 773 considerata
731 719 926 769 diligenter
941 721 1049 772 culpa
1067 722 1198 772 ipsius,
1216 723 1417 773 injungatis
1434 723 1467 760 ei
1486 724 1701 762 auctoritate

182 778 369 830 praedicta
386 777 649 829 poenitentiam
669 777 877 815 salutarem.
896 779 1015 829 Super
1032 780 1296 830 irregularitate
1313 794 1400 818 vero
1412 795 1524 833 quam
1538 782 1591 820 sic
1608 783 1701 834 liga-

182 841 242 875 tus
259 849 298 875 se
314 836 451 874 divinis
469 836 599 875 officiis
618 835 860 873 immiscendo
878 838 1076 884 contraxit,
1091 843 1125 875 et
1138 839 1255 889 quod,
1271 844 1372 877 reatu
1392 840 1605 890 hujusmodi
1626 854 1700 879 non

181 895 370 942 obstante,
382 894 422 932 in
435 893 512 932 suis
526 893 734 931 ministrare
747 894 842 931 etad
856 895 1062 945 superiores
1079 896 1227 934 ordines
1245 897 1343 934 licite
1359 899 1567 948 promoveri
1587 900 1701 949 possit

182 964 268 989 cum
295 952 377 1003 ipso
408 952 697 990 misericorditer
724 951 953 1002 dispensetis.
982 954 1117 991 Datum
1149 955 1284 992 Romae
1313 968 1360 992 vn
1389 956 1562 994 kalendas
1595 957 1699 1002 maii,

182 1010 419 1061 pontificatus
436 1011 579 1048 domini
599 1010 766 1048 Nicholai
785 1024 901 1061 papae
917 1024 1015 1049 anno
1031 1013 1204 1049 secundo.

230 1069 304 1107 Nos
317 1073 440 1106 autem
460 1070 675 1106 mandatum
694 1068 796 1119 quod
811 1069 918 1106 nobis
931 1069 1112 1107 directum
1126 1070 1245 1107 extitit
1263 1084 1328 1120 per
1345 1071 1549 1119 praedictas
1564 1073 1701 1111 litteras

183 1132 365 1178 quantum
392 1128 463 1164 suit
488 1128 525 1165 in
552 1127 658 1164 nobis
683 1127 891 1164 executioni
917 1127 1061 1164 debitae
1087 1129 1309 1166 demandare
1335 1130 1701 1175 volentes,omnibus

182 1199 278 1236 quae
295 1186 341 1223 ad
355 1186 654 1223 commissionem
671 1185 886 1234 hujusmodi
907 1186 1013 1222 nobis
1029 1187 1158 1223 factam
1177 1187 1389 1237 spectabant
1403 1201 1465 1225 seu
1480 1189 1702 1228 videbantur

181 1249 360 1295 spectare,
387 1245 433 1282 de
454 1244 555 1294 jure,
580 1244 854 1282 communicato
879 1244 988 1281 etiam
1018 1245 1219 1294 peritorum
1248 1246 1416 1291 consilio,
1451 1246 1519 1284 rite
1544 1249 1649 1294 actis,
1670 1250 1699 1286 si

182 1303 603 1341 excommunicationem
631 1307 667 1340 et
696 1302 1000 1353 irregularitatem
1031 1303 1186 1340 incurrit
1210 1304 1371 1354 aliquam
1396 1318 1440 1342 ex
1466 1307 1702 1355 percussione

182 1361 383 1412 praedicta,
403 1361 525 1412 ipsum
548 1361 776 1398 absolvimus
802 1365 838 1398 et
858 1374 943 1397 cum
969 1375 1011 1398 eo
1037 1362 1252 1398 auctoritate
1276 1363 1474 1412 apostolica
1494 1364 1702 1402 misericor-

182 1419 278 1457 diter
290 1418 613 1469 dispensamus,‚et
625 1418 896 1456 absolutionem
911 1423 947 1456 et
963 1419 1273 1470 dispensationem
1289 1419 1502 1470 hujusmodi
1521 1421 1702 1459 universis

182 1482 219 1516 et
241 1477 417 1515 omnibus
447 1481 558 1528 atque
582 1477 739 1528 singulis
765 1477 993 1514 innotescere
1022 1478 1193 1515 volumus
1219 1478 1465 1528 praesentium
1494 1480 1701 1517 testimonio

182 1537 397 1574 litterarum.
419 1536 556 1573 Datum
584 1548 682 1572 anno
705 1535 856 1572 Domini
875 1535 926 1572 Μο
940 1536 1013 1572 CC⁰
1037 1540 1185 1580 octavo,
1208 1535 1393 1573 dominica
1416 1536 1509 1573 infra
1535 1541 1699 1574 octavam

183 1593 457 1644 Assumptionis
477 1593 638 1644 Virginis
653 1592 854 1630 Gloriosae.

898 1716 994 1726 «4ο-

843 1860 1060 1898 CCCLXIV.

510 1978 631 2015 Lettre
645 1978 688 2016 de
700 1977 1032 2016 recommandation
1043 1990 1143 2027 pour
1155 1990 1207 2014 un
1226 1978 1353 2014 moine.

230 2179 458 2227 Venerabili,
476 2185 557 2228 etc.,
575 2181 688 2218 frater
706 2209 816 2217 ......
845 2180 965 2217 dictus
982 2179 1096 2216 abbas
1116 2207 1244 2223 .......
1263 2178 1416 2214 salutem
1436 2189 1519 2215 cum
1539 2177 1702 2214 sincerae

166 2237 388 2288 „dilectionis
406 2237 540 2276 affectu
557 2243 594 2277 et
609 2239 792 2276 valentem
811 2238 857 2275 ad
876 2237 1000 2275 omnia
1019 2237 1202 2287 pietatem.

230 2295 486 2334 Exhibitorem
513 2297 759 2348 praesentium
783 2297 930 2333 fratrem
959 2294 1092 2340 Adam,
1114 2293 1356 2338 sacerdotem,
1384 2292 1545 2330 vaetruin
1572 2304 1702 2329 mona-

180 2354 291 2392 chum
307 2354 405 2405 apud
421 2367 488 2392 nos
502 2368 569 2406 per
580 2355 722 2406 aliquot
739 2359 883 2404 tempus
901 2353 1028 2403 digne,
1044 2351 1279 2389 laudabiliter
1291 2357 1327 2388 et
1340 2351 1493 2388 honeste
1506 2362 1702 2388 conversa-

181 2417 271 2458 tum,
283 2416 395 2463 quem
409 2412 518 2450 etiam
538 2417 663 2450 noster
672 2414 775 2449 favor
787 2417 823 2448 et
838 2411 953 2448 nostri
970 2415 1173 2447 conventus
1186 2410 1300 2460 gratia
1314 2409 1512 2446 comitatur
1523 2409 1702 2459 specialis,
