2184 3074
756 304 918 343 CODEX
945 305 1189 345 DUNENSlS.
1674 312 1739 348 167

933 469 1023 530 QlX.

203 588 436 626 Mandement
453 587 496 626 de
514 587 679 638 l'official
695 587 739 624 de
757 587 792 625 la
811 587 969 625 Morinie
988 588 1123 639 relatis
1137 589 1159 625 ἁ
1178 588 1215 626 la
1235 589 1326 627 leode
1345 590 1440 629 dela
1457 592 1555 630 (lime
1573 591 1738 631 biennale

702 645 870 683 accorde'e
888 658 936 683 au
956 647 1016 683 roi
1032 646 1076 684 de
1092 647 1247 684 France.

251 837 430 877 Officialis
453 839 674 878 Morinensis
692 841 969 879 venerabilibus
990 846 1026 879 et
1048 841 1216 879 discretis
1242 842 1331 880 viris
1354 843 1583 882 secularibus
1601 849 1636 881 et
1656 845 1742 882 reli-

201 895 315 945 giosis
344 896 486 944 electis,
511 897 726 946 abbatibus⁷
756 899 964 950 prioribus,
995 899 1163 946 decanis,
1190 901 1427 951 praepositis,
1455 902 1741 940 archidiaconis.

201 953 534 1006 archipresbyteris
551 961 586 994 et
603 957 685 994 aliis
699 957 936 995 ecclesiarum
958 958 1146 1008 praelatis,
1165 958 1356 1010 capitulis,
1375 960 1559 1011 collegiis,
1578 974 1741 999 conven-

202 1011 302 1050 tibus
327 1012 595 1060 Cisterciensis,
621 1014 892 1061 Cluniacensis‚
920 1015 1313 1060 praemonstratensis,
1338 1017 1460 1055 Sancti
1489 1018 1679 1056 Benedicti
1707 1024 1741 1057 et

201 1069 325 1108 Sancti
359 1071 581 1122 Augustini,
611 1072 874 1118 Cartusiensis,
906 1073 1252 1112 Grandimontensis
1286 1080 1322 1112 ct
1354 1075 1513 1113 aliorum
1542 1076 1737 1122 ordinum,

201 1139 347 1165 necnon
361 1129 552 1179 prioribus
561 1134 597 1167 et
606 1131 909 1182 praeceptoribus
923 1145 965 1169 ac
981 1133 1164 1183 magistris
1177 1133 1417 1184 hospitalium
1429 1135 1544 1171 sancti
1558 1134 1740 1173 Johannis

199 1185 534 1234 Jherosolimitani‚
549 1189 748 1226 domorum
768 1190 923 1227 militiae
943 1190 1108 1242 Templi,
1126 1192 1355 1242 coeterisque
1374 1193 1550 1230 omnibus
1573 1194 1739 1244 personis

201 1244 472 1292 ecclesiasticis,
492 1247 726 1298 regularibus
739 1252 775 1285 et
792 1249 1038 1295 secularibus,
1052 1250 1232 1300 exemptis
1246 1254 1282 1287 et
1296 1263 1370 1287 non
1384 1251 1580 1301 exemptis,
1599 1251 1637 1287 in
1656 1251 1739 1287 civi·

202 1307 275 1340 tate
292 1308 328 1341 et
345 1304 716 1354 dyocesi'Morinensi
738 1307 948 1345 constitutis
960 1337 969 1354 ‚
985 1309 1141 1346 salutem
1161 1309 1199 1346 in
1218 1309 1391 1346 Domino.

249 1362 365 1402 Vobis
384 1369 421 1401 et
437 1369 601 1403 vestrum
622 1366 778 1417 singulis
799 1371 926 1404 tenore
944 1368 1194 1418 praesentium
1214 1368 1448 1406 notificamus
1471 1374 1506 1406 et
1525 1369 1737 1406 intimamus

199 1421 302 1472 quod
317 1421 376 1459 vir
388 1423 611 1462 venerabilis
625 1429 661 1462 et
673 1425 854 1462 discretus
871 1426 1044 1476 magister
1056 1426 1103 1463 de
1119 1426 1294 1470 Gisortio,
1313 1426 1595 1464 archidiaconus
1614 1427 1740 1477 Algiae

201 1479 239 1518 in
263 1481 416 1518 ecclesia
435 1481 667 1531 Lexoviensi,
685 1483 865 1535 generalis
878 1484 1054 1521 collector
1067 1484 1233 1521 decimae
1247 1484 1431 1522 biennalis
1446 1485 1636 1522 Remensis
1650 1497 1739 1535 pro-

199 1538 344 1576 vinciae
365 1539 412 1577 ab
434 1540 647 1591 Apostolica
673 1541 768 1578 Sede
791 1542 1100 1580 excellentissimo
1122 1542 1282 1593 principi
1307 1543 1461 1580 domino
1479 1543 1654 1594 Philippo
1672 1543 1737 1580 Dei

199 1597 316 1647 gratia
334 1598 410 1648 regi
425 1598 654 1636 Francorum
674 1599 826 1644 illustri,
844 1613 1055 1646 concessae,
1076 1601 1294 1638 auctoritate
1311 1602 1510 1652 apostolica
1530 1601 1738 1652 deputatus,

201 1668 300 1693 anno
313 1656 466 1695 Domini
481 1657 532 1695 Μο
545 1658 648 1695 CCCo
661 1663 782 1705 sexto,
799 1659 889 1696 feria
903 1664 1034 1710 quarta
1052 1664 1136 1710 post
1151 1660 1377 1697 dominicam
1398 1660 1435 1696 in
1455 1660 1580 1698 Ramis
1597 1659 1739 1696 Palma-

198 1727 284 1753 rum
304 1715 342 1753 in
360 1717 566 1767 praesentia
586 1717 770 1755 Iohannis
793 1718 840 1755 de
859 1718 1017 1755 Saliceto
1039 1724 1075 1756 et
1094 1719 1190 1756 Petri
1209 1719 1255 1756 de
1280 1719 1389 1765 Hem,
1408 1719 1626 1756 clericorum
1647 1718 1740 1755 lide—

199 1772 293 1811 lium
320 1774 444 1812 curiae
471 1775 707 1822 Morinensis‚
739 1776 971 1814 notariorum
994 1777 1206 1826 juratorum
1235 1777 1281 1814 ad
1313 1777 1384 1814 hoc
1414 1781 1630 1813 vocatorum
1656 1782 1690 1813 et
1718 1789 1736 1812 a

200 1831 310 1869 nobis
329 1831 591 1883 deputatorum
616 1834 824 1885 specialiter
841 1839 877 1871 et
894 1835 1092 1872 missorum
1112 1848 1178 1886 per
1191 1848 1275 1872 suas
1294 1840 1458 1886 patentes
1477 1835 1629 1880 litteras,
1647 1848 1738 1885 quas

200 1889 288 1927 fecit
300 1890 340 1927 in
353 1891 556 1930 cathedrali
571 1893 723 1931 eeclesia
739 1893 938 1931 Morinensi
954 1893 992 1931 in
1011 1894 1125 1931 choro
1145 1894 1262 1945 ipsius
1279 1894 1452 1931 ecclesiae
1472 1894 1540 1944 legi
1560 1899 1592 1930 et
1613 1894 1739 1944 publi-

201 1947 294 1995 cari,
319 1949 575 2000 sollempniter
594 1951 741 1988 monuit
765 1952 835 1989 sub
857 1965 976 2002 poena
1003 1953 1257 2003 suspensionis
1278 1953 1325 1989 ab
1348 1953 1514 2003 ingressu
1540 1952 1736 1995 Ecclesiae,

203 2007 598 2046 excommunicationis
625 2014 661 2046 et
686 2009 890 2056 interdicti,
908 2024 1001 2061 quas
1023 2011 1062 2048 in
1082 2011 1158 2048 suis
1183 2011 1329 2048 casibus
1356 2011 1439 2047 tulit
1469 2011 1505 2047 in
1533 2010 1678 2060 scriptis
1701 2015 1734 2046 et

203 2064 412 2114 specialiter
429 2066 466 2103 in
487 2067 617 2106 litteris
633 2068 828 2106 antedictis
843 2069 880 2106 in
894 2069 976 2107 illas
990 2083 1166 2120 personas
1184 2069 1444 2106 ecclesiasticas
1461 2082 1556 2118 quae
1570 2068 1646 2105 suis
1661 2081 1733 2105 non

202 2122 396 2172 paruerint
409 2124 560 2163 monitis
575 2131 611 2163 et
623 2126 823 2172 mandatis,
837 2127 1028 2165 universas
1043 2140 1218 2178 personas
1232 2127 1493 2165 ecclesiasticas
1507 2126 1688 2163 seculares
1701 2133 1735 2163 et

203 2179 402 2231 religiosas,
417 2187 604 2234 exemptas
619 2189 654 2221 et
667 2198 741 2222 non
756 2190 956 2235 exemptas,
971 2198 1115 2222 necnon
1131 2185 1302 2235 capitula„
1317 2185 1469 2234 collegia
1484 2189 1518 2220 et
1533 2189 1736 2221 conventus

203 2235 361 2276 civitatis
378 2244 417 2276 *et
440 2241 609 2290 dyocesis
636 2243 875 2289 Morinensis7
902 2243 1158 2294 cujuscudque
1187 2243 1430 2289 conditionis,
1460 2242 1650 2292 dignitatis
1675 2248 1737 2278 aut

202 2300 317 2332 status
336 2301 370 2333 et
389 2298 578 2348 religionis
597 2300 774 2348 existant,
793 2302 895 2352 quod
915 2302 1057 2339 solvant
1079 2302 1260 2338 decimam
1283 2301 1492 2338 biennalem
1511 2300 1734 2351 praedictam

203 2353 242 2390 in
263 2359 425 2404 quatuor
445 2357 611 2395 terminis
630 2358 874 2409 infrascriptis
889 2360 1056 2410 personis
1071 2359 1115 2396 ad
1131 2359 1267 2396 dictam
1287 2359 1468 2396 decimam
1488 2358 1734 2408 recipiendam

204 2426 271 2464 per
284 2413 407 2464 ipsum
423 2415 461 2452 in
477 2416 623 2454 civitate
637 2422 672 2454 et
686 2417 835 2467 dyocesi
851 2419 1050 2456 Morinensi
1069 2418 1254 2469 deputatis
1270 2418 1326 2454 vel
1346 2417 1567 2467 deputandis
1587 2432 1594 2452 ε
1615 2417 1735 2467 primo
