2184 3074
730 298 888 337 CODEX
924 297 1162 336 DUNENSIS.
1638 295 1710 332 455

183 419 310 457 divina
339 418 556 469 dignabitur
585 416 778 468 clementia
803 414 966 466 operari,
986 414 1034 451 ita
1057 412 1178 464 quod,
1205 425 1290 450 cum
1308 412 1434 450 obitus
1460 415 1580 450 vester
1601 411 1710 450 nobis

182 476 344 515 extiterit
361 475 570 522 nuntiatus,
584 473 824 512 absolvemini
840 473 878 513 in
899 471 1061 523 capitulo
1081 475 1228 518 nostro,
1242 470 1339 507 sicut
1357 483 1454 508 unus
1469 483 1515 507 ex
1530 470 1656 516 nobis,
1674 476 1711 508 et

185 535 401 586 injungetur
417 533 556 571 ibidem
587 546 652 584 pro
676 531 784 569 vobis
808 530 991 582 quicquid
1010 542 1078 580 pro
1096 529 1271 566 fratribus
1290 528 1424 566 nostris
1442 528 1708 566 decedentibus

185 593 329 644 injungi
348 591 555 644 specialiter
572 590 776 629 consuevit.

890 705 991 716 rw

862 858 1047 895 CCCXIII.

187 979 308 1016 Lettre
320 978 371 1015 du
388 978 561 1016 cardinal
574 977 722 1015 Nicolas
742 977 786 1015 de
800 978 993 1015 Fra'uville
1013 978 1162 1015 relative
1183 978 1205 1014 ἀ
1225 991 1294 1014 une
1312 977 1501 1015 assemblee
1518 978 1716 1029 convoquee

493 1036 516 1073 ἁ
532 1037 657 1073 Arras
671 1048 771 1085 pom·
789 1035 839 1074 les
854 1036 1006 1085 affaires
1023 1036 1066 1073 de
1087 1035 1123 1073 la
1145 1036 1406 1073 Terre-Sainee.

239 1249 367 1286 Frater
389 1250 606 1296 Nicholaus,
633 1251 886 1288 misericordia
910 1251 1035 1288 divina
1064 1251 1188 1288 Sancti
1214 1250 1363 1288 Eusebii
1388 1250 1571 1301 presbiter
1596 1248 1719 1286 cardi-

195 1307 305 1354 nalis,
321 1308 675 1359 ApostolicaeSedis
694 1309 848 1346 nuntius
867 1309 912 1346 ad
932 1322 1088 1360 regnum
1115 1309 1291 1346 Franciae
1316 1322 1386 1360 pro
1414 1308 1570 1360 negotiis
1587 1309 1719 1345 Terrae

193 1365 346 1403 Sanctae
364 1366 582 1413 destinatus,
600 1367 748 1404 olliciali
767 1367 991 1405 Tornacensi
1010 1368 1165 1405 salutem
1184 1368 1221 1404 in
1239 1367 1414 1404 Domino.

258 1423 351 1461 Cum
371 1437 439 1475 pro
457 1425 684 1476 exequendis
703 1426 859 1476 negotiis
877 1439 896 1463 a
915 1426 1012 1463 dicta
1032 1426 1125 1464 Sede
1145 1426 1252 1463 nobis
1272 1426 1478 1462 commissis
1496 1425 1594 1476 apud
1616 1425 1723 1461 Atre-

193 1483 321 1520 batum
341 1483 379 1520 in
395 1484 486 1521 sesto
500 1484 632 1522 Beatae
650 1485 784 1522 Mariae
802 1485 1037 1536 Magdalenae
1055 1485 1254 1522 debeamus
1274 1484 1516 1536 personaliter
1533 1484 1722 1526 interesse,

192 1546 228 1579 et
245 1546 334 1579 tunc
351 1542 555 1592 proborum
580 1556 623 1580 ac
645 1543 872 1594 prudentum
894 1544 1099 1595 praesentia
1119 1544 1349 1594 indigeamus
1368 1543 1540 1588 omnino,
1561 1541 1723 1579 auctori-

193 1603 266 1637 tate
283 1601 481 1651 apostolica
506 1601 543 1638 in
563 1601 632 1639 hac
650 1606 753 1653 parte
771 1602 880 1640 nobis
905 1616 1076 1640 concessa
1103 1603 1173 1640 sub
1191 1601 1587 1639 excommunicationis
1606 1613 1723 1651 poena

192 1657 299 1695 vobis
318 1658 581 1710 praecipiendo
599 1660 819 1698 mandamus
837 1666 1022 1712 quatenus
1046 1674 1175 1698 omnes
1196 1661 1366 1706 abbates,
1385 1660 1546 1711 priores,
1566 1672 1725 1710 praepo·

193 1717 284 1754 sitos
299 1722 336 1754 et
351 1717 512 1756 decanos
527 1720 854 1767 monasteriorum,
871 1721 1106 1771 prioratuum
1124 1725 1159 1757 et
1176 1720 1413 1757 ecclesiarum
1432 1718 1724 1768 collegiatarum.

193 1788 338 1813 necnon
360 1781 396 1813 et
419 1776 577 1815 decanos
605 1777 913 1816 christianitatum
936 1779 1013 1817 sive
1034 1779 1174 1816 rurales
1194 1779 1231 1815 in
1250 1778 1396 1815 civitate
1413 1782 1448 1814 et
1465 1776 1614 1827 dyocesi
1633 1776 1726 1813 Tor-

195 1835 342 1873 nacensi
365 1835 584 1874 constitutos
607 1836 794 1887 praedicta
813 1837 1030 1874 auctoritate
1057 1851 1123 1888 per
1146 1850 1209 1874 vos
1224 1837 1281 1874 vel
1297 1837 1410 1873 alium
1428 1850 1490 1873 seu
1505 1835 1595 1872 alios
1609 1836 1726 1873 citetis

196 1893 442 1944 peremptorie
458 1898 494 1930 et
511 1894 732 1932 nominatim
750 1900 792 1932 ut
805 1895 913 1932 dictis
930 1896 991 1932 die
1006 1900 1041 1932 et
1060 1896 1141 1932 Ioco
1159 1909 1197 1932 se
1216 1908 1340 1932 coram
1361 1895 1468 1932 nobis
1487 1893 1728 1944 personaliter

196 1955 468 2001 repraesentent
492 1952 656 1990 audituri
682 1958 718 1990 et
744 1953 874 1991 facturi
904 1959 1000 2005 quae
1029 1967 1097 2004 pro
1125 1953 1381 2004 prosecutione
1403 1953 1586 1989 dictorum
1615 1964 1729 2002 nego-

196 2009 333 2046 tiorum
352 2010 403 2047 eis
420 2010 638 2048 duxerimus
664 2012 908 2063 injungenda,
932 2013 1188 2063 significantes
1209 2012 1346 2049 eisdem
1366 2011 1467 2062 quod
1487 2011 1515 2047 si
1535 2010 1643 2047 dietis
1669 2010 1730 2046 die

194 2072 231 2105 et
247 2068 329 2106 loco
343 2082 466 2106 coram
490 2070 598 2107 nobis
617 2083 692 2108 non
711 2071 1005 2122 comparuerint,
1031 2084 1180 2108 exnunc
1200 2075 1311 2121 prout
1332 2075 1470 2107 extunc
1495 2070 1532 2106 in
1560 2082 1621 2106 eos
1645 2081 1730 2105 sen-

196 2127 346 2165 tentiam
369 2130 760 2167 excommunicationis
787 2131 941 2167 serimus
965 2130 1003 2167 in
1025 2130 1096 2167 hiis
1115 2130 1273 2180 scriptis.
1301 2130 1345 2166 Et
1366 2129 1412 2165 ad
1437 2142 1547 2165 omne
1571 2128 1729 2165 dubium

198 2186 465 2223 removendum
488 2187 625 2225 litteras
650 2188 766 2239 regias
793 2193 957 2240 patentes
982 2202 1095 2239 super
1119 2187 1335 2225 omnimoda
1358 2187 1554 2224 securitate
1577 2186 1732 2242 venien-

198 2245 292 2283 tium
307 2245 353 2282 ad
371 2258 438 2283 nos
458 2246 564 2284 vobis
583 2247 785 2294 mittimus,
799 2261 891 2299 quas
905 2247 1029 2284 'citatis
1049 2260 1068 2283 a
1088 2247 1215 2292 nobis,
1230 2251 1271 2283 ut
1289 2245 1548 2297 praemittitur,
1566 2245 1732 2296 poteritis

201 2304 394 2342 ostendere
410 2308 447 2341 et
470 2304 522 2342 eis
541 2305 611 2342 sub
629 2305 751 2356 sigillo
769 2310 890 2343 vestro
909 2305 1054 2356 copiam
1076 2306 1210 2351 facere,
1231 2305 1260 2342 si
1281 2304 1351 2342 sibi
1370 2303 1531 2340 viderint
1547 2303 1731 2354 expedire.

202 2362 277 2400 Nos
297 2362 407 2399 etiam
426 2375 554 2401 omnes
576 2364 630 2401 sic
652 2364 698 2401 ad
723 2377 790 2402 nos
813 2365 1002 2402 venientes
1024 2377 1172 2402 securos
1194 2377 1338 2402 servare
1356 2363 1608 2414 promittimus
1634 2364 1731 2401 bona
