2184 3074
413 286 470 309 xv1
987 269 1350 308 INTRODUCTION
1356 299 1363 306 .

415 390 521 428 1299.
540 389 721 440 Lorsqu’il
735 387 913 424 adressait
926 400 973 423 au
986 387 1041 424 roi
1057 387 1103 423 de
1122 387 1262 424 France
1278 387 1436 424 d’autres
1454 388 1664 438 reproches,
1681 390 1776 428 ainsi
1790 403 1947 437 coneus:

417 459 597 496 Ecclesias
614 463 647 494 et
665 457 920 494 ecclesiasticas
935 468 1114 504 personas
1133 457 1324 505 opprimis.
1342 484 1362 500 .,
1381 456 1542 494 decimas
1565 457 1652 507 fieri
1669 458 1778 508 facis,
1805 460 1886 498 licet
1910 462 1948 500 in

416 527 566 564 clericos
586 526 694 563 nulla
715 527 763 562 sit
785 525 888 562 laicis
914 524 1092 561 attributa
1115 530 1327 574 potestas...,
1355 525 1618 563 ecclesiasticae
1638 539 1819 576 personae
1844 520 1955 579 quasi

415 594 482 632 sub
493 593 790 644 juyo‘servitulis
806 597 1090 642 premuntur...,
1111 593 1278 629 ecclesiae
1300 605 1403 629 nunc
1419 593 1541 643 factae
1562 599 1652 631 sunt
1667 594 1736 632 sub
1755 595 1907 642 tributo,
1927 596 1953 633 ἰΙ

417 661 664 712 reproduiSait
684 673 783 698 assez
803 664 1034 697 exactement
1051 660 1103 696 les
1123 664 1256 697 termes
1275 662 1415 697 memes
1438 658 1559 698 decet
1575 665 1680 699 autre
1706 667 1786 700 acte
1810 663 1953 714 d'appel

417 730 482 779 qui
501 729 598 766 avait
614 731 671 766 ete
689 727 829 765 soumis
846 740 893 764 au
912 727 1010 777 siege
1027 727 1220 777 pontifical
1241 740 1308 777 par
1326 727 1460 765 l’ordre
1478 728 1524 765 de
1542 729 1708 767 Citeaux.

465 797 516 833 La
534 795 692 834 seconde
706 795 819 841 bulle,
839 793 890 830 du
909 794 932 831 ὅ
950 793 1148 830 decembre
1166 794 1274 841 1501,
1295 794 1436 831 semble
1454 796 1626 846 rappeler
1643 797 1678 834 la
1697 797 1851 835 mission
1871 799 1956 849 plus

419 864 583 901 modeste
603 875 677 912 que
697 861 875 898 Boniface
899 860 981 898 VIII
1001 861 1226 911 rempliSsait
1245 874 1293 901 au
1318 874 1407 899 nom
1425 862 1490 899 des
1512 875 1730 902 communes
1754 865 1957 904 flamandes

417 936 527 969 avant
545 944 612 968 son
632 929 834 967 exaltation
861 942 909 966 au
932 931 1040 966 treme
1064 929 1256 979 pontificu!
1278 945 1286 967 :
1311 931 1409 968 Ante
1429 933 1697 980 promotionem
1722 938 1891 972 nostram
1908 935 1959 973 ad

415 1002 552 1039 summi
561 1000 783 1050 apostolatus
798 999 972 1049 officium,
981 999 1073 1036 dum
1087 999 1210 1037 adhuc
1223 1011 1289 1036 nos
1304 1001 1429 1037 minor
1440 1006 1559 1038 status
1573 1001 1732 1047 haberet,
1742 1002 1859 1040 multa
1870 1009 1961 1041 sunt

416 1075 579 1107 reserata
595 1068 667 1118 fide
680 1068 808 1118 diona,
828 1068 1027 1104 assertione
1044 1067 1262 1113 multorum,
1281 1080 1395 1117 super
1412 1069 1567 1118 injuriis
1581 1075 1690 1120 atque
1702 1061 1853 1108 damnis
1865 1084 1959 1122 quae

415 1152 484 1189 per
499 1138 720 1187 Philippum
738 1149 860 1188 reqem
877 1137 1114 1175 Francorum
1131 1137 1387 1187 multipliciter
1404 1138 1636 1188 inferuntur.

466 1208 624 1257 Jacques
643 1207 689 1244 de
703 1206 933 1252 Normanno,
947 1206 1179 1244 archidiacre
1195 1207 1242 1244 de
1258 1207 1471 1255 Nat-bonne,
1485 1209 1505 1245 ὲ
1523 1209 1589 1259 qui
1604 1222 1664 1247 ces
1676 1210 1798 1248 bulles
1815 1211 1961 1249 avaient

419 1278 475 1314 ete
495 1276 664 1322 remises,
685 1279 790 1321 reout
811 1275 945 1312 l’ordre
963 1275 1010 1312 de
1028 1275 1169 1325 quitter
1195 1276 1229 1312 la
1253 1276 1410 1322 France,
1429 1281 1466 1314 et
1484 1277 1518 1314 la
1547 1277 1650 1315 bulle
1674 1293 1682 1315 ε
1701 1279 1887 1317 Ausculta
1903 1279 1964 1331 fili

419 1347 475 1384 fut
491 1346 778 1397 publiquement
803 1346 932 1397 brfilee
949 1359 1017 1396 par
1035 1347 1175 1395 -l’ordre
1197 1347 1248 1384 du
1268 1348 1342 1393 roi,
1361 1348 1394 1384 18
1417 1348 1616 1387 dimanche
1636 1349 1675 1385 11
1706 1349 1843 1387 sevrier
1865 1350 1955 1388 1501

418 1418 467 1465 (v.
485 1417 545 1464 st.)
564 1419 584 1451 ¹.

469 1484 645 1521 Boniface
663 1484 744 1522 VIII
764 1485 859 1522 avait
885 1488 1081 1536 convoque
1106 1499 1158 1522 un
1177 1486 1320 1523 concile
1343 1487 1364 1524 ὲ
1382 1487 1501 1525 Rome
1522 1499 1596 1524 aux
1614 1488 1705 1524 fetes
1724 1487 1771 1524 de
1790 1487 1823 1524 Ia
1840 1487 1961 1526 Tous·

419 1554 515 1591 saint
533 1554 639 1591 1502.
659 1554 796 1605 Malgre
821 1555 874 1592 les
899 1567 1068 1592 monacos
1091 1555 1137 1592 de
1161 1555 1334 1607 Philippo
1358 1556 1392 1594 le
1417 1556 1503 1603 Bel,
1529 1569 1579 1594 on
1601 1569 1627 1606 y
1644 1556 1699 1593 vit
1716 1556 1767 1594 les
1785 1556 1962 1594 archev&-

419 1635 511 1673 ques
525 1622 571 1659 de
587 1622 723 1668 Tours,
741 1622 788 1659 de
806 1622 1019 1670 Bordeaux,
1034 1623 1081 1660 de
1100 1623 1266 1674 Bourges
1284 1627 1321 1661 et
1337 1624 1498 1670 d'Auch,
1517 1624 1569 1661 les
1587 1625 1746 1674 eveques
1763 1623 1962 1678 d’Angers,

421 1691 467 1727 de
479 1690 633 1736 Nantes,
656 1690 703 1726 de
721 1690 886 1735 vannes,
906 1690 952 1727 de
971 1691 1138 1738 Rennes,
1156 1691 1203 1728 de
1220 1691 1418 1742 Quimper,
1437 1691 1484 1728 de
1502 1691 1621 1738 Leon,
1640 1691 1687 1728 (18
1699 1691 1896 1743 TreguIer,
1917 1692 1964 1729 de

423 1758 701 1803 Saint-Brieuc,
714 1758 761 1794 de
774 1758 960 1795 Toulouse
971 1788 981 1805 ,
996 1759 1042 1795 de
1056 1758 1220 1796 Pamiers
1231 1788 1240 1806 ,
1255 1759 1301 1796 de
1315 1759 1542 1810 Perigueux,
1558 1759 1604 1796 (18
1618 1759 1777 1807 Saintes,
1791 1760 1838 1796 de
1851 1760 1964 1798 Com-

422 1829 582 1879 minges,
600 1828 646 1864 (18
664 1827 835 1874 Rhodez,
853 1827 1009 1879 d’Agde,
1031 1827 1078 1864 de
1097 1828 1250 1873 Lesoar,
1269 1828 1316 1866 de
1334 1829 1530 1876 Lectoure,
1549 1827 1747 1875 d’Olor-on,
1761 1828 1900 1876 d'Aire,
1917 1829 1964 1867 de

422 1898 568 1944 Mende,
593 1897 638 1934 (18
663 1897 803 1944 Nimes,
828 1897 875 1934 de
902 1898 1142 1945 carcassona,
1164 1898 1210 1935 de
1232 1898 1363 1945 Bazas,
1394 1899 1445 1936 du
1470 1899 1570 1949 Puy,
1589 1898 1768 1944 d’Autun,
1792 1898 1839 1935 de
1864 1898 1963 1936 Cho-

423 1965 735 2011 lons-sur-Saone,
765 1964 812 2001 de
848 1964 993 2011 Mecon,
1029 1965 1179 2016 d'Alby,
1212 1965 1339 2014 d'AIx,
1371 1966 1418 2004 de
1451 1967 1655 2013 Clermont,
1688 1966 1740 2003 les
1771 1965 1885 2004 abbes
1917 1965 1964 2004 de

424 2032 592 2078 Citeaux,
614 2031 660 2068 de
680 2031 820 2082 Cluny,
842 2032 888 2070 de
906 2032 1124 2070 Promontre
1139 2063 1147 2079 ,
1174 2033 1220 2070 de
1246 2033 1523 2081 Marmoutiers,
1549 2033 1597 2070 de
1615 2033 1792 2071 Beaulieu
1810 2037 1847 2070 et
1864 2033 1911 2070 de
1928 2033 1963 2070 Ia

421 2100 679 2137 Chaise-Dieu.

475 2167 523 2204 Le
544 2167 587 2204 21
611 2168 775 2215 octobre,
803 2169 836 2206 18
853 2169 908 2206 roi
934 2170 981 2207 de
1006 2170 1147 2208 Franco
1165 2170 1290 2208 donna
1315 2172 1335 2207 ὲ
1353 2183 1410 2214 ses
1436 2170 1561 2209 baillis
1579 2171 1713 2208 l'ordre
1740 2170 1786 2208 de
1802 2171 1963 2222 prendre

426 2235 632 2286 possession
650 2236 714 2274 des
732 2237 839 2274 biens
857 2237 922 2275 des
940 2239 1078 2289 prelats
1097 2243 1133 2276 et
1150 2239 1215 2277 des
1233 2239 1346 2277 abbes
1365 2239 1430 2290 qui
1450 2240 1614 2277 s'etaient
1630 2239 1770 2277 rendus
1787 2239 1808 2276 ὲ
1826 2239 1961 2284 Rome,

463 2387 471 2402 ¹
486 2386 576 2421 Voyez
589 2386 654 2412 dans
665 2394 694 2412 oe
707 2386 813 2413 volume
824 2395 860 2413 un
874 2388 1018 2414 document
1028 2388 1120 2415 relatis
1128 2387 1142 2415 ὲ
1156 2389 1270 2424 Jaeques
1284 2389 1316 2415 (18
1327 2389 1489 2416 Normanno.
1505 2389 1525 2416 11
1541 2393 1617 2424 porte
1630 2389 1655 2415 18
1666 2394 1696 2415 n⁰
1709 2387 1773 2414 193.
