2184 3074
0 2235 7 2325 ᾼ.--....--

0 2590 11 2690 *JV-'222⁴
5 2547 10 2566 ,ψ
5 2533 8 2538 -
0 2482 5 2494 Ὗ

727 300 890 340 conEx
916 301 1160 341 DUNENSIS.
1637 304 1709 342 409

180 432 267 466 nee,
294 419 399 456 nullo
422 418 529 465 dolo,
546 418 601 465 vi,
626 418 816 456 coactione
837 418 896 455 vel
922 422 1022 455 metu
1046 418 1218 464 inducta,
1241 422 1283 455 ut
1303 418 1478 464 asseruit,
1497 418 1638 469 juravit
1661 418 1708 455 de

180 490 361 515 consensu
381 505 503 515 .....
522 475 645 515 mariti
662 476 737 522 sui,
755 489 793 513 se
811 488 1004 526 nunquam
1023 475 1062 513 in
1081 476 1265 522 futurum,
1282 489 1348 527 per
1363 489 1402 513 se
1417 476 1473 513 vel
1492 490 1559 526 per
1575 476 1708 522 alium,

180 535 322 586 aliquid
336 535 433 585 juris
450 534 730 572 reclamaturum
750 533 789 571 in
803 534 902 571 dieto
916 534 1024 571 feodo
1038 534 1180 572 ratione
1192 534 1305 580 dotis,
1319 534 1494 581 dotalitii,
1509 535 1566 572 vel
1581 535 1704 586 aliqua

179 594 250 632 alia
273 594 415 631 ratione
432 605 528 644 quae
551 592 751 642 excogitari
775 596 914 643 posset,
933 592 1048 629 immo
1066 591 1208 629 dictum
1236 592 1386 630 feodum
1414 593 1483 643 ipsi
1491 622 1493 624 .
1510 593 1706 643 magistro,

179 653 256 691 suis
279 651 481 690 ⁴heredibus
507 651 563 688 vel
581 663 760 702 personae
776 664 888 701 quam
908 651 1136 697 nominabit,
1154 656 1196 688 ut
1212 651 1443 702 praedictum
1470 656 1542 698 est,
1559 656 1595 689 et
1616 652 1705 702 ipsis

179 706 378 749 heredibus
403 710 502 747 bona
528 709 602 747 fide
626 709 882 760 garandizabit
912 714 1040 747 contra
1067 722 1335 761 quoscunque,
1360 710 1609 747 renuntiando
1639 724 1706 749 ex-

181 777 304 821 presse
331 768 434 806 omni
460 767 669 819 exceptioni
691 767 781 814 sori,
798 767 874 805 doli
898 767 1004 814 mali,
1022 780 1098 805 non
1124 773 1336 806 numeratae
1362 769 1540 819 pecuniae
1567 774 1604 806 et
1630 780 1704 806 non

179 827 291 866 soluti
317 827 407 877 justi
438 826 565 877 pretii,
597 838 742 863 necnon
767 825 870 863 omni
897 826 1036 863 auxilio
1059 826 1155 876 juris
1181 827 1350 864 canonici
1377 831 1414 864 et
1438 827 1576 871 civilis,
1602 828 1705 865 omni

179 890 316 924 statuto
341 884 599 935 cujuscunque
624 884 815 930 territorii,
843 884 1038 935 municipii
1066 885 1123 922 vel
1149 885 1288 931 curiae,
1314 890 1350 922 et
1375 885 1634 922 consuetudini
1661 899 1704 923 ac

180 944 509 983 constitutionibus
532 948 606 981 tam
630 943 735 981 novis
756 957 869 994 quam
892 943 1078 981 veteribus
1097 943 1135 981 in
1154 944 1320 981 futurum
1346 945 1643 994 promulgandis,
1669 950 1705 982 et

179 1002 330 1040 caeteris
343 1001 519 1039 omnibus
532 1006 569 1039 et
580 1001 736 1052 singulis
749 1015 845 1052 quae
858 1006 986 1039 contra
1001 1015 1172 1052 praesens
1192 1002 1479 1039 instrumentum
1494 1003 1550 1039 vel
1566 1003 1702 1039 sactum

179 1070 280 1100 mon
296 1064 511 1098 contentum
529 1063 680 1125 possent
700 1059 798 1098 obici
825 1060 882 1097 vel
908 1060 1084 1110 proponi,
1098 1064 1134 1096 et
1156 1073 1251 1110 quac
1275 1059 1384 1097 dictis
1404 1060 1538 1097 Lentae
1561 1065 1675 1097 et....
1693 1090 1701 1097 .

178 1116 317 1157 ωιῆία
328 1118 408 1168 ejus
430 1131 472 1155 ac
489 1117 564 1155 suis
583 1117 782 1155 heredibus
799 1117 846 1154 ad
863 1117 1089 1154 veniendum
1107 1122 1234 1154 contra
1253 1118 1453 1168 praemissa
1475 1119 1531 1155 vel
1551 1119 1703 1170 aliquod

179 1176 464 1226 praemissorum
488 1177 566 1214 ullo
592 1189 758 1226 unquam
778 1181 944 1227 tempore
960 1177 1017 1214 vel
1034 1177 1146 1214 modo
1169 1181 1319 1227 possent
1341 1176 1515 1227 prodesse
1538 1182 1574 1214 et
1597 1191 1704 1228 prae-

178 1234 278 1272 dicto
295 1235 469 1285 magistro
485 1235 532 1272 AE
535 1263 684 1271 ......
704 1263 714 1281 ,
739 1234 816 1272 suis
842 1234 1042 1272 heredibus
1063 1235 1120 1271 vel
1143 1247 1321 1285 personae
1344 1248 1457 1285 quam
1484 1235 1703 1278 nominabit,

178 1293 329 1342 suisque
347 1292 547 1330 heredibus
568 1293 708 1330 obesse.
732 1293 774 1330 ln
794 1306 955 1343 quorum
981 1293 1150 1331 omnium
1177 1293 1430 1330 testimonium
1453 1299 1489 1330 et
1510 1294 1702 1332 munimen

178 1356 214 1388 et
230 1351 269 1388 in
286 1352 434 1402 signum
455 1351 534 1402 ejus
552 1351 654 1402 quod
673 1352 872 1402 praemissa
889 1352 1015 1389 omnia
1033 1356 1069 1390 et
1086 1352 1230 1402 singula
1259 1352 1420 1402 legitime
1444 1357 1531 1389 sunt
1554 1352 1702 1402 impleta

178 1413 214 1447 et
229 1413 324 1455 acta,
345 1422 412 1447 nos
430 1409 607 1461 praedicti
626 1410 714 1447 tales
731 1414 765 1447 et
782 1410 870 1447 tales
883 1410 948 1460 qui
964 1410 1175 1461 praemissis
1188 1410 1424 1448 interfuimus
1437 1415 1474 1447 et
1486 1423 1527 1447 ea
1541 1411 1703 1461 legitime

177 1467 235 1518 agi
254 1471 291 1504 et
307 1472 385 1505 acta
404 1480 482 1505 esse
499 1468 546 1505 ad
563 1468 892 1506 summonitionem
910 1469 1076 1518 ejusdem
1094 1468 1237 1506 domini
1261 1469 1375 1506 nostri
1399 1468 1650 1518 judicavimus
1667 1474 1703 1506 et

178 1525 223 1563 ad
237 1526 385 1576 plenam
399 1527 516 1577 legem
530 1540 608 1565 esse
623 1527 822 1577 completa,
835 1527 1090 1578 praesentibus
1109 1527 1229 1577 sigilla
1249 1531 1370 1564 nostra
1389 1527 1565 1564 duximus
1584 1540 1702 1578 appo-

179 1584 311 1622 nenda.

226 1759 315 1798 Viro
328 1762 530 1799 venerabili
552 1766 588 1799 et
607 1761 765 1800 discreto
782 1762 936 1800 domino
952 1763 1100 1800 officiali
1113 1763 1336 1801 Tornaeensi
1352 1763 1513 1801 decanus
1531 1761 1702 1800 christia-

179 1817 302 1855 nitatis
320 1820 537 1870 Brugensis,
555 1820 710 1858 salutem
729 1820 766 1857 in
785 1821 959 1858 Domino.

227 1876 378 1914 Noverit
391 1878 516 1916 Vestra
530 1879 712 1917 Discretio
728 1880 830 1930 quod
845 1893 967 1917 coram
984 1880 1091 1917 nobis
1106 1885 1257 1930 propter
1271 1879 1341 1917 hoc
1356 1880 1598 1931 personaliter
1611 1892 1702 1916 con-

178 1934 304 1972 stituta
326 1935 459 1981 Lenta,
476 1949 573 1975 uxor
595 1936 792 1984 Johnnnis,
815 1942 851 1975 et
876 1938 956 1988 ipse
979 1938 1168 1976 Johannes
1194 1941 1272 1984 ejus
1298 1937 1451 1974 maritus
1470 1938 1701 1975 Willelmum

178 1992 331 2029 latorem
349 1994 598 2044 praesentium
614 2008 723 2032 suum
739 1996 981 2033 constitutum
1000 1997 1181 2042 fecerunt,
1195 1995 1326 2033 ordine
1339 1995 1593 2046 procuratorio
1611 2007 1702 2031 con-

180 2050 335 2088 serentes
357 2051 477 2089 eidem
498 2057 713 2103 potestatem
739 2058 775 2091 et
800 2054 957 2104 speciale
983 2054 1197 2091 mandatum
1219 2053 1420 2091 confitendi
1446 2058 1482 2090 et
1505 2064 1702 2102 recognos-

180 2108 287 2145 cendi
312 2122 382 2160 pro
410 2109 499 2160 ipsis
522 2115 558 2148 et
581 2124 708 2149 eorum
736 2111 952 2149 nominibus
980 2111 1235 2162 procuratorio
1266 2111 1416 2148 nomine
1442 2123 1566 2147 eoram
1597 2109 1703 2147 vobis

178 2179 217 2204 se
233 2167 279 2203 de
295 2180 476 2206 consensu
490 2169 659 2207 unanimi
675 2175 711 2207 et
727 2170 922 2216 concordi,
938 2174 1088 2221 propter
1105 2182 1340 2206 communem
1361 2181 1488 2206 eorum
1507 2167 1702 2204 utilitatem

178 2228 215 2262 et
230 2230 421 2276 urgentem
441 2228 691 2266 necessitatem
712 2229 772 2266 cui
792 2229 898 2266 aliter
918 2241 993 2265 non
1016 2233 1186 2279 poterant
1204 2227 1422 2273 subvenire,
1444 2226 1539 2263 bene
1558 2229 1594 2262 et
1614 2225 1705 2275 legi-

179 2282 268 2320 time
292 2284 503 2323 vendidisse
527 2286 730 2324 venerabili
758 2287 838 2324 viro
865 2286 1040 2337 magistro
1066 2285 1215 2336 AEgidio
1232 2314 1239 2322 .
1254 2314 1261 2322 .
1279 2315 1285 2321 .
1306 2314 1312 2321 .
1336 2315 1368 2321 ..
1390 2314 1397 2321 .
1425 2297 1488 2321 sex
1516 2295 1705 2320 mensuras

180 2344 312 2388 terrae,
332 2342 380 2380 ita
398 2343 500 2394 quod
519 2347 613 2381 terra
631 2357 726 2394 quae
738 2345 876 2382 dicitur
890 2344 1056 2383 Ontland
1068 2343 1114 2380 ad
1127 2343 1288 2380 valorem
1306 2343 1425 2380 dictae
1442 2347 1558 2379 terrac
1577 2340 1705 2378 fertilis

181 2411 247 2448 per
263 2399 358 2450 juris
382 2415 593 2440 mensuram
615 2407 670 2440 est
690 2403 851 2450 redacta,
872 2416 966 2454 quas
992 2403 1139 2440 tenebat
1160 2407 1196 2439 et
1218 2402 1377 2439 habebat
1402 2401 1499 2438 dicta
1527 2400 1640 2437 Lenta
1667 2400 1705 2436 in

1512 2459 1560 2496 52
