2184 3074
422 265 495 302 276
973 264 1134 302 CODEX
1162 264 1410 303 DUNENSIS.

423 378 599 416 dominus
623 379 738 416 abbas
760 379 1014 416 Cisterciensis
1034 392 1107 415 una
1130 392 1214 416 cum
1241 379 1394 416 caeteris
1419 379 1591 429 praelatis
1609 379 1712 429 regni
1731 384 1768 416 et
1793 378 1962 430 personis

423 437 679 474 ecclesiasticis
694 441 919 474 convocatus
931 466 939 482 a
959 437 1055 474 sicut
1072 450 1138 475 vos
1157 437 1343 475 credimus
1363 450 1438 474 non
1458 438 1584 484 latere,
1604 437 1651 474 ad
1664 437 1899 474 tractandum
1917 436 1964 473 de

424 496 671 533 subventione
684 495 838 532 domino
854 500 980 532 nostro
997 496 1073 546 regi
1089 496 1308 547 praestanda
1334 500 1526 546 praetextu
1546 494 1797 546 quorumdam
1810 495 1964 546 privile-

424 555 571 606 giorum
596 555 667 591 sibi
695 568 714 591 a
740 555 894 591 domino
922 568 1017 605 papa
1048 568 1326 601 concessorum,
1353 555 1401 601 de
1431 567 1528 591 novo
1560 567 1728 591 annuens
1759 567 1805 591 ne
1827 554 1964 591 virtute

425 615 610 651 dictorum
637 614 917 665 privilegiorum
945 614 1092 651 inantea
1121 627 1314 665 possemus
1341 613 1531 650 incurrere
1556 613 1789 663 gravamina,
1817 616 1965 650 coactus

425 672 605 716 concessit
622 672 667 708 de
686 685 869 709 consensu
889 677 1017 709 nostro
1036 672 1175 723 pariter
1192 676 1227 709 et
1245 685 1397 710 assensu
1418 685 1494 709 una
1518 685 1603 709 cum
1621 671 1772 709 caeteris
1790 670 1963 722 praelatis

425 729 513 766 dicti
537 730 639 779 regni
660 735 695 766 et
721 730 802 767 aliis
824 730 993 781 personis
1018 730 1275 768 ecclesiasticis
1301 744 1370 782 pro
1396 744 1434 768 se
1461 730 1647 781 nobisque
1670 730 1903 768 monasteriis
1929 736 1966 768 et

423 788 513 824 locis
535 789 650 825 nostri
670 789 814 825 ordinis
839 789 1043 840 supradicti
1072 789 1109 826 in
1139 789 1239 826 dicto
1267 803 1381 840 regno
1406 789 1637 835 constitutis,
1659 789 1830 839 quintam
1849 801 1963 826 unam

423 847 592 884 omnium
620 847 834 884 reddituum
866 853 902 885 et
932 853 1182 898 proventuum
1217 849 1332 886 nostri
1358 849 1502 886 ordinis
1527 847 1726 899 saepedicti
1752 848 1790 885 in
1816 847 1965 886 duobus

425 905 593 942 terminis
607 906 901 956 persolvendam.
921 907 1044 955 Quare
1063 907 1169 944 vobis
1187 907 1364 945 omnibus
1383 912 1418 944 et
1435 907 1592 958 singulis
1612 907 1650 943 in
1666 907 1802 943 virtute
1819 910 1966 943 sanctae

424 965 658 1002 obedientiae
675 970 712 1002 et
728 966 799 1002 sub
825 979 944 1016 poena
963 967 1361 1004 excommunicationis
1387 971 1422 1003 et
1439 965 1683 1018 depositionis
1710 971 1746 1002 et
1772 965 1810 1002 in
1830 965 1966 1002 virtute

423 1023 588 1074 praestiti
607 1029 643 1060 et
661 1024 871 1074 praestandi
888 1025 1091 1074 juramenti
1110 1025 1376 1076 praecipiendo
1400 1025 1622 1062 mandamus
1640 1028 1825 1075 quatenus
1843 1023 1964 1061 eidem

422 1082 517 1132 patri
533 1082 688 1118 domino
704 1082 939 1120 Cisterciensi
956 1088 1021 1119 aut
1033 1083 1112 1133 ejus
1126 1083 1302 1120 mandato
1316 1083 1498 1120 decimam
1514 1083 1684 1120 omnium
1699 1083 1915 1120 reddituum
1929 1087 1966 1119 et
1990 1117 1995 1120 ,

422 1145 671 1190 proventuum
691 1145 899 1178 vestrorum
913 1155 981 1192 pro
997 1142 1119 1192 primo
1136 1142 1293 1179 termino
1308 1142 1504 1179 solutionis
1518 1142 1638 1179 dictae
1653 1141 1806 1192 quintae
1819 1141 1858 1178 in
1873 1141 1966 1178 festo

424 1198 527 1236 Beati
545 1199 730 1236 Johannis
757 1200 945 1251 Baptistae
965 1201 1194 1252 integraliter
1211 1206 1247 1238 et
1270 1201 1430 1252 perfecte
1450 1201 1612 1238 Parisius
1630 1200 1867 1251 persolvatis,
1892 1199 1966 1237 sci-

423 1256 496 1293 turi
511 1270 576 1294 vos
597 1257 878 1305 nichilominus!
894 1259 964 1296 nisi
984 1260 1141 1297 feceritis
1155 1260 1259 1310 quod
1274 1259 1506 1305 mandamus7
1522 1273 1606 1296 cum
1622 1260 1753 1310 poenis
1768 1258 1967 1310 praedictis

424 1315 682 1365 exponendos⁷
702 1316 818 1353 immo
832 1317 909 1366 jam
929 1318 1117 1368 expositos
1140 1317 1325 1355 dictorum
1354 1317 1635 1368 privilegiorum
1661 1317 1924 1354 executoribus
1947 1330 1967 1354 a

426 1375 580 1412 domino
612 1389 707 1426 papa
734 1389 846 1427 super
873 1377 944 1414 hoc
970 1378 1179 1428 specialiter
1206 1378 1436 1424 constitutis,
1464 1377 1571 1414 vobis
1598 1377 1663 1428 qui
1693 1376 1967 1427 generationem

428 1436 571 1473 habetis
590 1436 724 1473 iterum
743 1437 1010 1488 praecipientes
1029 1443 1070 1475 ut-
1087 1439 1158 1476 sub
1178 1439 1307 1485 forma,
1325 1438 1456 1489 poenis
1474 1442 1510 1475 et
1522 1437 1877 1475 comminationibus
1897 1436 1969 1473 hiis

428 1495 611 1532 contentis
630 1495 874 1533 coabbatibus
894 1501 930 1533 et
947 1497 1034 1533 filiis
1055 1497 1186 1534 vestris
1205 1497 1275 1534 hoc
1294 1497 1391 1534 idem
1419 1497 1573 1534 indilate
1595 1496 1756 1534 scribere
1774 1500 1810 1532 et
1826 1495 1970 1545 signifi-

431 1567 513 1590 care
532 1554 678 1591 curetis.

1144 1622 1264 1631 -οψοι-

1099 1745 1306 1783 CLX-xvn.

677 1863 793 1899 heure
811 1862 872 1899 des
890 1862 1054 1899 acherius
1073 1863 1116 1899 de
1139 1863 1342 1899 Termonde
1359 1876 1437 1900 aux
1455 1863 1668 1913 maqistrats
1687 1864 1729 1899 de

973 1922 1009 1958 Ia
1028 1921 1112 1958 ville
1130 1921 1174 1958 de
1191 1921 1394 1958 Stralsmtd
1413 1925 1433 1957 ¹.

480 2092 577 2131 Viris
603 2095 770 2144 providis
794 2101 829 2133 et
852 2096 1017 2134 honestis
1042 2097 1209 2143 ballivis,
1235 2097 1415 2143 scabinis„
1444 2097 1672 2147 coeterisque
1697 2096 1904 2133 rectoribus
1932 2108 1975 2132 ac

430 2151 678 2202 burgensibus
703 2154 812 2191 villae
838 2155 884 2192 de
907 2155 1171 2193 Straelshonde
1199 2156 1360 2193 ballivus
1391 2160 1426 2192 et
1449 2156 1592 2193 scabini
1622 2155 1667 2192 de
1690 2154 1973 2192 Teneramunda

431 2210 584 2247 salutem
605 2217 640 2248 et
658 2213 703 2248 ad
726 2226 791 2250 sua
811 2214 1043 2264 beneplacita
1062 2228 1102 2255 se
1119 2219 1278 2265 paratos.

479 2269 628 2307 Vestrae
652 2272 908 2321 providentiae
936 2278 1063 2311 tenore
1089 2274 1339 2324 praesentium
1370 2273 1574 2311 innotescat
1596 2273 1698 2324 quod
1726 2272 1823 2318 talis3
1850 2271 1975 2308 relicta

473 2391 478 2405 ¹
498 2390 638 2417 Stralsund
653 2390 719 2417 e'tait
735 2393 805 2418 l'unc
818 2393 864 2419 des
878 2393 943 2420 cites
957 2393 1154 2428 hanseatiques.
