2184 3074
487 329 561 367 594
1037 329 1198 367 CODEx
1222 329 1467 368 DUNENSIS.

486 444 697 490 veniemus,
716 444 779 481 sed
799 445 964 481 eamdem
983 449 1019 482 et
1035 445 1114 495 ejus
1137 458 1363 483 successores
1384 445 1493 483 dictis
1515 446 1621 484 terris
1643 460 1711 484 nos
1732 451 1768 484 et
1787 461 2012 486 successores

486 503 601 539 nostri
622 503 658 538 in
679 507 899 554 perpetuum
918 504 1079 554 gaudere
1096 504 1260 542 sinemus
1278 505 1430 556 pacifice
1447 509 1483 542 et
1500 506 1642 556 quiete,
1665 506 1871 557 obligantes
1893 520 2014 558 quan-

485 563 564 596 tum
584 560 629 596 ad
652 560 851 611 praemissa
873 561 1029 598 firmiter
1050 562 1281 599 observanda
1305 566 1340 599 et
1364 563 1628 601 inviolabiliter
1653 564 1804 601 nomine
1823 569 1950 602 nostro
1976 570 2012 603 et

485 619 697 656 monasterii
717 620 833 656 nostri
851 620 1028 671 praedicti
1047 621 1172 658 onmia
1190 621 1289 659 bona
1309 622 1355 658 ad
1372 623 1637 660 monasterium
1655 627 1823 661 nostrum
1841 628 2012 675 spectan-

484 676 552 722 tia,
572 677 788 728 ubicunque
812 691 851 714 ea
878 679 1080 716 consistant
1103 679 1159 715 vel
1183 679 1360 726 existant,
1385 681 1637 718 renuntiantes
1658 694 1727 732 pro
1745 681 1853 719 nobis
1871 686 1907 719 et
1925 695 2011 720 suc-

484 737 690 774 cessoribus
709 738 843 775 nostris
861 738 1142 788 exceptionibus
1160 738 1236 775 doli
1255 739 1340 775 mali
1351 768 1360 784 ,
1374 739 1445 786 vis,
1460 743 1578 777 metus
1591 753 1656 777 seu
1671 740 1812 778 fraudis
1827 745 1862 778 et
1875 740 2011 792 decep·

483 795 594 832 tionis
615 796 710 833 ultra
730 797 928 834 dimidium
948 797 1039 846 justi
1061 798 1186 848 pretii,
1207 798 1387 848 pecuniae
1409 811 1484 835 non
1502 799 1661 845 solutae,
1679 812 1754 836 non
1771 799 2010 846 deliberatae,

481 868 556 892 non
573 860 799 902 numeratae,
814 869 888 892 non
903 860 1084 907 receptae,
1099 856 1150 893 rei
1166 857 1215 893 ita
1229 869 1303 894 non
1316 861 1438 907 gestae
1450 869 1514 894 seu
1528 870 1604 894 non
1619 857 1745 904 factae,
1760 870 1837 894 non
1850 857 2010 904 habitae,

480 919 515 951 et
532 914 633 951 aliud
652 918 792 961 actum,
811 914 913 951 aliud
931 914 1111 965 scriptum
1136 915 1248 952 fuisse
1269 916 1325 952 vel
1349 929 1441 961 esse,
1463 916 1503 953 in
1521 916 1731 966 praemissis
1748 917 1851 954 omni
1869 916 2010 954 auxilio

477 972 562 1009 facti
578 972 675 1022 juris
692 972 818 1022 scripti
836 977 873 1009 et
890 985 964 1009 non
983 973 1126 1023 scripti,
1145 973 1321 1010 omnibus
1338 973 1559 1025 privilegiis,
1576 974 1702 1024 gratiis
1719 973 2010 1025 quibuscunque

477 1030 657 1067 concessis
672 1043 735 1067 seu
750 1031 1008 1076 concedendis,
1018 1031 1194 1069 omnibus
1208 1032 1338 1069 litteris
1351 1032 1562 1082 apostolicis
1576 1037 1612 1070 et
1625 1033 1732 1083 legati
1747 1036 1784 1070 et
1796 1033 1868 1070 alia
1876 1032 2008 1083 quavis

476 1089 691 1126 auctoritate
714 1089 918 1139 impetratis
941 1094 976 1126 et
997 1089 1258 1140 impetrandis,
1276 1090 1534 1142 cujuscunque
1551 1091 1689 1128 tenoris
1706 1091 1764 1128 vel
1781 1090 2006 1129 conditionis

477 1147 651 1192 existant,
665 1160 708 1184 ac
721 1148 829 1184 etiam
845 1148 926 1185 aliis
941 1148 1123 1185 universis
1137 1148 1314 1186 omnibus
1328 1153 1364 1185 et
1376 1148 1533 1199 singulis
1549 1161 1645 1199 quae
1662 1153 1789 1186 contra
1807 1149 2006 1199 praemissa

478 1206 533 1242 vel
549 1205 836 1256 praemissorum
851 1206 975 1256 aliqua
989 1206 1086 1243 obici
1102 1211 1252 1257 possent
1269 1207 1326 1244 vel
1345 1207 1520 1258 proponi,
1539 1220 1606 1258 per
1622 1220 1718 1257 quae
1735 1220 1802 1244 nos
1814 1218 2006 1258 possemus

477 1277 542 1302 seu
567 1277 793 1301 successores
818 1265 934 1302 nostri
962 1278 1133 1316 praesens
1158 1266 1447 1303 instrumentum
1471 1266 1529 1302 vel
1555 1266 1692 1303 factum
1711 1266 1769 1303 vel
1791 1265 1935 1316 aliquid
1959 1264 2007 1302 de

477 1323 658 1360 contentis
676 1322 714 1360 in
735 1323 864 1360 eodem
883 1324 1084 1374 infringere
1101 1337 1255 1375 quoquo
1273 1324 1385 1362 modo
1402 1325 1460 1362 vel
1478 1324 1587 1362 etiam
1605 1324 1845 1375 impugnare,
1858 1328 1896 1361 et
1911 1335 2008 1374 quae

475 1386 625 1435 possent
643 1382 713 1433 ipsi
735 1382 883 1420 relictae
907 1387 943 1420 et
959 1383 1038 1433 ejus
1056 1384 1331 1422 successoribus
1354 1384 1393 1421 in
1414 1383 1625 1434 praemissis
1643 1396 1708 1422 seu
1726 1383 1765 1420 in
1783 1383 2006 1434 praemisso-

475 1456 559 1480 rum
579 1444 705 1495 aliquo
724 1445 853 1482 obesse
869 1445 926 1482 vel
941 1458 1073 1483 nocere
1086 1450 1122 1483 et
1139 1446 1275 1483 nostris
1288 1446 1560 1483 successoribus
1575 1445 1750 1496 prodesse
1762 1445 1801 1482 in
1814 1449 2004 1496 posterum

475 1503 531 1540 vel
550 1504 680 1540 valere.
705 1503 751 1541 Et
771 1509 812 1541 ut
833 1504 1033 1554 praemissa
1056 1504 1181 1542 omnia
1205 1509 1240 1542 et
1261 1505 1406 1554 singula
1428 1504 1534 1541 firma
1553 1508 1589 1541 et
1608 1508 1686 1541 rata
1709 1508 1951 1554 permaneant
1969 1508 2006 1541 et

476 1562 758 1612 adilperpetuam
778 1563 946 1599 omnium
965 1566 1001 1599 et
1018 1562 1251 1612 singulorum
1271 1562 1504 1608 memoriam,
1520 1562 1731 1599 firmitatem
1748 1567 1784 1599 et
1798 1562 2004 1609 munimen,

476 1632 542 1656 nos
562 1620 729 1666 abbates,
749 1625 816 1657 etc.

1189 1697 1281 1704 --0—

1145 1839 1329 1877 CCLXXI.

472 1955 579 1992 Bane
606 1956 649 1992 de
676 1956 834 1993 Cle'ment
859 1957 908 2001 V,
934 1956 1099 1993 adress-{ie
1121 1957 1143 1993 ἁ
1165 1955 1413 2007 ΓανσΙιευὲᾳηε
1434 1956 1477 1993 de
1499 1957 1630 1994 Breme
1653 1962 1685 1992 el
1710 1957 1733 1992 ἀ
1751 1955 1896 2001 Athen,
1913 1955 2003 1994 cba-

522 2015 628 2051 noine
649 2014 692 2051 de
717 2015 907 2059 Rae-enne,
932 2028 982 2051 au
1005 2015 1100 2066 sajet
1126 2015 1188 2052 des
1214 2016 1345 2052 crimea
1369 2021 1402 2052 et
1427 2014 1488 2052 des
1510 2013 1695 2052 tralaisons
1718 2014 1780 2051 des
1804 2013 2003 2052 chevaliers

521 2073 564 2108 de
591 2072 728 2110 l'ordre
758 2073 989 2123 Teutonique.

520 2248 689 2285 Clemens
708 2249 918 2298 episcopus,
938 2262 1064 2286 servus
1082 2261 1273 2286 servorum
1292 2249 1378 2293 Dei,
1392 2248 1593 2285 venerabili
1609 2248 1710 2284 fratri
1725 2247 2002 2297 archiepiscopo

471 2306 659 2342 Bremensi
687 2311 722 2342 et
747 2307 881 2343 dilecto
908 2307 984 2343 filio
1003 2307 1156 2344 Alberto
1180 2307 1359 2344 canonico
1378 2306 1648 2344 Ravennatensi
1667 2306 1856 2356 capellano
1874 2309 2000 2342 nostro

472 2377 514 2401 ac
531 2364 623 2400 sacri
642 2365 765 2414 palatii
788 2365 902 2401 nostri
922 2365 1100 2411 auditori,
1119 2365 1274 2402 salutem
1293 2369 1329 2401 ct
1347 2365 1584 2415 apostolicam
1602 2363 1909 2402 benedictionem.

521 2424 562 2459 ln
581 2423 687 2459 vinea
707 2424 876 2469 Domini,
896 2424 979 2461 licet
998 2424 1172 2461 immeriti
1195 2424 1353 2461 cultores
1370 2424 1480 2474 positi
1499 2428 1536 2460 et
1552 2423 1736 2467 custodes,
1757 2422 1810 2459 sic
1827 2421 1865 2458 in
1883 2421 2000 2471 ipsius
