2184 3074
438 303 509 339 152
589 291 591 296 '
989 297 1149 335 conssx
1178 295 1421 335 DUNENsffi.

1189 471 1227 507 C.

440 597 674 634 Mandement
703 594 764 630 des
796 591 899 629 abbe's
934 591 978 628 de
1007 591 1350 634 Trois-Fontaines,
1375 590 1418 627 de
1445 590 1592 640 Foiqny
1624 595 1656 626 ec
1676 589 1828 640 d’any,
1855 587 1990 638 relatis

489 668 537 691 au
565 651 747 701 differenti
768 652 833 701 qui
858 650 974 686 s’e'tait
997 649 1091 686 e'leve'
1111 654 1211 685 encre
1237 647 1349 685 l’abbe'
1369 648 1413 684 de
1436 646 1583 684 Thosan
1606 653 1639 684 et
1663 646 1774 684 l’abbe‘
1793 647 1836 683 de
1856 647 1983 684 Saint-

489 715 626 751 Bavon.

488 888 676 927 Universis
695 888 905 936 praesentes
925 884 1063 920 litteras
1086 882 1308 934 inspecturis
1334 883 1463 919 fratres
1487 882 1534 918 de
1562 881 1700 920 Tribus
1717 878 1920 926 Fontibus,
1939 879 1986 916 de

441 947 624 984 Fusniaco
647 950 682 982 et
708 944 754 981 de
779 944 928 994 igniaco
954 942 1044 991 dicti
1071 942 1238 988 abbates,
1267 942 1423 978 salutem
1452 941 1490 977 in
1519 941 1683 978 Domino
1709 939 1984 991 sempiternam.

491 1006 583 1042 Cum
601 1018 720 1054 nuper
735 1003 772 1039 in
783 1002 985 1040 claravalle
1001 1001 1110 1038 nobis
1129 1014 1203 1038 una
1214 1000 1409 1038 vobiscum
1424 1004 1577 1051 propter
1592 999 1826 1036 bocinsimul
1839 1010 1988 1049 congre·

441 1065 551 1116 gatis,
571 1063 740 1114 diligenti
757 1061 1031 1099 examinatione
1049 1060 1284 1112 praehabita,
1304 1073 1452 1097 causam
1467 1073 1581 1110 quam
1600 1058 1763 1109 religiosi
1782 1058 1852 1094 viri
1871 1057 1987 1094 abbas

441 1128 476 1160 et
494 1126 699 1159 conventus
717 1120 1020 1158 Sancti-Bavonis
1039 1118 1263 1164 Gandensis,
1289 1117 1433 1155 ordinis
1461 1117 1586 1154 Sancti
1606 1116 1819 1163 Benedicti,
1843 1116 1988 1154 Torna-

441 1182 560 1218 censis
578 1180 767 1230 dyocesis,
793 1178 919 1216 abbati
947 1182 982 1215 et
1005 1177 1205 1215 conventui
1233 1177 1279 1214 de
1302 1177 1469 1228 Capella,
1494 1176 1609 1213 nostri
1633 1175 1795 1221 ordinis,
1819 1174 1986 1224 ejusdem

441 1240 629 1291 dyocesis,
649 1243 800 1276 movent
826 1252 889 1275 seu
917 1251 1066 1275 movere
1094 1237 1295 1274 intendunt
1328 1241 1393 1273 aut
1410 1249 1448 1273 se
1471 1240 1638 1273 moturos
1664 1239 1853 1281 asserunt,
1879 1246 1989 1271 occa-

443 1301 546 1337 sione
561 1298 811 1350 quarumdam
831 1297 1060 1334 decimarum
1079 1296 1337 1333 habendarum
1353 1296 1399 1332 de
1412 1295 1640 1346 quibusdam
1659 1294 1767 1331 terris
1781 1298 1867 1331 ante
1882 1305 1989 1344 gene-

442 1359 517 1395 rale
535 1358 733 1395 consilium
752 1356 962 1407 acquisitis,
981 1360 1016 1392 et
1033 1355 1079 1392 de
1094 1355 1265 1406 virgultis
1284 1368 1326 1391 ac
1345 1354 1579 1399 nemoribus,
1598 1357 1726 1390 contra
1746 1350 1989 1389 nostri'ordi-

443 1417 500 1454 nis
515 1416 709 1467 privilegia
728 1416 766 1452 in
786 1415 1053 1452 communibus
1070 1415 1242 1465 expensis
1262 1413 1405 1450 ordinis
1423 1427 1489 1464 per
1505 1413 1723 1450 Remensem
1739 1410 1987 1462 provinciam,

443 1475 661 1525 ubicunque
677 1487 823 1511 necesse
843 1474 972 1519 fuerit,
991 1473 1068 1510 sive
1088 1473 1125 1509 in
1143 1472 1288 1523 judicio
1307 1472 1384 1508 sive
1402 1476 1502 1508 extra
1523 1470 1795 1508 defendendam
1813 1469 1988 1506 decreve-

443 1534 560 1571 rimus
588 1538 622 1570 et
645 1533 754 1570 etiam
779 1532 1100 1584 prosequendam,
1123 1531 1352 1568 attendentes
1378 1530 1509 1582 procul
1531 1529 1648 1566 dubio
1675 1542 1770 1566 onus
1788 1540 1988 1565 commune

443 1592 546 1643 quod
576 1605 704 1629 omnes
732 1591 867 1642 tangit,
900 1592 946 1628 ab
974 1590 1151 1627 omnibus
1180 1590 1316 1626 debere
1341 1588 1590 1626 communiter
1620 1587 1831 1638 supportari
1852 1601 1859 1622 :
1879 1585 1988 1622 vobis

444 1651 620 1687 omnibus
643 1655 676 1687 et
701 1650 876 1700 singulis,
904 1649 1123 1686 auctoritate
1151 1648 1265 1685 nostri
1290 1647 1470 1698 generalis
1493 1646 1645 1696 capituli
1670 1650 1706 1682 et
1722 1644 1793 1682 sub
1811 1657 1930 1695 poena
1949 1643 1987 1681 in

444 1709 735 1746 diffinitionibus
750 1708 971 1754 constituta,
987 1707 1238 1759 praecipimus
1257 1712 1292 1743 et
1311 1705 1531 1743 mandamus
1549 1709 1734 1755 quatenus
1752 1703 1799 1740 de
1816 1702 1989 1753 expensis

445 1774 480 1806 et
507 1768 719 1819 sumptibus
751 1768 945 1804 occasione
968 1781 1032 1804 seu
1055 1779 1164 1804 causa
1192 1765 1392 1817 praemissa
1421 1764 1615 1809 faciendis,
1647 1776 1732 1800 cum
1759 1766 1988 1813 oportunum

446 1827 557 1864 suerit
587 1831 623 1863 et
654 1826 740 1862 inde
764 1826 907 1862 fueritis
938 1825 1127 1876 requisiti,
1159 1824 1396 1861 contribuere
1427 1821 1625 1867 studeatis,
1655 1833 1721 1857 vos
1751 1826 1786 1857 et
1817 1819 1988 1857 ecclesias

445 1891 583 1923 vestras
602 1885 648 1922 ad
668 1885 985 1922 contributionem
1005 1883 1222 1934 hujusmodi
1238 1882 1462 1927 faciendam,
1482 1895 1549 1932 per
1565 1879 1832 1931 appensionem
1851 1878 1989 1929 sigillo-

445 1958 529 1981 rum
545 1949 752 1981 vestrorum
767 1943 1024 1993 praesentibus
1045 1942 1183 1992 quibus
1207 1946 1242 1978 et
1263 1945 1386 1978 nostra
1401 1953 1564 1991 appensa
1579 1943 1666 1976 sunt
1679 1938 1817 1988 sigilla,
1834 1950 1989 1988 promp-

447 2003 519 2039 tius
538 2002 756 2052 obligantes.
