2184 3074
727 340 888 379 CODEX
918 340 1160 378 DUNENSlS.
1646 344 1712 380 ¹33

178 461 262 498 sessi
277 459 416 498 eisdem
433 459 608 496 fratribus
627 458 754 495 eadem
774 461 921 508 peccata
941 469 1096 494 numero
1108 460 1302 493 teneantur
1319 457 1480 507 propriis
1491 457 1714 507 presbyteris

177 517 474 570 parrochialibus
501 517 630 554 saltem
657 516 767 554 semel
795 515 833 552 in
860 527 959 552 anno
985 527 1089 552 sacro
1115 515 1346 565 approbante
1370 515 1527 552 consilio
1551 516 1712 566 generali

178 577 365 623 confiteri,
384 576 454 627 ipsi
475 580 596 613 tamen
615 575 693 613 suis
712 573 851 611 linibus
870 586 945 611 non
966 573 1127 610 contenti
1148 573 1375 610 contrarium
1394 574 1544 624 publice
1560 574 1715 625 dogma·-

180 636 315 682 tizant,
340 639 453 687 prout
480 635 548 672 ista
584 635 680 672 inter
711 633 780 670 alia
814 633 933 683 legato
964 632 1083 669 eidem
1110 632 1323 683 aperuimus
1354 632 1435 669 viva
1464 646 1571 678 voce,
1600 646 1712 684 quam

179 695 346 746 profecto
368 698 532 731 nostram
554 694 794 731 assertionem
827 692 864 729 in
901 692 1031 729 litteris
1059 691 1218 728 duorum
1247 692 1491 728 cardinalium
1519 692 1566 729 ab
1584 693 1713 729 eodem

180 754 299 804 legato
329 752 544 803 diligentius
571 751 764 789 intellectis
792 751 891 788 claro
918 750 1054 787 clarius
1078 750 1253 787 videbitis
1280 750 1478 797 contineri,
1505 763 1525 787 a
1553 763 1714 801 quorum

181 812 395 850 testimonio
409 812 525 863 priori
542 811 696 849 edoctus
714 810 939 862 experientia
959 823 1032 846 non
1052 809 1238 855 dissentit,
1260 823 1388 847 verum
1409 822 1493 846 cum
1513 823 1532 846 a
1553 814 1716 860 tempore

182 871 278 909 beati
291 871 488 922 Augustini
506 872 541 907 in
558 871 717 908 Ecclesia
727 870 793 907 Dei
808 869 1012 921 graviorem
1029 882 1153 906 casum
1169 874 1203 905 et
1218 868 1559 905 intollerabiliorcm
1575 868 1715 905 rabiem

181 930 373 968 emersisse
396 943 471 967 non
491 929 733 967 didicerimus
755 941 867 980 quam
893 932 1108 978 potestatem
1131 927 1290 963 clavium
1310 940 1376 977 per
1392 926 1578 963 doctrinas
1598 927 1716 964 varias

181 993 217 1026 et
248 988 462 1026 detestanda
489 988 717 1039 sophismata
732 987 778 1024 ad
794 987 885 1024 alios
905 987 1115 1032 transferre,
1141 1000 1253 1037 quam
1282 985 1494 1037 unigenitus
1519 986 1586 1023 Dei
1619 986 1717 1022 tilius

181 1047 356 1085 dominus
375 1047 510 1085 Jhesus
533 1046 703 1084 Christus
728 1045 852 1096 primo
872 1045 1008 1083 sanctis
1026 1045 1201 1096 apostolis
1221 1050 1256 1081 et
1273 1049 1397 1095 postea
1420 1057 1549 1081 eorum
1571 1057 1717 1081 succes-

181 1105 328 1143 soribus
353 1104 526 1150 contulit,
550 1104 647 1141 sicut
667 1103 891 1154 ewangelica
914 1103 1048 1140 veritas
1073 1103 1283 1154 profitetur,
1308 1102 1360 1140 sic
1384 1102 1499 1153 ipsam
1526 1115 1646 1153 usque
1671 1102 1716 1138 ad

181 1176 329 1201 carnem
349 1168 385 1202 et
402 1164 621 1215 sanguinem
638 1164 855 1209 defendere,
870 1168 905 1200 et
918 1163 1006 1214 quia
1026 1163 1166 1214 ingruit
1185 1163 1398 1202 necessitas,
1418 1162 1593 1199 tenemini
1611 1176 1717 1213 prae-

181 1221 305 1259 dicare
326 1223 530 1260 resistendo
549 1223 655 1272 juxta
676 1223 798 1259 datam
822 1222 928 1259 vobis
954 1235 974 1258 a
999 1222 1152 1259 domino
1170 1222 1324 1272 gratiam
1348 1221 1515 1272 falsitati,
1536 1234 1581 1257 ne
1602 1221 1717 1270 magis

182 1293 225 1317 ac
251 1281 367 1332 magis
395 1295 462 1332 per
489 1281 734 1318 tollerantiam
768 1281 934 1332 ipsorum
965 1280 1198 1317 cervicositas
1221 1279 1468 1324 convalescat,
1498 1279 1625 1329 sicque
1651 1293 1718 1329 pro

183 1338 398 1376 defensione
415 1339 660 1377 eclesiasticae
687 1339 867 1376 libertatis
894 1343 930 1375 et
949 1339 1082 1376 domus
1107 1338 1216 1374 lsrael
1244 1351 1308 1374 vos
1332 1350 1458 1374 muros
1485 1337 1717 1374 invincibiles

182 1397 390 1447 opponatis.
410 1397 608 1434 Processus
627 1410 714 1434 vcro
734 1396 950 1446 hujusmodi
970 1397 1015 1433 (le
1034 1396 1189 1433 consilio
1212 1396 1471 1446 magistrorum
1493 1395 1718 1446 theologicae

184 1455 368 1492 facultatis
392 1460 426 1492 et
450 1455 562 1492 totius
587 1455 701 1492 nostri
725 1455 877 1506 capituli
902 1455 1047 1492 habitos
1075 1455 1112 1492 in
1138 1455 1205 1492 liac
1224 1460 1327 1505 parte
1351 1454 1559 1504 paternitati
1579 1460 1719 1491 vestrae

184 1526 250 1564 per
266 1513 442 1551 devotum
457 1514 690 1565 capellanum
710 1518 879 1551 nostrum
895 1514 1002 1550 talem
1018 1513 1319 1558 transmittimus,
1339 1526 1412 1550 non
1430 1518 1471 1549 ut
1486 1513 1567 1549 illos
1585 1526 1719 1563 sequa-

185 1571 295 1618 mini,
318 1585 403 1608 cum
423 1571 616 1622 limpidius
636 1576 672 1608 et
690 1572 826 1608 clarius
845 1571 968 1608 sciatis
987 1572 1083 1608 circa
1101 1576 1243 1608 tantum
1264 1571 1470 1621 periculum
1491 1576 1717 1621 oportunum

184 1629 389 1667 remedium
413 1629 608 1676 adhibere,
640 1630 703 1667 sed
730 1630 865 1667 exinde
889 1629 1100 1674 assumatis,
1125 1630 1153 1666 si
1180 1629 1314 1679 placet,
1347 1628 1535 1665 materiam
1562 1629 1721 1679 qualiter

185 1687 348 1725 debeatis
362 1687 513 1724 obviare
529 1688 565 1724 in
585 1688 834 1726 convocandis
852 1688 983 1725 vestris
1001 1687 1155 1737 synodis
1175 1692 1295 1724 tantae
1314 1687 1417 1737 pesti.

902 1810 993 1819 —00—

910 1963 999 2001 XCI.

279 2078 333 2116 De
349 2067 388 2116 la'
400 2079 634 2118 distribution
647 2081 708 2118 des
722 2082 895 2119 namanes
910 2082 932 2118 ἁ
947 2081 982 2119 la
995 2087 1101 2131 porte
1119 2082 1168 2119 du
1189 2083 1391 2119 monastere
1409 2081 1453 2118 de
1474 2080 1631 2117 Tho-san.

242 2272 428 2311 Universis
443 2279 654 2324 praesentes
669 2275 808 2313 litteras
825 2276 1044 2327 inspecturis
1064 2276 1151 2313 tales
1169 2275 1336 2312 salutem.

239 2331 423 2368 Noveritis
448 2332 550 2382 quod
576 2332 770 2383 religiosus
787 2334 845 2371 vir
862 2333 1047 2384 portarius
1064 2333 1110 2369 de
1131 2332 1294 2377 Thosan,
1319 2332 1355 2368 in
1382 2337 1504 2369 nostra
1532 2332 1666 2368 vicinia
1690 2335 1724 2367 et

190 2389 409 2441 ubicunque
427 2390 623 2437 habitavit,
642 2396 682 2428 ut
700 2405 845 2442 semper
865 2392 1091 2437 audivimus,
1111 2391 1346 2428 laudabiliter
1362 2395 1613 2435 conversatus,
1633 2403 1723 2427 con-

193 2447 298 2485 tinuo
324 2461 362 2486 se
389 2449 552 2486 reddidit
577 2454 722 2499 gratum
755 2451 1011 2501 multipliciter
1038 2455 1073 2487 et
1103 2454 1310 2501 acceptum,
1342 2449 1408 2486 Dei
1440 2449 1593 2499 gratiam
1623 2454 1724 2485 tanto
