2184 3074
468 303 542 341 560
622 352 626 359 k
992 303 1155 342 CODEX
1179 305 1278 343 DUN
1282 305 1343 344 EN
1347 306 1427 344 Sls.

1132 468 1336 508 CCXXXV.

564 585 795 623 Mandemem
811 583 944 634 relatis
954 596 1004 621 au
1016 590 1212 634 payement
1227 585 1271 623 de
1287 598 1324 623 ce
1340 588 1406 636 qui
1421 593 1473 624 eat
1490 587 1541 624 da
1556 600 1606 624 au
1623 589 1682 626 roi
1697 588 1741 626 de
1755 589 1911 627 France.

514 778 611 816 Talis
641 777 843 814 canonicus
874 776 1117 813 Tornacensis
1146 780 1183 812 et
1212 776 1356 813 domini
1385 777 1480 827 regis
1511 778 1740 817 Francorum
1773 780 1927 818 clericus
1957 792 2000 819 ac

464 838 637 874 collector
657 835 821 872 decimae
838 838 874 871 et
896 834 1087 871 annalium
1106 834 1176 885 ipsi
1195 835 1348 871 domino
1367 835 1442 887 regi
1461 849 1482 872 a
1505 836 1599 874 Sede
1615 837 1828 888 Apostolica
1847 852 1999 877 conces—

435 895 440 901 '
463 908 589 933 sorum
611 894 649 930 in
668 893 853 930 civitatem
871 897 906 928 et
923 892 1112 941 dyocesim
1132 893 1403 930 Tornacensem
1422 894 1639 932 auctoritate
1660 896 1861 946 apostolica
1879 897 2009 948 depue

464 958 559 990 tatus
588 952 764 990 omnibus
790 952 1068 989 christianitatis
1094 952 1263 998 decanis,
1285 953 1474 1003 prioribus
1501 958 1537 991 et
1562 956 1768 1002 canonicis,
1795 956 2000 1008 ceterisque

464 1011 700 1048 ecclesiarum
719 1010 926 1047 rectoribus
949 1014 985 1046 et
1002 1010 1145 1047 clericis
1165 1011 1323 1048 civitatis
1342 1016 1377 1048 et
1394 1011 1563 1061 dyocesis
1581 1013 1823 1051 Tornacensis
1839 1014 1886 1051 ad
1903 1026 1999 1066 quos

464 1073 671 1119 praesentes
698 1069 838 1105 litterae
856 1069 1092 1119 pervenerint
1109 1070 1265 1106 salutem
1295 1069 1334 1106 in
1352 1070 1514 1107 Domino
1533 1076 1568 1107 et
1586 1071 1768 1110 mandatis
1787 1073 1998 1123 apostolicis

465 1132 620 1168 tirmiter
636 1130 800 1168 obedire.

513 1189 637 1237 Quum
655 1189 857 1225 nonnullae
875 1201 1054 1238 personae
1072 1187 1338 1225 ecclesiasticae
1363 1193 1555 1239 exemptae
1579 1194 1614 1226 et
1640 1202 1715 1226 non
1738 1194 1933 1240 exemptae
1959 1190 1998 1228 in

464 1248 610 1284 civitate
627 1252 663 1284 et
679 1247 829 1297 dyocesi
853 1247 1076 1284 Tornacensi
1102 1251 1138 1283 et
1157 1247 1364 1297 provisores
1383 1247 1620 1285 ecclesiarum
1644 1248 1892 1297 quarumdam
1912 1253 1999 1287 sunt

464 1311 514 1353 et,
533 1306 598 1342 (liu
621 1310 689 1350 esti
719 1306 871 1342 fuerunt
890 1305 926 1341 in
945 1319 1047 1341 mora
1065 1310 1099 1341 et
1118 1305 1261 1342 defectu
1281 1305 1381 1342 dicto
1407 1305 1560 1342 domino
1588 1306 1665 1356 regi
1692 1306 1860 1343 solvendi
1889 1320 1997 1357 prae-

465 1365 600 1402 dictam
623 1364 805 1401 decimam
832 1378 900 1414 pro
925 1364 1073 1401 duobus
1096 1364 1263 1401 terminis
1293 1363 1367 1412 jam
1395 1365 1546 1414 elapsis,
1571 1377 1714 1401 necnon
1733 1370 1769 1402 et
1785 1366 1932 1402 annalia
1958 1365 1997 1403 in

464 1423 602 1472 quibus
622 1422 721 1473 ipsae
739 1435 917 1472 personae
934 1422 1123 1472 praedicto
1141 1422 1294 1458 domino
1317 1422 1392 1472 regi
1417 1427 1591 1459 tenentur
1607 1423 1811 1459 secundum
1833 1428 1997 1461 tenorem

464 1481 668 1517 litterarum
695 1480 981 1530 apostolicarum
1000 1493 1112 1530 super
1130 1480 1201 1516 hiis
1223 1493 1242 1516 a
1266 1480 1359 1517 Sede
1377 1480 1592 1530 Apostolica
1616 1494 1894 1528 concessarum,
1913 1481 1999 1518 licet

465 1553 575 1589 super
593 1539 684 1583 hiis,
700 1538 765 1574 diu
785 1542 855 1584 est,
870 1538 1032 1574 monitae
1051 1538 1188 1574 fuerint
1204 1543 1455 1588 competenter
1472 1538 1518 1575 de
1535 1539 1728 1584 solvendo,
1746 1539 1853 1576 vobis
1872 1540 1998 1576 omni—

467 1597 536 1633 bus
556 1602 589 1632 et
607 1596 763 1647 singulis
783 1596 820 1632 in
838 1596 975 1632 virtute
993 1600 1138 1632 sanctae
1157 1596 1389 1632 obedientiae
1407 1601 1442 1632 et
1458 1597 1528 1633 sub
1548 1610 1667 1647 poena
1687 1597 1941 1647 suspensionis
1963 1601 2000 1634 et

466 1654 861 1692 excommunicationis
886 1667 979 1704 quas
1002 1654 1039 1690 in
1064 1667 1129 1691 vos
1153 1659 1188 1691 et
1213 1659 1375 1691 vestrum
1401 1655 1606 1705 quemlibet
1625 1655 1830 1692 monitione
1848 1666 1999 1706 compe-

466 1713 555 1750 tenti
575 1713 774 1763 praemissa
793 1712 1002 1749 ferimusin
1022 1712 1094 1748 hiis
1112 1713 1277 1763 scriptis,
1296 1713 1325 1749 si
1346 1713 1382 1749 in
1403 1712 1612 1763 praemissis
1635 1713 1862 1763 exequendis
1880 1713 1999 1764 negli-

464 1776 588 1821 gentes
604 1770 745 1807 fueritis
761 1771 816 1806 vel
833 1770 987 1816 remissi,
1001 1770 1218 1807 auctoritate
1232 1771 1432 1821 apostolica
1447 1783 1520 1820 qua
1537 1770 1729 1820 fungimur
1744 1771 1783 1807 in
1799 1771 1868 1808 hac
1880 1775 1997 1822 parte‚

465 1830 630 1867 districte
653 1829 916 1880 praecipiendo
941 1829 1160 1866 mandamus
1187 1835 1370 1879 quatenus
1393 1843 1568 1880 personas
1600 1830 1863 1867 ecclesiasticas
1890 1842 1999 1880 prae-

463 1888 578 1925 dictas
594 1888 631 1924 in
642 1888 771 1937 majori
782 1888 933 1924 ecclesia
948 1888 1147 1936 cujuslibet
1161 1889 1359 1925 decanatus
1374 1889 1507 1925 iterum
1523 1902 1567 1926 ex
1586 1889 1818 1925 habundanti
1833 1901 1879 1925 ex
1895 1892 1999 1939 parte

467 1951 590 1983 nostra
615 1946 794 1983 moneatis
820 1951 1070 1997 competenter
1092 1947 1229 1984 ibidem
1258 1951 1466 1997 praesentes
1493 1947 1630 1984 litteras
1659 1946 1887 1997 publicando
1906 1959 2000 1996 qua-

467 2010 571 2041 tenus
591 2004 693 2054 ipsae
710 2017 890 2054 personae
908 2005 1173 2042 ecclesiasticae
1193 2010 1228 2042 et
1254 2005 1461 2055 provisores
1480 2005 1736 2051 ecclesiarum,
1755 2008 1948 2055 exemptae
1965 2007 2000 2041 et

467 2076 541 2099 non
560 2067 766 2112 exemptae,
786 2062 1043 2113 cujuscunque
1061 2068 1175 2100 status
1193 2064 1249 2099 vel
1270 2063 1494 2100 conditionis
1522 2055 1694 2109 existant7
1713 2067 1755 2099 ut
1773 2063 1867 2099 infra
1885 2062 2000 2113 quin-

465 2120 584 2157 decim
603 2120 681 2156 dies
696 2133 715 2156 a
735 2125 901 2170 tempore
919 2121 1134 2158 monitionis
1153 2122 1417 2172 publicationis
1436 2122 1708 2171 praedictarum
1730 2121 1800 2158 sibi
1821 2122 1999 2157 factarum

466 2179 511 2214 de
533 2179 629 2214 dicta
649 2179 790 2215 decima
809 2193 877 2229 pro
895 2179 1003 2216 dictis
1021 2180 1168 2216 duobus
1190 2180 1357 2216 terminis
1375 2184 1410 2216 et
1426 2180 1472 2216 de
1490 2179 1688 2216 annalibus
1707 2178 1816 2215 nobis
1840 2178 1887 2214 ad
1906 2189 2000 2228 opus

466 2236 554 2272 dicti
570 2237 711 2272 domini
727 2237 822 2286 regis
841 2237 878 2273 in
893 2237 991 2274 bona
1005 2243 1040 2274 et
1055 2238 1139 2274 forti
1156 2243 1301 2274 moneta
1316 2238 1542 2275 satisfaciant
1558 2241 1819 2287 competenter,
1833 2235 1999 2286 alioquin

466 2309 639 2345 personas
661 2297 921 2334 ecclesiasticas
946 2298 1151 2348 praedictas
1179 2311 1271 2349 quas
1297 2298 1335 2334 in
1364 2298 1435 2334 hiis
1463 2298 1610 2348 scriptis
1636 2309 1784 2334 exnunc
1806 2300 1848 2332 ut
1865 2299 2001 2331 extunc

467 2354 726 2403 suspendimus
745 2368 765 2391 a
784 2355 921 2393 divinis
940 2357 1156 2394 auctoritate
1175 2358 1375 2407 apostolica
1393 2357 1605 2407 supradicta
1623 2356 1831 2407 provisores
1849 2365 2000 2390 excom-

468 2412 719 2458 municamus7
747 2426 941 2462 suspensas
972 2414 1087 2451 dict-as
1115 2428 1290 2465 personas
1315 2419 1351 2452 et
1374 2414 1713 2452 excommunicatos
1739 2411 1947 2463 provisores
1978 2423 1998 2446 a
