2184 3074
447 302 520 339 294
1005 303 1167 341 conssx
1194 305 1437 345 DUNENSlS.

495 422 537 458 Et
555 435 623 458 nos
635 450 643 466 ,
660 425 771 472 prout
789 420 902 457 moris
920 424 988 466 cst,
1007 434 1091 457 eum
1106 421 1284 459 duximus
1297 423 1342 459 ad
1358 424 1564 471 ecclesiam,
1586 427 1635 464 Te
1646 428 1768 466 Deum
1780 429 1980 470 laudamus

443 480 689 517 decantantes.

493 538 531 574 ln
550 538 656 586 cujus
679 537 730 574 rei
756 537 1008 574 testimonium
1033 536 1194 587 sigillum
1223 542 1368 575 nostrae
1385 540 1560 578 ecclesiae
1583 543 1842 592 praesentibus
1865 544 1978 583 duxi—

443 609 524 634 mus
543 594 818 646 apponendum.
838 595 995 638 Datum,
1015 598 1082 630 etc.

1091 872 1317 911 CLXXXIX.

440 989 680 1026 l’rolestation
701 989 744 1026 de
762 987 924 1038 l’abbaye
941 988 1002 1025 des
1021 989 1147 1026 Dunes
1164 995 1286 1027 contre
1305 989 1342 1027 Ia
1359 989 1451 1027 leuce
1467 989 1512 1027 dc
1533 989 1570 1027 Ia
1593 990 1691 1028 dane
1712 1004 1781 1029 sur
1801 991 1852 1030 les
1874 990 1976 1029 biens

768 1047 1051 1098 ecclesiastiques
1071 1061 1121 1085 au
1135 1047 1251 1099 profit
1266 1049 1310 1086 de
1328 1049 1501 1098 Philippa
1520 1048 1551 1086 le
1569 1049 1646 1087 Bel.

487 1242 673 1280 Universis
697 1248 906 1293 praesentes
929 1243 1067 1280 litteras
1090 1243 1311 1294 inspecturis
1333 1243 1502 1280 officialis
1519 1243 1741 1280 Morinensis
1759 1244 1916 1281 salutem
1935 1244 1975 1281 in

435 1301 608 1338 Domino.

486 1359 636 1396 Noverit
646 1360 868 1397 universitas
883 1365 1003 1396 vestra
1017 1359 1119 1410 quod
1134 1373 1232 1396 anno
1247 1360 1399 1396 Domini
1416 1360 1465 1396 Μο
1482 1360 1555 1397 CC⁰
1573 1360 1814 1410 nonagesimo
1829 1366 1975 1407 octavo,

434 1418 588 1455 sabbato
609 1422 693 1470 post
715 1419 949 1455 Nativitatem
976 1420 1108 1455 Beatae
1133 1419 1284 1466 Mariae,
1308 1420 1347 1456 in
1366 1419 1571 1470 praesentia
1590 1424 1715 1456 nostra
1733 1421 1976 1470 personaliter

434 1477 656 1514 constitutus
676 1478 788 1514 frater
806 1478 845 1514 Α.
858 1507 867 1523 ,
887 1478 1092 1514 monachus
1108 1478 1154 1514 dc
1172 1478 1306 1523 Dunis,
1322 1483 1541 1528 procurator
1557 1477 1604 1514 ad
1622 1478 1856 1529 infrascripta
1872 1478 1974 1516 viro—

434 1548 516 1572 rum
541 1535 799 1585 religiosorum
821 1565 1003 1573 ........
1029 1536 1173 1573 abbatis
1195 1540 1231 1573 et
1253 1540 1457 1573 conventus
1481 1536 1527 1572 de
1555 1535 1693 1583 Dunis,
1719 1536 1971 1574 cisterciensis

432 1594 591 1640 ordinis,
618 1594 838 1632 Morinensis
866 1595 1052 1645 dyocesis,
1082 1599 1304 1645 protestatus
1333 1594 1418 1641 suit,
1445 1595 1677 1645 provocavit,
1705 1595 1907 1646 appellavit.
1935 1600 1970 1632 et

431 1653 517 1693 fecit
539 1653 691 1690 nomine
712 1654 969 1704 procuratorio
988 1667 1056 1705 pro
1081 1654 1218 1691 eisdem
1243 1654 1281 1690 in
1306 1654 1512 1704 praesentia
1537 1658 1662 1691 nostra
1680 1658 1793 1704 prout
1811 1653 1969 1691 inferius

431 1712 642 1749 continetur
660 1728 666 1748 :
1220 1756 1222 1759 Ι

478 1772 555 1821 Ego
581 1771 693 1807 frater
720 1772 775 1817 A.,
805 1769 1010 1808 monachus
1039 1771 1084 1807 de
1109 1770 1247 1817 Dunis,
1266 1774 1486 1822 procurator
1510 1771 1679 1808 virorum
1709 1770 1967 1820 religiosorum

429 1829 573 1866 abbatis
587 1834 622 1865 et
635 1833 839 1866 conventus
853 1829 942 1866 dicti
961 1829 1174 1866 monasterii
1191 1829 1444 1866 Cistercicnsis
1459 1829 1602 1866 ordinis
1621 1833 1805 1880 protestor
1818 1829 1969 1865 nomine

428 1888 683 1938 procuratorio
708 1900 776 1938 pro
802 1887 942 1925 eisdem
970 1888 1073 1938 quod
1099 1901 1174 1925 non
1203 1892 1256 1925 cst
1281 1888 1498 1925 intentionis
1519 1886 1754 1932 eorumdem,
1779 1899 1846 1923 nec
1866 1899 1968 1923 meae

427 1946 684 1996 procuratorio
703 1946 855 1983 nomine
872 1960 941 1997 pro
959 1946 1096 1983 eisdem
1117 1959 1324 1997 opponere,
1339 1946 1609 1992 contradicere,
1623 1946 1798 1983 rebellem
1811 1945 1968 1983 existere

426 2005 608 2043 mandatis
623 2005 846 2055 apostolicis,
857 2019 924 2042 nec
938 2006 1047 2042 etiam
1062 2019 1191 2043 eorum
1205 2006 1471 2056 delegatorum,
1481 2005 1808 2055 subdelegatorum
1822 2018 1842 2041 a
1857 2003 1965 2041 dictis

426 2068 600 2119 delegatis
618 2068 922 2115 substitutorum,
943 2082 1009 2105 nec
1029 2068 1264 2118 processibus
1279 2068 1512 2113 eorumdem,
1529 2067 1598 2104 nisi
1614 2071 1727 2118 prout
1735 2067 1822 2116 jura
1835 2067 1967 2103 volunt

425 2141 487 2163 seu
512 2128 715 2177 patiuntur.
743 2127 823 2175 Qua
850 2128 1113 2178 protestatione
1141 2129 1252 2174 sacta,
1272 2141 1339 2178 ego
1358 2132 1578 2178 procurator
1595 2126 1806 2177 praedictus
1828 2138 1965 2176 procu-

426 2186 560 2222 ratorio
586 2186 736 2222 nomine
763 2199 830 2236 pro
856 2186 965 2223 dictis
991 2186 1153 2222 dominis
1179 2186 1269 2223 meis
1291 2191 1326 2222 et
1351 2186 1506 2236 singulis
1529 2184 1746 2222 eorumdem
1769 2188 1805 2221 et
1826 2183 1964 2221 eisdem

424 2243 709 2282 adhaerentibus
727 2245 765 2281 in
785 2258 870 2282 casu
887 2258 1070 2295 propono,
1087 2258 1248 2295 provoco
1263 2250 1300 2281 et
1311 2245 1457 2296 appello
1472 2244 1510 2280 in
1526 2243 1680 2280 modum
1696 2242 1762 2293 qui
1776 2241 1960 2292 sequitur:

473 2302 564 2338 Cum
592 2302 804 2339 ordinatum
831 2304 877 2340 sit
899 2308 934 2340 ct
961 2303 1225 2340 concordatum
1246 2303 1342 2340 inter
1361 2303 1600 2353 Philippum,
1621 2301 1686 2338 Dei
1705 2300 1822 2351 gratia
1840 2313 1961 2350 regem

424 2360 649 2396 Francorum
662 2390 670 2406 ,
686 2362 741 2397 vel
763 2361 810 2398 ad
826 2362 906 2410 ejus
925 2366 1065 2398 certum
1086 2362 1319 2407 mandatum,
1338 2375 1381 2398 ex
1397 2374 1471 2398 una
1484 2365 1607 2412 parte,
1625 2365 1660 2397 et
1670 2359 1754 2396 illos
1772 2358 1818 2395 de
1830 2357 1962 2395 ordine

423 2417 671 2465 Cisterciensi,
700 2424 735 2455 et
763 2419 969 2468 specialiter
1001 2421 1096 2457 inter
1127 2421 1299 2457 abbatem
1334 2419 1612 2457 Cistercienscm
1646 2417 1796 2454 nomine
1826 2429 1894 2453 suo
1925 2421 1960 2453 et
