2184 3074
462 277 534 314 552
1013 271 1172 309 CODEX
1202 271 1450 309 DUNENSlS.

461 406 586 442 gerere
604 398 639 430 et
652 396 858 428 monstrare
873 395 1018 440 oportet
1034 389 1323 427 sollicitudinem
1342 391 1561 440 ampliorem
1576 393 1641 442 qui
1659 394 1810 431 caeteris
1824 395 1898 432 dati
1913 402 2000 434 suut

463 452 499 488 in
520 452 732 501 exemplum
752 454 787 486 et
803 449 996 499 speculum
1015 448 1190 492 caritatis,
1204 452 1382 498 tantoque
1396 448 1566 486 devotius
1585 450 1696 488 debet
1710 451 1807 488 intra
1822 465 1861 490 se
1877 458 1999 492 texere

462 510 588 546 dulces
607 509 723 546 sancti
750 507 886 545 amoris
904 507 1103 550 funiculos,
1121 511 1262 557 quanto
1281 507 1387 544 funes
1413 519 1542 545 eorum
1561 509 1787 558 praeclarius
1805 510 1844 547 in
1862 517 1998 550 sortem

462 569 613 606 Domini
633 567 856 604 ceciderunt
874 566 972 602 Haec
990 579 1077 616 ergo
1095 565 1282 602 salutifera
1302 565 1395 602 ratio
1414 566 1491 603 sive
1508 567 1570 616 pia
1587 567 1834 606 consideratio
1853 583 1920 608 nos
1939 570 1998 608 in-

461 627 570 663 duxit
584 631 623 663 ut
638 640 723 663 cum
739 624 943 665 karissimis
960 625 998 660 in
1013 623 1173 669 Christo,
1258 653 1267 666 ,
1283 629 1427 674 praeter
1441 638 1639 662 commune
1652 626 1821 664 debitum
1836 628 1996 668 caritatis

459 685 616 735 speciale
634 683 871 720 fraternitatis
890 681 1156 719 commercium
1176 681 1375 727 iniremus,
1394 683 1496 733 quod
1516 696 1591 720 non
1610 684 1731 721 solum
1751 690 1900 724 mutuos
1919 688 1996 724 col-

458 744 586 794 ligaret
603 742 766 787 affectus„
786 740 850 778 sed
869 740 979 777 etiam
998 739 1106 777 saluti
1126 739 1322 790 proficeret
1342 740 1571 787 animarum,
1592 754 1713 792 neque
1735 743 1836 780 enim
1860 746 1995 783 transi-

458 801 560 838 toriis
579 813 620 837 ac
639 799 839 836 mundanis
858 798 1069 835 deserviens
1088 798 1294 835 commodis
1313 798 1417 849 quod
1443 812 1528 836 cum
1548 800 1690 837 mundo
1715 801 1906 848 transiret,
1930 804 1995 841 sed

455 859 578 910 potius
599 858 652 895 sic
671 858 708 894 in
732 857 838 894 terris
861 856 1041 907 inciperet
1055 861 1096 893 ut
1114 856 1263 907 finalem
1289 856 1327 893 in
1350 856 1461 894 coelis
1479 857 1675 895 sortiretur
1692 858 1876 897 effectum.
1895 861 1995 899 Con-

453 919 617 956 diximus
637 918 761 967 itaque
777 921 813 953 et
830 915 1080 953 concessimus
1100 915 1273 965 praefatis
1296 915 1484 953 canonicis
1503 916 1549 953 de
1569 921 1681 954 totius
1707 918 1851 956 ordinis
1877 921 1995 959 nostri

453 990 635 1015 consensu
656 981 696 1013 ut
710 976 871 1012 habeant
888 975 1047 1026 speciale
1064 975 1301 1022 consortium·
1322 975 1359 1012 in
1377 975 1554 1013 omnibus
1568 975 1758 1014 beneficiis
1777 990 1873 1028 quae
1893 978 1995 1017 dein—

452 1049 537 1087 ceps
563 1036 600 1072 in
622 1039 844 1086 perpetuum
864 1035 903 1071 in
921 1034 1073 1071 ecclesia
1102 1038 1227 1071 nostra
1254 1034 1360 1080 fient,
1379 1038 1415 1071 et
1436 1035 1547 1072 semel
1568 1035 1606 1072 in
1624 1036 1794 1086 quolibet
1814 1049 1914 1075 anno
1933 1037 1995 1076 die

452 1094 513 1131 tali
534 1107 602 1144 pro
621 1093 798 1130 omnihus
816 1092 1001 1130 defunctis
1020 1092 1186 1142 ejusdem
1205 1091 1350 1143 collegii
1365 1092 1636 1130 celebrabimus
1653 1093 1860 1145 sollempne
1876 1097 1994 1143 servi-

452 1153 543 1190 tium
565 1153 602 1190 in
617 1153 765 1203 vigiliis2
782 1153 974 1189 nocturnis
991 1156 1026 1188 et
1041 1152 1080 1189 in
1095 1151 1206 1189 missa
1223 1151 1261 1188 in
1277 1156 1462 1188 conventu
1477 1152 1732 1202 sollempniter
1749 1153 1990 1193 decantanda.

451 1212 504 1249 Ne
522 1212 634 1262 igitur
651 1217 725 1248 tam
744 1211 848 1262 pium
868 1215 1017 1262 pactum
1037 1215 1072 1247 et
1089 1210 1364 1248 confoederatio
1382 1211 1552 1248 salutaris
1579 1211 1636 1248 vel
1665 1211 1855 1249 oblivione
1875 1212 1990 1251 deleri

450 1272 512 1308 vel
528 1270 749 1322 negligentia
767 1271 887 1307 valeat
913 1270 950 1306 in
976 1270 1144 1306 futurum
1171 1269 1340 1315 dissolvi,
1367 1269 1431 1307 sed
1458 1270 1582 1320 potius
1601 1269 1758 1307 firmiter
1775 1270 1992 1310 observetur

452 1335 627 1380 tanquam
656 1329 862 1380 legitimum
895 1328 1183 1378 sempiternum,
1214 1327 1355 1379 placuit
1384 1333 1459 1365 tam
1492 1328 1657 1379 praefato
1688 1329 1852 1379 capitulo
1876 1343 1990 1381 quam

450 1388 557 1425 nobis
580 1388 718 1424 sactum
737 1387 824 1424 inde
843 1387 1120 1438 cyrographum
1141 1387 1281 1425 mutuis
1300 1387 1508 1424 alternatim
1528 1387 1753 1424 communiri
1772 1387 1913 1439 sigillis.

1136 1615 1309 1653 CCXXX.

1030 1723 1148 1759 Leltre
1175 1723 1219 1760 de
1245 1724 1403 1760 cre'ance.

492 1897 654 1935 Salutem
674 1901 709 1933 et
728 1897 764 1932 iu
785 1896 917 1932 ordine
934 1896 1093 1946 gratiose
1110 1896 1290 1947 proficere
1309 1901 1345 1933 et
1361 1896 1520 1947 gloriose
1540 1908 1810 1933 consummare

492 1957 575 1994 lllos
608 1956 768 1993 maxime
798 1956 907 1992 debet
934 1956 1083 1993 dilectio
1109 1956 1279 2007 specialis
1307 1955 1552 2007 conjungere,
1579 1967 1675 2006 quos
1702 1954 1785 1991 unit
1817 1954 1983 2004 ejusdem

443 2017 537 2053 linea
565 2015 785 2066 parentelae.
812 2014 930 2051 Etiam
961 2015 1007 2052 ad
1033 2015 1194 2052 amicum
1222 2029 1351 2052 secure
1383 2015 1598 2060 recurritur,
1630 2014 1676 2050 de
1706 2014 1812 2063 cujus
1844 2013 1980 2050 fiducia

443 2076 595 2112 minime
613 2075 818 2111 dubitatur.
846 2075 940 2111 Hinc
958 2080 1012 2112 est
1031 2075 1132 2126 quod
1155 2080 1296 2113 vestrae
1315 2074 1507 2112 dilectioni
1533 2077 1673 2124 quanta
1696 2086 1848 2124 possum
1869 2072 1981 2109 affec—

441 2141 544 2171 tuosa
572 2147 724 2184 precum
745 2134 919 2170 instantia
949 2134 1120 2184 supplico
1145 2148 1212 2184 per
1229 2137 1437 2185 praesentes
1456 2137 1639 2183 quatenus
1658 2131 1835 2168 dilectum
1855 2130 1978 2168 meum

441 2193 592 2229 latorem
621 2192 870 2242 praesentium
903 2192 939 2228 in
973 2192 1045 2229 illis
1076 2206 1171 2243 quae
1200 2192 1307 2229 vobis
1336 2195 1524 2243 suggeret,
1551 2203 1676 2227 amore
1703 2189 1775 2226 mei
1804 2189 1980 2239 adjuvare

438 2251 575 2296 velitis,
593 2250 716 2287 verbis
739 2250 816 2287 suis
837 2255 1014 2301 tanquam
1042 2251 1153 2298 meis7
1181 2251 1210 2288 si
1237 2264 1408 2302 praesens
1433 2263 1565 2296 essem,
1590 2249 1702 2286 fidem
1735 2248 1775 2285 in
1802 2247 1978 2284 omnibus

437 2309 674 2354 adhibendo7
699 2309 856 2346 scientes
880 2309 983 2360 quod
1007 2310 1191 2360 quicquid
1218 2309 1337 2347 eidem
1370 2305 1546 2358 adjutorii
1577 2306 1854 2358 impenderitis,
1883 2305 1974 2342 mihi

438 2370 574 2405 factum
602 2366 761 2403 totaliter
787 2367 981 2417 reputabo.

1154 2435 1264 2443 ⁴0.—>
