2184 3074
458 248 531 302 3⁶6
1009 262 1171 301 connx
1197 264 1442 304 DUNENffls

460 394 526 431 per
544 380 650 429 cujus
672 379 893 416 industriam
921 379 1038 429 ipsam
1065 379 1256 416 ecclesiam
1282 394 1349 430 per
1371 394 1526 419 suorum
1553 388 1739 421 rectorum
1757 385 1990 424 insolentiam

460 438 603 488 magnis
623 437 855 488 temporibus
879 437 1080 474 desolatam
1105 451 1296 488 speramus
1320 440 1512 477 reformari
1544 441 1583 477 in
1609 445 1744 479 statum
1771 443 1939 482 debitum
1958 450 1993 482 et

459 492 607 542 reduci,
625 500 744 545 grates
763 499 799 532 et
821 495 974 545 gratias,
995 508 1071 532 non
1089 509 1182 546 quas
1207 496 1406 543 debemus,
1428 498 1492 535 sed
1510 511 1603 549 quas
1621 512 1836 550 possumus,
1853 507 1994 540 vestrae

459 554 616 592 bonitati
635 553 888 591 sanctissimae
902 553 1114 600 referimus,
1128 558 1233 604 pater
1250 567 1350 601 care,
1365 568 1434 593 nos
1453 556 1614 594 totaliter
1627 562 1664 594 et
1676 559 1779 608 quod
1795 564 1994 610 possumus

459 626 501 649 ac
519 611 701 662 quicquid
716 611 912 657 habemus,
926 611 1120 649 offerentes
1134 612 1180 649 ad
1199 612 1416 650 mandatum
1434 619 1576 651 vestrae
1593 616 1845 654 sanctissimae
1858 618 1994 656 volun-

461 672 554 708 tatis.
574 671 712 709 Verum
729 671 817 721 quia
838 684 1015 721 magnum
1034 676 1070 708 et
1086 672 1245 709 arduum
1274 672 1382 710 nobis
1404 673 1451 710 ad
1477 687 1650 724 praesens
1672 675 1858 713 incumbit
1879 690 1994 728 nego-

460 731 572 775 tium,
594 730 696 780 quod
726 730 850 767 verbis
885 730 1009 780 potius
1035 730 1249 768 affectamus
1279 745 1393 782 quam
1425 732 1548 769 verbis
1579 733 1774 784 explicari,
1801 735 1992 773 Sanctitati

461 788 619 835 Vestrae,
638 801 724 826 cum
742 788 846 825 omni
860 788 1058 826 devotione
1068 802 1142 840 qua
1156 789 1336 827 debemus
1350 794 1386 828 et
1399 803 1618 841 possumus,
1634 792 1888 843 supplicamus
1900 806 1996 845 qua—

416 872 423 876 s
460 848 559 894 tinus
596 847 746 884 credere
779 847 987 897 dignemini
1022 847 1187 885 Johanni
1219 848 1266 885 de
1294 848 1498 895 Vilemaro,
1535 854 1662 888 nostro
1697 853 1929 901 procuratori
1960 858 1998 892 et

458 905 592 942 clerico
608 905 779 956 speciali,
796 919 909 956 super
926 919 970 942 eo
988 906 1092 956 quod
1117 906 1164 943 de
1184 907 1285 944 dicto
1305 907 1452 957 negotio
1470 907 1620 946 Vestrae
1641 909 1858 948 Patet-nitati
1878 911 1997 949 Sano-

460 963 621 1001 tissimae
647 977 693 1000 ex
711 968 814 1013 parte
833 968 957 1002 nostra
975 963 1125 1002 duxerit
1142 965 1378 1004 referendum
1390 994 1400 1011 ,
1418 966 1608 1013 facientes,
1626 968 1657 1005 si
1678 968 1815 1018 placet,
1841 969 1888 1007 de
1913 969 1996 1021 ipso

460 1022 608 1072 negotio
624 1026 737 1072 prout
755 1027 882 1059 nostro
900 1023 1035 1060 honori
1063 1028 1099 1060 et
1121 1025 1319 1061 commodo
1350 1025 1518 1062 videritis
1540 1026 1726 1077 expedire.
1750 1028 1828 1078 Ego
1853 1028 1996 1076 Guido,

459 1093 581 1117 comes
608 1080 806 1118 Flandriae
835 1085 873 1118 et
903 1081 1070 1119 marchio
1100 1082 1362 1121 Namurcensis
1394 1084 1606 1134 praedictus
1634 1085 1756 1136 sigillo
1786 1085 1997 1127 carissimae

458 1138 631 1175 dominae
649 1139 776 1176 matris
795 1144 942 1177 nostrae
964 1140 1174 1190 praedictae
1203 1140 1243 1178 in
1267 1141 1337 1178 hac
1363 1147 1467 1192 parte
1495 1156 1578 1180 sum
1603 1148 1811 1182 contentus.
1837 1145 1939 1183 Bene
1961 1151 1997 1184 et

459 1196 524 1234 diu
542 1197 725 1234 Dominus
743 1210 809 1235 vos
827 1202 1020 1235 conservet
1037 1198 1221 1236 Ecclesiae
1239 1204 1386 1240 sanctae
1403 1213 1502 1238 suae.

508 1256 645 1292 Datum
662 1255 818 1294 sabbato
836 1261 920 1307 post
939 1257 1207 1295 penthecosten
1226 1271 1326 1295 anno
1344 1257 1459 1296 ΙΔΧΧο
1477 1259 1597 1297 tertio.

1166 1380 1290 1392 -η-οο-

1147 1532 1315 1570 CCXLll.

1012 1646 1130 1683 Leure
1148 1646 1192 1683 de
1208 1646 1443 1683 consolation.

511 1853 611 1890 Licet
634 1851 852 1894 Fastredus,
879 1852 992 1888 frater
1019 1856 1140 1888 vester
1165 1852 1393 1898 carissimus,
1423 1853 1721 1902 consanguineus
1747 1857 1888 1898 noster,
1915 1853 1997 1891 lau-

460 1912 634 1950 dabiliter
662 1915 756 1948 esset
785 1910 1014 1960 compositus
1047 1910 1245 1960 multiplici
1271 1924 1405 1961 genere
1428 1911 1630 1961 gratiarum
1657 1915 1693 1948 et
1714 1911 1764 1948 ob
1787 1911 1826 1948 id
1852 1912 1891 1948 in
1917 1911 1996 1962 ejus

460 1970 659 2007 amissione
683 1968 789 2006 vobis
808 1968 911 2005 adest
935 1973 971 2005 et
995 1968 1123 2006 adesse
1146 1969 1258 2006 debet
1283 1969 1423 2006 doloris
1454 1969 1605 2006 materia
1632 1969 1810 2019 grandior
1834 1974 1870 2007 et
1893 1983 1997 2007 moe—

460 2029 574 2074 roris,
599 2041 663 2065 vos
691 2032 827 2064 attente
853 2040 1027 2077 rogamus
1053 2032 1088 2064 et
1108 2027 1241 2064 affectu
1269 2040 1345 2078 quo
1370 2040 1569 2078 possumus
1596 2027 1796 2064 invitamus
1820 2028 1996 2078 quatinus

461 2088 557 2124 vires
581 2087 707 2123 viriles
730 2085 888 2123 viriliter
919 2090 1166 2132 assumentes,
1197 2086 1392 2123 doloribus
1422 2085 1600 2122 luctuosis
1631 2098 1726 2135 quos
1757 2098 1843 2122 cum
1873 2086 1996 2124 cordis

461 2145 708 2182 amaritudine
743 2144 987 2195 concepistis,
1025 2144 1225 2195 depositis,
1257 2145 1487 2182 voluntatem
1520 2143 1731 2181 sustineatis
1757 2143 1900 2181 domini
1930 2156 1996 2194 pa-

462 2203 614 2249 tienter,
643 2216 710 2239 nec
739 2208 794 2240 est
815 2203 1050 2240 moeroribus
1083 2203 1359 2240 immorandum
1382 2203 1448 2253 qui
1474 2207 1638 2240 vestrum
1667 2215 1802 2253 corpus
1826 2202 1997 2252 affligunt

462 2267 497 2299 et
528 2262 709 2308 animam,
737 2274 805 2298 nec
827 2261 973 2298 animae
1002 2262 1114 2299 vestri
1146 2261 1269 2299 fratris
1304 2261 1508 2312 proficiunt
1536 2260 1583 2297 ad
1613 2261 1780 2298 salutem.
1808 2261 1867 2298 Nil
1893 2260 1994 2297 aliud

462 2319 571 2356 etiam
597 2331 788 2369 superesse
811 2319 982 2357 videmus
1005 2332 1118 2370 quam
1142 2319 1246 2371 quod
1264 2320 1461 2357 recurratis
1479 2318 1526 2356 ad
1545 2319 1649 2356 lllius
1665 2318 1839 2356 solatium
1857 2319 1922 2369 qui
1941 2324 1996 2356 est

464 2377 707 2414 moerentium
744 2378 970 2424 consolator,
1008 2378 1131 2428 ipsum
1171 2378 1402 2415 orationibus
1437 2377 1708 2428 interpellando
1746 2376 1912 2414 fidelium
1955 2382 1995 2414 ut
