2184 3074
455 317 525 354 166
1002 314 1163 352 CODEX
1191 302 1437 354 DUNENfflS.

452 433 632 482 coeperit,
648 436 683 468 et
697 432 767 468 alia
782 430 987 481 perdiderit
1000 443 1152 467 cursum
1168 444 1278 468 suum
1288 460 1297 478 ,
1317 431 1369 469 sic
1383 433 1485 482 quod
1500 437 1637 471 extunc
1650 435 1837 475 effluxerit
1849 439 1992 489 primus

451 491 645 528 solutionis
673 489 852 526 terminus
883 489 1048 526 decimae
1080 490 1328 540 supradictae,
1361 491 1544 528 decimam
1576 493 1694 543 ipsam
1721 508 1740 531 a
1763 497 1934 546 praelatis
1957 503 1992 536 et

451 549 619 599 personis
637 547 892 584 ecclesiasticis
915 547 1138 597 supradictis
1157 548 1337 585 faciamus
1357 549 1464 598 juxta
1487 551 1761 600 praedictarum
1787 554 1992 596 litterarum

447 607 733 658 apostolicarum
767 606 1035 643 continentiam
1070 611 1106 643 et
1138 611 1302 644 tenorem
1335 609 1564 658 integraliter
1593 611 1775 650 exhiberi.
1808 614 1883 652 Nos
1915 616 1996 666 ejus

451 665 693 714 petitionibus
720 668 925 701 annuentes
952 669 987 701 et
1011 665 1178 702 volentes
1204 665 1423 703 mandatum
1449 668 1694 717 apostolicum
1725 671 1834 709 nobis
1860 673 1899 710 in
1927 674 1996 712 hac

450 727 554 772 parte
571 723 771 767 directum,
798 726 841 758 ut
864 726 1047 768 tenemur,
1074 723 1230 774 exequi,
1252 729 1463 761 reverenter
1479 725 1587 763 vobis
1605 733 1642 764 et
1658 722 1820 766 vestrum
1839 731 1997 782 singulis

450 781 520 818 sub
546 794 664 831 poena
692 781 1113 828 excommunicationis,
1140 782 1396 832 suspensionis
1416 787 1452 819 et
1473 785 1691 823 auctoritate
1714 788 1901 837 praedicta
1919 790 1998 828 dis—

450 839 554 875 tricta
572 839 836 889 praecipiendo
855 839 1095 886 mandamus,
1114 852 1255 891 vosque
1269 841 1463 879 universos
1476 846 1512 879 et
1526 842 1692 893 singulos
1706 850 1872 884 vestrum
1889 861 1998 898 prae-

449 898 610 934 sentium
642 902 767 935 tenore
798 910 994 935 monemus
1025 899 1166 948 primo,
1198 900 1363 937 secundo
1395 905 1430 938 et
1461 901 1586 948 tertio,
1619 907 1656 939 et
1685 916 1760 940 una
1792 906 1998 944 monitione

450 956 696 1006 peremptoria
724 956 1008 1006 procurabimus
1035 961 1220 1007 quatenus
1243 971 1309 995 vos
1334 962 1370 995 et
1394 963 1558 996 vestrum
1580 959 1719 1011 singuli
1739 961 1876 1000 dictam
1894 965 1998 1002 deci-

451 1028 547 1051 mam
566 1015 666 1052 dicto
683 1015 838 1051 domino
856 1015 932 1064 regi
952 1014 990 1051 in
1009 1020 1173 1065 quatuor
1190 1016 1438 1068 infrascriptis
1466 1019 1634 1056 terminis
1655 1035 1662 1055 :
1683 1020 1806 1070 primo
1825 1022 1997 1060 videlicet
2017 1061 2019 1063 ,

449 1074 544 1110 infra
564 1087 726 1111 mensem
745 1078 944 1124 postquam
971 1088 1144 1125 praesens
1167 1076 1324 1113 monitio
1353 1077 1391 1113 in
1411 1078 1564 1115 ecclesia
1587 1079 1790 1117 cathedrali
1813 1082 1996 1120 uniuscu-

443 1132 581 1182 jusque
593 1133 753 1170 civitatis
771 1133 892 1169 dictae
903 1133 1117 1183 provinciae
1136 1134 1248 1171 fuerit
1265 1135 1455 1185 publicata
1467 1165 1476 1182 ,
1491 1138 1656 1174 secundo
1674 1138 1714 1175 in
1732 1139 1885 1177 instanti
1903 1141 1996 1178 sesto

448 1191 656 1228 Nativitatis
674 1192 807 1228 beatae
825 1191 961 1228 Mariae
977 1191 1142 1242 Virginis
1155 1221 1164 1238 ,
1187 1197 1223 1229 et
1244 1193 1353 1230 tertio
1373 1198 1511 1231 extunc
1529 1195 1575 1232 ad
1594 1209 1658 1233 sex
1677 1210 1838 1245 menses,
1862 1203 1996 1250 quarto

449 1262 535 1286 vero
555 1249 705 1285 abunde
719 1250 766 1286 ad
787 1249 879 1286 alios
897 1263 963 1287 sex
985 1263 1130 1288 menses
1150 1251 1323 1301 proximo
1341 1253 1593 1290 numerandos
1612 1254 1721 1292 nobis
1743 1260 1807 1292 aut
1828 1257 1997 1306 personis

449 1307 634 1358 deputatis
653 1322 718 1345 seu
742 1308 954 1346 substitutis
977 1313 1041 1346 aut
1059 1309 1284 1360 deputandis
1303 1324 1368 1348 seu
1391 1311 1662 1350 substituendis
1680 1327 1700 1350 a
1721 1314 1829 1352 nobis
1844 1315 1883 1352 in
1901 1328 1997 1366 qua-

450 1366 540 1403 libet
558 1367 705 1403 civitate
723 1367 780 1403 vel
800 1367 950 1416 dyocesi
976 1367 1096 1404 dictae
1114 1368 1329 1418 provinciae
1347 1369 1393 1405 ad
1413 1370 1668 1408 collectionem
1693 1376 1729 1409 et
1746 1373 1996 1424 receptionem

449 1424 614 1474 ejusdem
638 1425 818 1471 decimae,
843 1426 896 1462 sic
919 1426 1022 1462 omni
1051 1426 1270 1463 difficultate
1291 1432 1478 1475 cessante,
1504 1429 1654 1467 solvatis
1681 1430 1823 1481 integre
1849 1436 1885 1469 et
1909 1432 1996 1469 red—

450 1483 559 1529 datis,
578 1484 680 1534 quod
698 1484 744 1520 de
761 1484 973 1521 obedientia
988 1489 1024 1521 et
1041 1485 1239 1522 devotione
1253 1486 1385 1523 merito
1400 1487 1653 1525 commendari
1668 1490 1816 1538 possitis
1832 1494 1868 1527 et
1886 1490 1993 1528 Sedis

447 1541 679 1591 Apostolicae
704 1546 739 1578 et
769 1542 912 1578 domini
945 1543 1041 1593 regis
1075 1543 1254 1593 praedicti
1285 1544 1575 1582 benivolentiam
1608 1550 1644 1582 et
1666 1546 1831 1584 favorem
1858 1548 1995 1585 exinde

449 1601 663 1650 promereri.
689 1601 798 1649 Quod
818 1601 847 1638 si
869 1601 1086 1651 hujusmodi
1112 1603 1384 1641 monitionibus
1409 1605 1544 1642 nostris
1563 1610 1598 1642 et
1619 1607 1807 1656 processui
1828 1620 1903 1644 non
1927 1621 1995 1658 pa-

449 1659 596 1695 rueritis
616 1673 700 1696 cum
720 1659 870 1706 effectu,
890 1661 948 1696 vel
968 1661 998 1697 si
1019 1660 1058 1697 in
1078 1661 1264 1698 solutione
1283 1662 1403 1699 dictae
1417 1662 1582 1700 decimae
1595 1665 1634 1701 in
1648 1669 1726 1701 toto
1742 1666 1801 1702 vel
1819 1666 1859 1703 in
1873 1667 1994 1717 parte,

447 1717 592 1753 statutis
613 1718 659 1754 ad
681 1717 751 1754 hoc
777 1718 946 1755 terminis
971 1723 1034 1755 aut
1052 1719 1181 1770 aliquo
1203 1721 1437 1767 eorumdem,
1462 1735 1528 1759 vos
1550 1721 1726 1768 deficere,
1748 1724 1852 1774 quod
1878 1724 1995 1777 absit,

448 1775 660 1825 contigerit,
676 1789 745 1812 nos
764 1776 870 1812 vobis
889 1776 1052 1814 dominis
1079 1777 1360 1829 archiepiscopo
1379 1783 1415 1815 et
1435 1779 1619 1830 episcopis
1637 1780 1847 1831 ingressum
1868 1782 1995 1820 Eccle-

450 1832 524 1868 siae
542 1832 815 1880 interdicimus,
839 1839 875 1870 et
893 1835 931 1871 in
950 1848 1015 1872 vos
1034 1848 1164 1873 omnes
1183 1836 1275 1874 alios
1293 1841 1328 1873 et
1346 1837 1514 1887 singulos
1537 1838 1745 1888 praedictos
1765 1839 1939 1877 videlicet
1955 1841 1995 1877 in

449 1891 654 1941 singulares
672 1905 848 1942 personas
869 1906 944 1930 non
964 1899 1134 1944 parentes
1153 1896 1572 1943 excommunicationis,
1594 1897 1685 1934 etin
1710 1897 1891 1948 capitula,
1917 1899 1995 1936 col-

450 1949 563 2000 legia,
593 1955 798 1988 conventus
830 1955 865 1988 et
887 1952 1060 1989 ecclesias
1079 1952 1266 1990 interdicti
1294 1955 1513 2001 sententias,
1545 1955 1764 1992 auctoritate
1790 1956 1994 2006 praedicta,

452 2008 604 2045 ferimus
619 2009 657 2044 in
680 2008 752 2046 hiis
776 2009 934 2059 scriptis.
956 2010 995 2046 Si
1013 2023 1101 2047 vero
1122 2024 1210 2058 vos,
1236 2012 1415 2062 praedicti
1439 2012 1728 2064 archiepiscopi,
1753 2015 1812 2051 vel
1830 2019 1994 2052 vestrum

451 2066 586 2116 aliquis
612 2080 679 2116 per
702 2071 785 2103 octo
811 2067 889 2105 dies
915 2068 1041 2118 (quod
1065 2069 1179 2117 absit)
1199 2069 1432 2119 praedictum
1457 2071 1707 2109 sustinueritis
1733 2072 1994 2121 interdictum,

452 2125 575 2162 animo
601 2126 775 2163 indurato
805 2127 843 2163 in
873 2140 940 2164 vos
975 2128 1216 2165 interdictum
1254 2129 1472 2179 hujusmodi
1508 2131 1750 2177 sustinentes,
1781 2132 1821 2168 in
1856 2132 1995 2170 eisdem

451 2183 596 2233 scriptis
615 2185 1012 2223 excommunicationis
1031 2187 1230 2224 sententias
1246 2188 1528 2238 promulgamus
1541 2189 1588 2225 ad
1602 2202 1740 2240 poenas
1757 2190 1848 2227 alias
1866 2195 1996 2228 contra

455 2253 517 2277 vos
537 2254 664 2279 omnes
689 2247 724 2278 et
747 2243 913 2293 singulos
933 2257 1008 2280 non
1034 2249 1222 2295 parentes,
1249 2251 1361 2296 prout
1379 2246 1576 2283 rebellium
1596 2248 1818 2298 protervitas
1834 2249 1996 2299 exegerit

453 2303 489 2334 et
506 2300 679 2349 expedire
697 2301 900 2339 viderimus
918 2304 1140 2353 processuri.
1158 2304 1296 2341 Datum
1317 2305 1485 2352 Parisiis,
1503 2310 1638 2356 quarto
1656 2306 1718 2343 die
1734 2306 1877 2353 martii,
1895 2320 1994 2345 anno

454 2356 605 2394 Domini
624 2358 675 2394 Μο
693 2359 796 2395 CCC⁰
813 2364 916 2397 sexto
935 2361 1005 2397 sub
1022 2361 1145 2412 sigillo
1165 2366 1302 2399 nostro.
