2184 3074
735 361 895 399 CODEX
922 363 1166 403 DUNENSlS.
1644 368 1715 406 563

191 474 472 512 admittentibus
491 487 529 512 se
542 474 682 512 dictum
697 476 833 515 sactum
849 491 1041 529 nunquam
1060 485 1287 530 perpetrasse
1304 493 1368 519 seu
1387 482 1466 519 fieri
1484 494 1712 533 procurasse,

191 547 260 572 nec
278 547 390 585 super
405 534 603 584 praedictis
621 535 659 572 in
676 536 803 587 aliquo
820 537 1043 588 culpabilem
1061 539 1233 577 extitisse.
1251 540 1379 578 Plures
1396 545 1518 578 autem
1537 540 1715 591 fldedigni

191 598 227 631 et
244 594 340 632 inter
356 593 450 631 alios
465 593 572 641 tales,
589 594 678 632 tales
696 599 731 632 et
749 596 853 643 tales,
868 601 1067 635 asserentes
1084 611 1122 635 sc
1139 598 1226 635 dicti
1248 598 1434 636 Laurentii
1454 612 1473 635 a
1493 599 1603 650 longo
1621 603 1714 636 tem-

191 665 282 704 pore
307 651 477 690 notitiam
504 651 679 690 habuisse
705 659 740 691 et
764 655 1052 693 conversationis
1077 656 1262 705 ejusdem,
1291 669 1376 694 cum
1410 656 1539 694 eodem
1573 656 1715 694 'rhomo

193 715 447 762 comparentes
471 711 510 748 in
533 710 678 761 judicio
701 725 824 750 coram
852 713 959 751 nobis
977 718 1211 751 asseruerunt
1231 727 1298 766 per
1321 727 1387 752 sua
1412 715 1584 766 praestita
1605 726 1717 764 super

193 770 264 808 hoe
290 769 501 820 juramenta
531 782 570 807 se
595 769 751 807 firmiter
782 770 852 807 boc
876 771 1024 808 credere
1049 769 1189 809 dictum
1219 773 1459 810 Laurentium
1488 773 1626 810 dixisse
1652 785 1718 823 per

193 841 303 867 suum
338 841 450 879 super
476 827 546 865 boc
572 827 611 865 in
643 829 864 879 purgatione
893 842 958 866 sua
984 829 1237 879 juramentum
1265 832 1480 882 praestitum
1513 831 1714 869 veritatem.

194 886 352 938 Propter
375 886 479 937 quod
509 887 632 937 ipsum
659 886 899 925 Laurentium
927 888 1195 926 licentiavimus
1225 893 1260 926 et
1289 889 1514 927 absolvimus
1541 893 1716 940 tanquam

195 945 242 983 de
259 945 360 983 dieto
385 946 472 982 casu
495 958 560 982 seu
586 945 682 982 sacto
703 950 889 995 repertum
915 946 1177 997 inculpabilem
1204 947 1350 997 penitus
1375 952 1409 984 et
1436 947 1650 984 immunem.
1677 947 1718 984 ln

197 1003 304 1054 cujus
322 1004 374 1041 rei
392 1004 610 1042 memoriam
625 1032 633 1050 ‚
648 1008 716 1041 etc.

902 1127 1025 1139 —QOO—

857 1268 1068 1308 CCCXClll.

324 1386 515 1423 Pe'nitence
532 1387 686 1435 impose'e
702 1399 752 1424 au
771 1389 968 1424 meurlrt'er
985 1387 1073 1425 d’un
1090 1387 1191 1437 frere
1208 1399 1356 1425 convers
1374 1387 1418 1424 de
1439 1386 1599 1425 Thoana.

246 1591 374 1629 Frater
387 1591 683 1638 Hildebrandus,
697 1592 840 1629 domini
855 1606 971 1643 papae
984 1591 1300 1643 poenitentiarius,
1313 1590 1483 1641 religioso
1497 1590 1576 1628 viro
1590 1588 1717 1627 abbati

198 1650 412 1689 monasterii
430 1650 476 1688 de
492 1651 590 1688 Does
608 1651 647 1688 in
666 1650 860 1698 Flandria,
878 1651 1031 1688 salutem
1053 1650 1091 1687 in
1111 1650 1282 1687 Domino.

245 1708 446 1759 Symonem
459 1708 602 1747 ‚laicum
614 1738 623 1756 ,
642 1709 795 1746 latorem
813 1709 1061 1759 praesentium
1073 1737 1082 1754 ,
1096 1708 1160 1759 qui
1179 1708 1268 1745 olim
1288 1721 1380 1745 ausu
1397 1706 1573 1756 sacrilego
1588 1718 1722 1756 quem-

196 1766 282 1804 dam
307 1779 527 1805 conversum
552 1767 664 1804 vestri
689 1767 901 1805 monasterii
927 1766 1109 1804 interfecit
1132 1766 1179 1803 ab
1204 1764 1585 1803 excommunicatione
1610 1776 1722 1814 quam

196 1820 348 1878 propter
373 1827 444 1864 hoc
470 1827 628 1864 incurrit
653 1840 699 1864 ex
726 1826 941 1877 hujusmodi
978 1825 1168 1863 homicidii
1200 1830 1302 1863 reatu
1332 1824 1379 1862 ad
1409 1837 1475 1861 vos
1505 1822 1721 1861 auctoritate

195 1884 338 1922 domini
355 1898 472 1936 papae
489 1885 712 1923 remittimus
736 1885 845 1935 juxta
868 1886 1024 1922 sormam
1052 1883 1234 1921 Ecclesiae
1258 1881 1720 1928 absolutum,-mandantes

195 1943 315 1981 eidem
342 1943 440 1981 inter
461 1943 532 1981 alia
558 1944 629 1981 sub
655 1944 782 1981 debito
808 1943 970 1995 praestiti
994 1942 1194 1993 juramenti
1221 1946 1277 1987 ut,
1303 1955 1369 1992 per
1395 1953 1523 1978 omnes
1549 1938 1718 1976 ecclesias

195 2002 352 2052 majores
375 2002 476 2039 illius
500 2002 570 2040 loci
595 2003 633 2039 in
652 2015 728 2054 quo
746 2003 816 2040 suit
833 2002 974 2040 facinus
991 2005 1258 2052 perpetratum,
1277 1999 1399 2037 nudus
1415 2003 1450 2036 et
1466 1998 1718 2041 discalciatus,

196 2059 344 2098 brachis
371 2060 566 2098 dumtaxat
588 2061 755 2107 retentis,
776 2060 918 2111 virgam
938 2061 1056 2097 ferens
1081 2059 1118 2096 in
1144 2058 1317 2095 manibus
1341 2062 1377 2094 ct
1405 2056 1600 2107 corrigiam
1622 2055 1718 2092 circa

196 2118 354 2165 collum,
383 2119 413 2156 si
443 2131 570 2156 secure
600 2119 753 2170 poterit,
783 2119 927 2156 incedat
951 2123 987 2155 ct
1014 2132 1033 2156 a
1064 2117 1275 2168 presbiteris
1305 2116 1452 2153 illarum
1482 2114 1719 2152 ecclesiarum

195 2177 380 2229 psalmum
399 2177 700 2228 poenitentialem
718 2177 944 2223 dicentibus,
967 2177 1163 2216 antelores
1181 2173 1414 2219 earumdem,
1431 2172 1584 2224 quando
1602 2171 1719 2221 major

197 2237 236 2274 in
253 2236 306 2274 eis
323 2235 441 2273 aderit
456 2236 586 2287 populi
605 2236 825 2283 multitudo,
838 2249 876 2273 se
890 2235 998 2273 saciat
1010 2234 1210 2278 verberari,
1223 2246 1331 2271 suum
1347 2232 1496 2283 publice
1509 2229 1720 2268 confitendo
1772 2263 1776 2269 .

196 2299 355 2340 reatum,
383 2298 419 2331 et
438 2294 663 2332 monasterio
688 2298 810 2332 vestro
834 2294 893 2331 cui
921 2293 1041 2330 dictus
1070 2291 1252 2330 serviebat
1280 2302 1498 2334 conversus,
1523 2288 1720 2326 satisfaciat

197 2356 464 2403 competenter,
490 2356 527 2390 et
552 2353 581 2390 si
609 2352 761 2403 aliquod
792 2352 942 2389 feodum
972 2351 1020 2388 ab
1051 2351 1132 2401 ipso
1161 2348 1383 2387 monasterio
1417 2352 1535 2385 teneat
1568 2347 1624 2384 vel
1656 2346 1718 2396 jus

197 2413 414 2462 patronatus
438 2410 603 2461 optineat
629 2411 667 2448 in
693 2410 843 2456 eodem,
872 2411 950 2461 ipse
979 2422 1021 2446 ac
1050 2409 1129 2459 ejus
1159 2406 1310 2445 heredes
1339 2406 1412 2444 illis
1442 2410 1621 2456 perpetuo
1645 2404 1717 2442 sint

195 2467 330 2521 privati
349 2483 357 2504 ε
385 2480 450 2506 vos
475 2473 617 2515 autem,
636 2469 864 2507 considerata
892 2468 1001 2519 culpa
1023 2467 1156 2518 ipsius,
1175 2465 1377 2516 injungatis
1399 2464 1431 2501 ei
1456 2463 1718 2515 poenitentiam
