2184 3074
478 268 551 304 2⁹22
1027 265 1188 302 CODEX
1215 265 1459 304 DUNENSIS.

1150 439 1343 476 CXXXIX.

572 560 802 597 Mandemenl
818 557 953 607 relatis
962 557 984 593 ἀ
1001 555 1173 593 l'e'lection
1192 555 1281 592 d’un
1298 555 1385 592 abbe'
1400 568 1451 592 au
1472 558 1672 594 manascere
1688 558 1732 595 de
1750 558 1907 597 lesan.

524 756 569 793 Ut
591 753 711 791 omnis
730 751 954 802 suspicionis
975 750 1126 787 tollatur
1143 747 1294 786 materia
1313 754 1348 786 et
1369 753 1488 787 rectae
1513 751 1671 788 rationis
1685 751 1872 801 judicium
1898 755 2009 792 sinis-

471 819 547 851 trae
571 811 816 863 suggestionis
845 809 1018 847 instantia
1045 822 1120 846 non
1148 813 1339 855 mutetun
1357 809 1590 847 universitati
1617 815 1760 848 vestrae
1785 814 2009 851 reseratione

470 872 719 924 praesentium
738 871 967 907 declaramus
981 869 1083 920 quod
1101 882 1187 905 cum
1202 881 1269 905 nos
1282 868 1328 905 ad
1344 869 1617 918 pacificandum
1633 874 1768 908 statum
1789 873 2009 910 monasterir

468 933 513 969 de
527 931 673 981 Capella
687 930 779 966 etde
793 930 893 966 bono
908 929 946 965 in
960 928 1092 965 melius
1106 927 1402 974 reformandum,
1420 941 1439 964 a
1458 929 1662 966 reverendo
1676 934 1781 980 patre
1795 930 2010 974 domino...,

468 990 602 1026 abbate
619 988 664 1024 de
682 988 801 1025 Dunis
820 987 908 1024 dicti
936 986 1148 1023 monasterii
1168 986 1410 1037 praeabbate2
1435 986 1500 1037 qui
1526 987 1572 1023 ad
1599 987 1670 1024 hoc
1699 988 1834 1038 pietate
1857 993 2008 1039 paterna

466 1049 586 1084 zelum
612 1047 723 1097 gessit
747 1051 783 1083 et
810 1045 940 1083 habuit
968 1045 1187 1088 cordialem,
1211 1045 1352 1095 pluries
1385 1045 1577 1082 convocati
1609 1051 1646 1083 et
1677 1047 1825 1084 tandem
1855 1047 2008 1086 cedente

466 1106 620 1143 domino
624 1135 680 1142 .....
707 1104 899 1155 quondam
927 1103 1066 1140 ibidem
1090 1103 1241 1148 abbate⁷
1264 1103 1380 1154 gratia
1404 1103 1582 1141 visitandi
1607 1108 1643 1141 et
1664 1105 1914 1143 substituendi
1938 1106 2006 1143 ab—

466 1166 588 1203 batem
609 1165 724 1202 alium
743 1164 843 1215 apud
861 1164 1003 1200 dictum
1022 1163 1303 1208 monasterium,
1323 1176 1397 1199 una
1425 1176 1512 1200 cum
1530 1163 1630 1200 dicto
1657 1163 1812 1201 domino
1836 1165 2004 1202 Dunensi

465 1225 707 1274 personaliter
731 1224 975 1268 venissemus,
1001 1222 1178 1259 omnibus
1202 1226 1237 1258 et
1257 1221 1415 1271 singulis
1441 1222 1510 1258 rite
1533 1222 1691 1272 peractis
1717 1235 1814 1273 quae
1839 1223 1886 1260 ad
1907 1224 2004 1261 elec-

465 1283 603 1320 tionem
623 1287 658 1319 et
674 1282 923 1319 visitationem
948 1281 1183 1332 pertinebant
1209 1280 1415 1317 secundum
1450 1281 1608 1318 formam
1636 1285 1672 1318 et
1694 1282 2002 1320 consuetudinem

463 1340 606 1378 ordinis
630 1340 890 1391 approbatam,
919 1342 1107 1389 repertum
1139 1351 1214 1375 non
1246 1338 1386 1384 extitit,
1419 1338 1587 1388 diligenti
1617 1343 1739 1376 tamen
1773 1339 2003 1379 discussione

461 1399 681 1450 praemissa,
706 1399 830 1449 aliqua
858 1398 970 1435 fuisse
998 1397 1189 1448 proposita
1217 1401 1344 1434 contra
1368 1396 1617 1434 venerabilem
1637 1397 1834 1435 dominum
1853 1399 2001 1437 Willel-

462 1471 584 1503 mum,
604 1470 705 1494 nunc
718 1457 807 1494 dicti
822 1456 1034 1494 monasterii
1050 1456 1240 1502 abbatem,
1259 1461 1347 1492 tunc
1365 1459 1488 1492 autem
1507 1455 1757 1502 cellerarium,
1773 1469 1870 1507 quae
1883 1457 1999 1508 ipsius

460 1516 595 1552 famam
617 1520 681 1553 aut
699 1528 835 1552 nomen
854 1515 1059 1566 gravabant
1076 1514 1115 1551 in
1133 1515 1259 1565 aliquo
1276 1514 1333 1550 vel
1353 1513 1563 1560 laedebant,
1583 1519 1648 1551 aut
1664 1514 1767 1565 quod
1793 1515 1998 1565 specialites

458 1588 525 1611 suo
543 1575 814 1625 praedecessori
836 1574 990 1611 domino
1009 1574 1200 1611 Willelmo
1219 1573 1407 1624 praedicto
1430 1586 1468 1610 se
1491 1573 1709 1623 opposuerit
1725 1573 1783 1610 vel
1803 1573 1995 1624 aliquibus

458 1634 734 1684 opponentibus
752 1633 978 1671 consenserit
996 1633 1073 1670 ullo
1092 1633 1221 1679 modo,
1245 1631 1309 1670 sed
1335 1632 1438 1683 quod
1461 1632 1584 1682 ipsum
1605 1632 1705 1682 pacis
1727 1636 1943 1670 sectatorem
1961 1635 1999 1670 et

458 1691 619 1728 caritatis
648 1697 849 1728 amatorem
876 1705 1023 1728 morum
1048 1691 1239 1736 honestas,
1263 1690 1360 1727 vitae
1384 1690 1501 1727 virtus
1527 1693 1563 1726 et
1587 1691 1683 1726 fama
1707 1703 1886 1740 personae
1910 1685 1997 1741 plu-

456 1749 594 1787 rimum
619 1750 931 1787 commendabant
956 1750 1142 1787 dolentem
1174 1750 1203 1787 si
1236 1762 1330 1800 quos
1362 1749 1507 1786 abbatis
1538 1748 1594 1786 sui
1625 1749 1790 1786 aemulos
1821 1754 1885 1787 aut
1913 1749 1994 1800 paci

455 1808 659 1845 contrarios
682 1808 873 1845 sentiebat.
