2184 3074
751 269 914 308 CODEX
939 269 1183 309 DUNENSIS.
1665 274 1731 311 28¹

198 402 304 428 casus
321 389 460 441 quibus
480 396 603 428 nostra
620 395 794 442 gravatur
811 390 963 428 ecclesia
983 394 1019 427 et
1031 396 1179 441 gravata
1190 390 1337 440 jamdiu
1352 391 1484 436 extitit,
1499 403 1596 441 quae
1604 404 1737 441 graun-

197 448 310 496 mina‚
323 449 418 486 sicut
430 449 617 487 credimus
630 453 666 486 et
678 462 826 500 sperare
838 461 1037 500 possumus
1051 454 1087 486 et
1100 450 1303 500 potuimus,
1318 449 1559 486 cessavissent
1572 449 1600 486 si
1617 454 1733 485 vestra

196 509 403 559 praesentia
416 510 618 561 corporalis
630 538 638 554 Ἴ
654 514 696 547 ut
714 509 882 546 debitum
902 509 1014 546 officii
1035 509 1144 547 vestri
1165 509 1298 559 exigit5
1319 509 1492 546 affuisset.
1510 508 1748 546 Gravamina-

196 567 348 618 quidem
367 567 484 619 ipsius
501 569 676 606 ecclesiae
693 581 790 618 quae
806 568 953 618 saepius
971 568 1078 605 vobis
1096 568 1313 618 scripsimus
1332 572 1368 605 et
1384 581 1403 604 a
1423 572 1540 605 vestra
1561 581 1634 605 non
1653 579 1734 605 cre-

196 625 321 663 dimus
338 625 518 664 excidisse
537 626 732 672 memoria,
762 626 913 676 longum
937 630 1030 663 esset
1052 640 1118 677 per
1139 626 1284 676 singula
1304 639 1487 663 enarrare.
1514 626 1591 663 Hoc
1611 630 1731 662 tamen

197 683 243 720 ad
265 697 436 734 praesens
451 697 523 721 non
545 697 743 734 possumus
761 684 1052 734 praetermittere
1070 684 1163 735 quin
1190 684 1410 734 prudentiae
1427 689 1569 721 vestrae
1587 683 1733 734 signifi-

197 754 279 779 care
299 755 471 780 curemus
493 743 540 779 de
557 747 678 780 vestro
697 747 938 793 procuratore
955 743 1131 793 magistro
1151 772 1158 779 .
1176 772 1184 786 ,
1201 772 1208 779 .
1225 772 1232 780 .
1250 772 1256 779 .
1274 772 1281 779 .
1301 743 1461 794 qualiter
1479 748 1623 780 nostros
1641 755 1732 779 con-

195 801 394 839 canonicos
409 807 444 838 et
458 815 633 853 personas
647 802 821 843 ecclesiae
835 807 981 839 nostrae
1000 802 1122 839 verbis
1137 802 1327 853 probrosis
1341 807 1377 839 et
1391 802 1494 839 lactis
1509 802 1546 839 in
1564 806 1730 839 nostrum

195 859 411 898 scandalum
446 861 744 905 redundantibus
780 862 874 898 male
908 861 1077 898 tractavit
1107 862 1320 912 frequenter
1354 867 1389 898 et
1420 866 1550 898 tractat
1580 860 1731 905 cotidie,

195 919 347 968 quando
373 932 460 956 suae
488 933 562 956 non
583 925 755 956 annuunt
781 919 979 964 voluntati7
1004 920 1217 969 pracsertim
1237 919 1327 956 dum
1348 919 1462 956 nostri
1482 918 1633 970 capituli
1653 918 1732 955 vice

196 977 234 1014 in
254 977 334 1014 loco
349 977 538 1014 viscarnae
559 983 706 1015 nostrae
725 991 767 1014 ac
781 982 922 1014 vestrae
939 978 995 1014 vcl
1011 978 1099 1014 alibi
1118 978 1320 1028 quicquam
1337 983 1466 1027 agunt,
1482 978 1536 1014 vcl
1554 977 1731 1014 hactenus

196 1047 313 1086 usque
340 1036 386 1072 ad
415 1041 579 1087 tempora
606 1036 785 1073 hodierna
812 1041 986 1086 egerunt,
1014 1041 1050 1072 et
1075 1036 1235 1087 qualiter
1258 1049 1382 1073 coram
1405 1035 1606 1072 venerabili
1630 1040 1731 1086 patre

194 1093 349 1131 domino
366 1094 649 1136 archidiacono,
664 1108 787 1132 coram
807 1095 916 1132 etiam
933 1094 1066 1132 illustri
1087 1100 1214 1132 nostro
1229 1095 1379 1140 comite,
1399 1094 1463 1131 ubi
1485 1095 1552 1130 suit
1570 1094 1730 1130 maxima

195 1153 396 1190 multitudo
415 1159 629 1204 magnatum
647 1153 847 1191 astantium
872 1158 906 1190 et
925 1153 1176 1200 audientium,
1200 1157 1327 1190 contra
1351 1153 1542 1190 ecclesiam
1567 1158 1729 1190 nostram

194 1215 230 1248 et
248 1215 416 1249 nostrum
438 1212 548 1249 totale
565 1212 770 1263 capitulum
795 1212 907 1262 verba
933 1211 1137 1262 incongrua
1159 1217 1194 1248 et
1220 1211 1377 1262 injuriae
1398 1211 1505 1262 plena
1523 1210 1678 1261 protulit
1697 1215 1731 1246 et

193 1270 348 1308 asseruit
366 1285 435 1322 pro
461 1271 622 1309 scabinis
641 1271 897 1322 Brugensibus
922 1275 958 1308 et
974 1284 1043 1322 pro
1067 1271 1155 1308 villa
1175 1271 1383 1320 Brugarum
1403 1284 1440 1307 se
1462 1270 1577 1321 magis
1596 1269 1731 1306 debere

191 1329 406 1375 consilium,
430 1330 679 1380 patrocinium
700 1335 735 1367 et
752 1330 935 1373 auxilium
954 1343 1068 1381 quam
1086 1330 1250 1381 capitulo
1270 1335 1396 1366 nostro
1415 1334 1447 1366 ct
1469 1334 1615 1365 nostrae
1635 1329 1731 1365 Bru-

191 1388 294 1438 gensi
327 1388 501 1426 ecclesiae
531 1389 732 1440 impartiri,
762 1394 796 1426 et
829 1389 938 1426 etiam
966 1388 1011 1425 ad
1040 1389 1110 1425 boc
1137 1389 1258 1439 ipsum
1286 1388 1425 1425 ibidem
1453 1401 1491 1425 se
1517 1392 1728 1438 promptum

190 1447 328 1484 obtulit
344 1452 380 1484 et
398 1452 578 1497 paratum.
600 1447 790 1484 Praeterea
808 1447 929 1484 dictus
948 1446 1123 1496 magister
1146 1447 1308 1496 hospites
1333 1460 1397 1483 seu
1417 1446 1586 1482 homines
1610 1445 1729 1482 eccle-

190 1505 264 1542 siae
291 1510 436 1543 nostrae
462 1519 525 1542 seu
558 1510 702 1543 nostros
729 1505 794 1556 qui
823 1505 892 1555 legi
928 1518 994 1556 per
1029 1509 1173 1542 nostros
1202 1505 1472 1541 concanonicos
1499 1503 1726 1540 exercendae

191 1564 396 1602 secundum
424 1563 732 1601 consuetudinem
754 1564 985 1600 observatam
1010 1563 1148 1599 ibidem
1182 1563 1358 1600 hactenus
1390 1563 1610 1599 inconcusse
1637 1562 1728 1598 sub—

187 1622 330 1671 J'acent,
363 1626 507 1672 praeter
538 1622 653 1671 legem
682 1626 717 1658 ct
740 1621 1026 1658 concanieorum
1064 1626 1275 1658 nostrorum
1307 1621 1494 1671 judicium
1530 1621 1644 1671 legem
1672 1634 1730 1657 se-

190 1693 309 1732 quens
340 1685 376 1717 et
402 1679 595 1729 judicans,
630 1679 744 1716 immo
781 1678 889 1715 etiam
928 1684 1056 1716 contra
1089 1680 1205 1730 legem
1232 1679 1454 1716 antedictam
1482 1683 1518 1715 et
1542 1678 1728 1728 judicium

190 1738 349 1775 intrudit
367 1738 403 1774 in
423 1743 564 1788 petram
592 1742 627 1774 ct
651 1750 834 1774 carcerem
861 1737 986 1774 minus
1006 1738 1106 1787 juste
1137 1739 1174 1774 in
1204 1743 1372 1774 nostrum
1397 1737 1666 1787 praejudicium
1697 1742 1729 1773 ct

190 1808 404 1847 gravamen,
427 1796 607 1833 ballivum
641 1796 750 1833 etiam
780 1801 942 1833 vestrum
975 1796 1164 1847 despicere
1192 1796 1456 1833 canonicorum
1483 1795 1669 1844 judicium
1696 1801 1727 1831 et

190 1859 428 1906 praeceptum
448 1867 576 1892 eorum
606 1854 812 1905 legitimum
837 1854 925 1891 facit
951 1860 988 1891 et
1010 1868 1095 1891 eum
1123 1855 1295 1892 confovet
1319 1854 1357 1891 in
1381 1854 1496 1904 ipsius
1515 1858 1728 1902 contemptu

191 1912 395 1963 praedictQ
428 1913 590 1949 maxime
620 1913 716 1949 circa
753 1913 997 1950 intrusionem
1031 1913 1224 1963 cujusdam
1263 1913 1419 1963 hospitis
1451 1912 1585 1956 nostri2
1615 1924 1726 1961 quan·

193 1971 437 2008 intrusionem
465 1976 611 2022 praeter
639 1972 906 2008 canonicorum
936 1971 1123 2021 judicium
1152 1973 1266 2008 immo
1294 1972 1404 2008 etiam
1425 1976 1548 2021 spreto
1576 1969 1731 2006 canoni-

191 2029 478 2079 corumsjudicio
503 2031 634 2067 factam
660 2031 870 2081 praedictus
896 2031 1056 2068 ballivus
1079 2031 1124 2068 de
1146 2031 1255 2068 vestri
1281 2030 1531 2080 procuratoris
1557 2029 1731 2065 mandato

191 2094 227 2126 et
236 2090 345 2139 jussu
357 2090 414 2126 vel
433 2091 538 2140 quasi
559 2096 696 2127 temere
716 2090 819 2136 lecit,
838 2103 948 2128 suum
969 2091 1039 2128 boc
1059 2091 1172 2128 modo
1189 2090 1461 2141 transgrediens
1475 2089 1730 2138 juramentum

189 2148 405 2198 praestitum
433 2148 480 2185 ab
506 2148 657 2194 eodem,
685 2163 796 2199 quem
830 2154 1007 2200 tanquam
1036 2149 1228 2199 perjurum
1260 2163 1279 2186 a
1309 2162 1377 2185 suo
1405 2148 1583 2185 vellemus
1607 2147 1730 2185 officio

190 2206 371 2250 amoveri„
397 2210 431 2242 et
460 2206 598 2244 fuimus
618 2207 655 2243 in
675 2208 867 2258 proposito
887 2221 962 2244 non
981 2208 1144 2244 intrandi
1163 2208 1390 2244 virscarnam
1410 2219 1478 2257 pro
1495 2207 1731 2243 excercendis

185 2266 338 2316 judiciis
355 2271 391 2303 et
410 2265 619 2304 reddendis.
641 2267 718 2304 Hoc
735 2273 857 2305 tamen
876 2269 1091 2305 distulimus
1108 2273 1144 2305 et
1162 2268 1369 2305 differimus
1387 2280 1506 2318 usque
1525 2267 1571 2304 ad
1590 2273 1730 2304 certum

189 2325 389 2361 terminum
410 2324 459 2360 ob
478 2325 722 2362 reverentiam
741 2331 883 2363 vestrae
901 2339 1098 2377 personae,
1126 2331 1167 2364 ut
1191 2325 1380 2376 congruit,
1409 2326 1516 2375 cujus
1534 2326 1731 2363 consilium

187 2387 224 2419 et
237 2395 454 2433 responsum
474 2383 575 2433 quod
593 2396 658 2434 per
674 2397 738 2421 vos
754 2384 913 2422 breviter
932 2385 1039 2422 nobis
1058 2385 1136 2422 dari
1157 2391 1191 2422 ct
1212 2385 1289 2422 lieri
1304 2414 1311 2420 .
1328 2384 1381 2422 sic
1400 2389 1437 2421 ut
1455 2384 1562 2421 nobis
1577 2389 1612 2421 et
1627 2384 1732 2421 vobis

1538 2443 1587 2481 56
