2184 3074
435 293 508 330 284
984 290 1145 328 CODEX
1172 289 1416 328 DUNENSIS.

1094 465 1319 503 CLXXXlll.

436 588 505 623 Les
537 586 716 636 rele'qae'eax
745 586 789 622 de
821 585 958 622 l'ordre
985 584 1029 620 de
1059 585 1214 621 Ciceaux
1242 583 1462 620 s’adressenc
1492 595 1542 620 au
1569 595 1667 632 pape
1695 583 1771 634 afin
1802 583 1894 634 qu’il
1924 583 1974 620 les

605 644 857 682 recommande
875 644 896 680 (ὶ
916 643 952 680 la
965 644 1166 692 profectiori
1184 642 1228 679 de
1245 642 1346 679 leurs
1363 643 1579 691 superieurs
1599 641 1812 679 diocesaim.

485 840 724 877 sanctissimo
757 838 851 889 patri
880 852 922 875 ac
953 838 1108 875 domino
1112 867 1245 875 ......
1264 838 1332 875 Dei
1359 838 1475 888 gratia
1497 851 1644 875 summo
1672 838 1858 889 pontifici,
1883 853 1972 878 suus

434 899 706 950 qualiscunque
724 897 823 934 filius
827 926 959 934 ......
979 902 1047 934 etc.

484 958 579 1006 Quia
609 958 813 994 multorum
841 956 917 1006 jam
949 957 1081 994 caritas
1115 957 1153 994 in
1185 961 1327 994 tantum
1355 957 1568 1008 refriguisse
1593 956 1758 994 cernitur
1782 957 1884 1007 quod
1910 957 1974 994 vix

434 1019 533 1055 ullus
552 1018 589 1054 in
609 1017 695 1054 liliis
717 1017 913 1054 hominum
935 1016 1000 1067 qui
1021 1021 1139 1053 servet
1165 1016 1387 1066 aequitatem
1410 1016 1576 1066 justitiae
1601 1016 1803 1067 reperitur7
1827 1029 1902 1053 non
1920 1019 1974 1054 est

434 1077 499 1127 qui
520 1081 667 1113 tueatur
686 1089 886 1126 pauperes,
913 1074 977 1125 qui
1004 1075 1125 1111 foveat
1147 1074 1313 1125 pupillos
1336 1079 1373 1111 et
1391 1074 1580 1125 orphanos
1607 1074 1644 1110 in
1665 1070 1769 1124 jure,
1797 1087 1860 1111 seu
1885 1087 1975 1129 pro—

434 1139 529 1185 tegat
548 1135 781 1179 innocentes3
811 1139 846 1171 et
864 1133 1026 1170 maxime
1045 1133 1171 1179 vestri,
1198 1133 1366 1179 domine,
1393 1133 1522 1169 fratres
1543 1132 1795 1170 Cisterciensis
1812 1132 1972 1181 ordinis,

433 1208 621 1246 pressuras
646 1199 681 1231 et
698 1193 854 1244 injurias
874 1207 893 1230 a
913 1193 1094 1244 perversis
1113 1193 1336 1231 sustinentes
1354 1192 1537 1239 assiduas,
1564 1191 1603 1228 in
1622 1191 1733 1228 rebus
1751 1197 1787 1228 et
1803 1192 1973 1242 personis

433 1258 571 1290 tutores
587 1266 659 1289 non
681 1252 892 1295 inveniunt,
913 1265 980 1288 nec
995 1266 1014 1288 a
1030 1252 1106 1289 suis
1125 1251 1372 1302 dyochesanis
1386 1251 1496 1288 etiam
1512 1250 1652 1302 quibus
1667 1263 1754 1287 cura
1773 1250 1820 1287 de
1835 1249 1972 1289 talibus

433 1311 620 1349 debuisset
642 1311 870 1356 incombere„
889 1316 1046 1362 possunt
1071 1311 1191 1347 ullum
1211 1310 1418 1362 respirandi
1437 1309 1635 1347 consilium
1660 1313 1864 1360 reportare,
1885 1322 1972 1347 cum

433 1375 468 1407 et
485 1370 554 1420 ipsi
568 1370 795 1420 dyochesani
806 1369 999 1420 privilegia
1018 1382 1114 1420 quae
1127 1382 1193 1406 vos
1211 1374 1248 1406 et
1265 1369 1564 1420 praedecessores
1573 1367 1685 1405 vestri
1696 1367 1856 1418 benigne
1864 1367 1971 1406 solita

432 1429 639 1466 contulistis
657 1428 779 1465 ordini
808 1442 875 1465 nec
894 1429 1108 1474 observant,
1134 1441 1201 1465 nec
1228 1427 1370 1464 faciunt
1395 1427 1602 1473 observari,
1621 1431 1657 1463 et
1675 1426 1727 1463 sic
1741 1426 1843 1464 omni
1858 1427 1973 1464 desti-

433 1493 589 1524 tuuntur
606 1487 746 1524 auxilio
766 1487 854 1524 dicti
874 1488 1002 1524 fratres
1021 1487 1092 1524 nisi
1110 1486 1372 1524 sacrosanctae
1388 1485 1494 1523 Sedis
1512 1484 1747 1536 Apostolicae
1767 1484 1972 1522 fulciantur

431 1546 617 1596 praesidio
636 1545 742 1595 eujus
763 1545 971 1596 patrocinio
994 1545 1290 1582 committuntur.
1310 1545 1391 1593 Qua
1409 1547 1563 1595 propter
1581 1556 1648 1580 nos
1663 1555 1788 1580 coram
1808 1542 1970 1593 Sanctite

433 1604 477 1640 tis
491 1604 639 1641 Vestrae
658 1603 818 1654 pedibus
836 1604 970 1654 spiritu
985 1607 1259 1654 prosternentes
1273 1602 1451 1639 duximus
1469 1615 1554 1639 cum
1569 1600 1782 1652 suspiriosis
1798 1600 1972 1651 precibus

431 1662 719 1713 supplicandum
739 1668 922 1712 quatenus
948 1662 1090 1699 devotis
1115 1661 1153 1698 in
1172 1661 1321 1698 Christo
1347 1660 1433 1697 filiis
1451 1665 1605 1711 paterna
1629 1658 1862 1710 providentia
1880 1658 1972 1696 sub'-

432 1721 559 1757 venire
585 1721 721 1766 velitis7
748 1726 783 1757 et
796 1725 868 1770 'per
889 1721 1106 1758 mandatum
1132 1720 1268 1758 curetis
1292 1719 1537 1771 apostolicum
1556 1723 1698 1756 vestros
1716 1718 1763 1755 ad
1782 1717 1853 1755 hoc
1874 1717 1971 1769 dyo·-

431 1780 609 1817 ehesanos
623 1779 798 1816 inducere
815 1780 917 1830 quod
938 1794 1050 1830 super
1068 1779 1326 1830 indulgentiis,
1346 1778 1551 1830 privilegiis
1565 1782 1601 1814 et
1618 1790 1730 1828 super
1740 1776 1825 1826 jure
1842 1781 1970 1814 nostro

431 1837 604 1875 studeant
622 1838 738 1889 magis
753 1838 862 1875 solito
880 1852 945 1875 nos
965 1839 1100 1876 fovere.
