2184 3074
466 237 538 274 ι216
1014 235 1176 272 CODEX
1205 235 1447 274 DUNENSIS.

1138 389 1332 427 CXXXIII.

470 499 526 536 Un
544 498 706 535 e'crivaiu
725 496 885 547 anqlaiS,
905 496 1014 534 e'tabli
1027 497 1049 533 a*
1064 497 1236 541 Orle'ans,
1256 497 1423 548 s'enqaqe
1437 499 1460 536 ἀ
1478 501 1683 538 transm-ire
1701 501 1732 538 Ie
1749 504 2004 540 commentaire

832 555 883 592 du
897 567 994 604 pape
1010 557 1186 593 Iri-nocent
1201 557 1263 593 IV
1276 569 1346 593 sur
1363 556 1412 594 les
1430 557 1635 596 decretales.

516 741 703 780 Universis
725 745 934 791 praesentes
953 740 1091 778 litteras
1113 741 1334 791 inspecturis
1360 742 1529 780 officialis
1553 743 1830 784 Aurelianensis
1848 747 2003 784 salutem

467 802 503 837 in
525 800 696 836 Domino.

516 858 700 896 Noveritis
726 857 828 908 quod
853 857 890 893 in
918 861 1043 894 nostra
1070 859 1276 908 praesentia
1300 859 1523 897 constitutus
1545 860 1587 897 R.
1606 860 1653 897 de
1674 861 1919 909 Not-mannia,
1937 876 2005 900 an·-

466 920 583 970 glicus
608 917 777 967 scriptor7
803 916 974 965 promisit
997 929 1063 966 per
1086 916 1198 953 fidem
1222 931 1326 954 suam
1354 931 1392 955 se
1416 918 1662 969 scripturum7
1689 920 1940 970 perfecturum
1971 927 2006 959 et

467 977 771 1015 continuaturum
799 988 868 1025 pro
898 988 1004 1025 posse
1038 988 1106 1012 suo
1138 975 1314 1026 magistro
1342 976 1403 1014 W.
1429 977 1563 1015 Leonis
1589 982 1594 997 ¹
1627 978 1762 1015 clerico
1786 985 2005 1031 apparatum

467 1034 673 1073 Innocentii
696 1046 808 1083 super
828 1033 1075 1070 decretalibus
1095 1036 1118 1079 ²,
1141 1038 1253 1083 prout
1275 1034 1414 1084 incepit
1435 1035 1596 1072 scribere
1617 1035 1653 1072 in
1673 1037 1838 1074 secundo
1857 1037 1954 1076 libro
1971 1044 2007 1076 et

466 1095 512 1131 de
533 1106 649 1143 aeque
671 1092 769 1128 bona
797 1091 916 1127 littera
940 1096 1051 1141 prout
1075 1092 1214 1142 incepit
1239 1105 1307 1143 pro
1333 1097 1495 1143 quatuor
1516 1093 1622 1131 libris
1649 1094 1912 1133 parisiensium
1930 1097 2007 1134 sol-

466 1152 596 1189 vendis
614 1164 633 1187 a
652 1151 752 1187 dieto
771 1149 947 1200 magistro
965 1150 1066 1187 dicto
1085 1151 1259 1197 Roberto7
1278 1156 1391 1202 prout
1409 1165 1476 1202 per
1490 1153 1612 1202 pecias
1631 1153 1838 1190 lucrabitur
1857 1153 1894 1190 in
1913 1155 2007 1191 scri·
2041 1171 2044 1175 ·

467 1211 601 1248 hendo.
621 1210 797 1247 Promisit
818 1209 928 1245 ctiam
948 1209 1045 1245 idem
1065 1209 1225 1260 scriptor
1242 1223 1309 1260 per
1327 1210 1438 1247 fidem
1455 1224 1559 1248 suam
1577 1211 1679 1262 quod
1699 1211 1801 1248 aliud
1819 1225 1913 1264 opus
1931 1226 2007 1251 non

467 1271 622 1321 accipiet
639 1283 837 1320 quousque
854 1269 995 1306 dictum
1015 1283 1109 1320 opus
1128 1270 1240 1307 suerit
1257 1271 1484 1322 integraliter
1502 1277 1814 1311 consummatum.
1833 1274 2010 1312 Promisit

468 1331 566 1367 idem
595 1331 637 1367 R.
667 1342 733 1379 per
750 1329 861 1365 fidem
882 1342 985 1366 suam
1013 1330 1116 1379 quod
1139 1330 1169 1367 si
1193 1330 1385 1368 desisteret
1410 1331 1448 1368 in
1472 1332 1691 1379 scribendo,
1718 1333 1947 1383 perficiendo
1972 1339 2008 1372 et

467 1387 722 1426 continuando
741 1387 882 1423 dictum
903 1400 1017 1438 opus,
1044 1388 1245 1438 quod'ipse
1263 1389 1466 1439 prisionem
1486 1389 1524 1426 in
1543 1389 1656 1427 domo
1673 1391 1762 1427 dicti
1784 1391 1948 1442 magIStri
1967 1393 2005 1429 in

468 1446 628 1484 vinculis
651 1445 777 1482 ferreis
805 1445 960 1491 tenebit,
985 1445 1071 1482 inde
1097 1446 1308 1484 nullatenus
1333 1447 1501 1484 exiturus
1527 1461 1725 1499 quousque
1747 1449 1890 1487 dictum
1912 1463 2007 1501 opus

468 1505 579 1543 fuerit
597 1503 825 1554 integraliter
836 1503 1057 1554 perfectum
1075 1510 1110 1541 et
1127 1504 1156 1541 si
1177 1505 1215 1541 in
1230 1504 1302 1541 hoc
1315 1505 1504 1551 defecerit,
1522 1506 1641 1543 voluit
1655 1507 1758 1557 quod
1775 1508 2007 1559 praepositus

469 1568 594 1601 noster
614 1562 671 1598 vel
701 1561 863 1598 serviens
891 1562 1108 1612 ubicunque
1139 1576 1223 1599 eum
1258 1564 1379 1613 capiat
1408 1569 1444 1600 et
1470 1564 1516 1600 ad
1545 1563 1699 1602 domum
1724 1565 1814 1602 dicti
1842 1567 2007 1618 magistri

466 1622 626 1659 adducat
644 1633 712 1671 pro
727 1619 890 1670 prisione
910 1620 1065 1657 tenenda
1086 1621 1225 1657 ibidem
1239 1651 1247 1667 ,
1267 1626 1308 1658 ut
1321 1621 1462 1658 dictum
1483 1627 1553 1668 est,
1572 1623 1794 1672 promittens
1811 1637 1878 1674 per
1894 1625 2007 1667 fidam

468 1693 571 1717 suam
592 1692 630 1715 se
649 1683 775 1715 contra
795 1678 996 1728 praemissa
1014 1679 1069 1715 vel
1089 1679 1243 1729 aliquod
1267 1679 1313 1716 de
1334 1680 1546 1730 praemissis
1573 1693 1647 1717 non
1666 1681 1808 1728 venire3
1831 1687 1866 1719 et
1882 1683 2007 1734 quoad

469 1737 668 1788 praemissa
689 1737 844 1772 tenenda
863 1737 1043 1787 obligavit
1061 1737 1159 1774 idem
1179 1738 1221 1775 R.
1242 1751 1308 1788 per
1325 1738 1437 1775 fidem
1460 1752 1564 1776 suam
1583 1739 1682 1776 dicto
1702 1741 1876 1791 magistro
1894 1741 1955 1780 W.
1969 1755 2008 1780 se

470 1801 505 1833 et
535 1795 710 1832 haeredes
738 1808 824 1832 suos
846 1799 882 1831 et
907 1796 1032 1832 omnia
1061 1796 1159 1833 hona
1182 1809 1247 1833 sua
1273 1797 1425 1834 mobilia
1449 1803 1484 1834 et
1508 1798 1713 1835 immobilia
1741 1800 1947 1849 praesentia
1972 1806 2008 1838 et

469 1856 609 1900 futura,
629 1854 846 1890 renuntians
864 1867 930 1904 per
944 1854 1055 1891 fidem
1070 1868 1174 1891 suam
1195 1855 1233 1891 in
1250 1855 1320 1892 hoc
1336 1855 1432 1892 facto
1447 1857 1550 1892 omni
1560 1855 1657 1906 jurjs
1677 1857 1817 1894 auxilio
1837 1858 2006 1896 canonici

469 1917 504 1950 et
521 1912 659 1957 civilis,
678 1911 874 1962 privilegio
893 1912 1013 1949 crucis
1031 1912 1118 1949 dato
1136 1917 1172 1949 et
1190 1913 1333 1959 dando,
1361 1914 1463 1950 omni
1493 1915 1666 1961 laesioni,
1689 1914 1915 1965 deceptioni,
1933 1916 2008 1954 cir-

470 1971 741 2016 cumventioni,
769 1971 976 2021 exceptioni
1006 1971 1082 2008 doli
1117 1972 1220 2018 mali7
1250 1973 1386 2010 actioni
1421 1974 1459 2010 in
1491 1974 1628 2010 factum
1656 1978 1692 2010 et
1722 1974 1898 2012 omnibus
1926 1975 2008 2012 aliis

470 2029 751 2080 exceptionibus
777 2043 873 2079 quae
899 2034 1026 2066 contra
1050 2035 1261 2081 praesentes
1291 2032 1428 2069 litteras
1458 2037 1608 2082 possent
1632 2033 1730 2070 obici
1754 2033 1832 2071 sive
1856 2033 1946 2080 dici,
1970 2047 2009 2072 se

467 2087 718 2137 jurisdictioni
735 2087 858 2124 curiae
876 2088 1151 2126 Aurelianensis
1166 2103 1233 2140 per
1248 2090 1360 2127 fidem
1379 2104 1483 2128 suam
1503 2091 1627 2142 quoad
1647 2091 1736 2128 haee
1750 2105 1976 2142 supponens.

510 2206 518 2220 ²
531 2205 669 2231 Peut-etre
682 2205 752 2231 frere
763 2206 796 2231 de
807 2206 874 2232 Jean
890 2207 913 2232 Ic
925 2207 992 2232 Lion
1006 2215 1041 2233 ou
1056 2208 1095 2233 Dc
1105 2208 1210 2248 Leeuw,
1266 2207 1281 2234 a
1299 2217 1352 2235 unc
1371 2209 1474 2244 epoque
1495 2211 1556 2246 plus
1576 2210 1683 2238 re'cente
1694 2220 1728 2238 on
1742 2220 1775 2238 en
1792 2220 1808 2239 a
1828 2211 1952 2248 imprime
1965 2213 2008 2239 di-

472 2252 560 2277 moine
576 2252 622 2277 des
636 2251 742 2282 nunes,
757 2252 803 2285 qui
818 2252 901 2278 vivait
914 2261 947 2279 en
963 2253 1044 2280 1268.
1264 2262 1354 2282 verses
1374 2255 1498 2283 editions.

510 2298 520 2312 n
536 2298 582 2323 Cet
595 2305 710 2331 ouvrage
721 2296 786 2323 etait
800 2297 851 2323 sort
863 2298 983 2333 repandu
995 2307 1030 2325 au
1041 2307 1138 2334 moyen
1149 2301 1196 2335 age
1208 2309 1215 2326 :

1175 2373 1300 2386 *⁶—
