2184 3074
440 340 489 377 94
987 333 1150 372 CODEX
1174 331 1422 371 DUNENSIS.

440 454 564 493 dimus
590 452 749 503 qualiter
773 449 990 487 Fredericus
1016 451 1125 485 natus
1142 446 1238 496 regis
1256 446 1513 496 Arragonum,
1532 445 1690 483 furtivae
1708 447 1974 486 dominationis

443 512 602 558 invidia,
622 524 667 547 ex
685 522 758 559 qua
777 506 907 544 mundi
926 510 1002 543 tota
1019 505 1168 541 duobus
1190 503 1366 540 fratribus
1393 516 1467 540 non
1493 502 1630 540 sufficit
1647 503 1821 551 latitudo,
1841 506 1975 556 damp-

443 577 548 609 natae
575 568 729 606 Ceciliae
750 567 868 617 gentis
892 566 931 602 in
955 578 1028 615 qua
1049 568 1212 601 vetustae
1234 562 1418 600 caecitatis
1437 562 1615 599 remansit
1631 562 1799 610 infamia,
1827 564 1975 602 inflatus

441 629 586 675 astutia,
605 641 668 665 seu
682 627 780 663 ultro
795 636 963 661 exercere
975 634 1156 672 quaerens
1171 625 1206 657 et
1218 621 1339 657 visum
1354 620 1393 656 in
1408 620 1490 656 luce
1503 620 1680 670 perdens,
1694 620 1856 659 insulam
1870 622 1976 660 Ceci-

443 689 511 726 liae
524 700 618 738 quae
632 690 685 722 est
698 685 852 722 Sanctae
865 683 1052 720 Romanae
1066 679 1248 717 Ecclesiae
1261 678 1447 729 specialis,
1462 678 1593 729 viginti
1608 679 1687 729 jam
1704 681 1811 718 annis
1826 681 1974 731 elapsis,

442 750 580 783 armata
607 755 739 787 manu,
761 739 984 791 proditionis
1003 742 1089 774 nota
1108 749 1183 773 non
1207 749 1355 782 carens,
1375 736 1511 773 invasit
1529 737 1727 784 hostiliter,
1745 742 1782 775 et
1798 739 1976 785 invasam,

443 803 625 842 saeviente
641 799 791 844 malitia,
802 798 971 848 praviora
987 792 1168 846 q'uaerens
1182 794 1336 831 consilia
1351 794 1388 831 in
1406 794 1641 844 Apostolicae
1655 795 1760 834 Sedis
1774 801 1809 834 et
1823 797 1978 835 illustris

442 862 536 912 regis
552 859 707 898 Ceciliae
725 856 1016 908 praejudicium,
1032 854 1155 890 adhue
1173 853 1313 890 detinet
1325 858 1555 903 occupatam.
1570 853 1862 901 Quomodolibet
1874 856 1921 893 ab
1935 869 1978 893 eo

442 921 507 972 qui
526 919 681 956 salutem
705 916 874 952 omnium
894 914 1120 950 incessanter
1137 912 1288 958 zelatur,
1307 911 1424 962 ipsius
1444 915 1562 948 errata
1581 913 1779 963 corrigere,
1799 927 1978 952 nonnun-

441 991 554 1029 quam
578 975 741 1020 blandis,
765 973 992 1024 quandoque
1015 971 1137 1016 duris,
1156 970 1383 1021 quandoque
1404 970 1556 1008 monitis
1573 975 1728 1021 paterno
1746 972 1978 1022 saepedictus

443 1035 659 1073 Fredericus
674 1032 784 1069 fuerit
798 1031 1052 1081 interpellatus
1066 1029 1211 1075 affectu,
1222 1029 1300 1079 ipse
1310 1033 1433 1065 tamen
1446 1029 1548 1066 velut
1560 1029 1659 1079 aspis
1673 1030 1784 1066 surda
1798 1029 1976 1068 obturans

443 1107 549 1131 aures
567 1105 651 1130 suas
670 1104 744 1127 non
763 1089 915 1126 exaudit
932 1088 1072 1125 monita
1083 1117 1091 1133 ,
1111 1100 1186 1124 non
1206 1091 1376 1124 movetur
1389 1086 1553 1133 blandis,
1570 1100 1638 1123 nec
1653 1091 1811 1124 terretur
1823 1088 1976 1134 acerbis,

443 1157 484 1189 ut
504 1151 714 1188 verificetur
737 1149 774 1185 in
797 1161 839 1184 eo
860 1147 953 1183 illud
970 1146 1230 1196 propheticum
1251 1161 1258 1181 :
1285 1146 1470 1190 Peccator,
1491 1158 1575 1182 cum
1597 1147 1735 1183 venerit
1757 1147 1796 1183 in
1811 1147 1978 1196 profun-

442 1212 531 1248 dum
557 1209 739 1246 malorum
750 1235 762 1252 ,
782 1206 1011 1254 contempnit.
1035 1203 1173 1241 Audiat
1195 1203 1308 1254 igitur
1330 1216 1420 1253 gens
1444 1203 1572 1248 electa,
1595 1216 1686 1253 gens
1708 1203 1787 1240 Deo
1809 1203 1976 1241 dedicata

441 1272 579 1319 quanta
598 1270 634 1303 et
651 1263 934 1301 innumerabilis
956 1261 1244 1298 christianorum
1263 1265 1401 1311 strages
1422 1273 1508 1297 cum
1530 1273 1667 1298 corona
1689 1257 1846 1298 martirii
1870 1261 1979 1299 refri-

442 1325 532 1362 catis
549 1323 692 1374 guerris
711 1322 808 1359 diem
831 1325 1025 1372 propterea
1048 1319 1180 1357 clausit
1203 1323 1426 1364 extremum,
1446 1318 1492 1355 ad
1519 1332 1680 1369 quorum
1706 1323 1743 1356 et
1766 1319 1978 1356 futurorum

443 1384 607 1435 regimen
626 1389 661 1419 et
678 1381 858 1418 cautelam
877 1379 1130 1417 sanctissimus
1147 1382 1252 1429 pater
1270 1381 1395 1415 noster
1409 1377 1623 1423 Bonifacius
1638 1377 1872 1424 thesaurum,
1886 1377 1978 1415 sub-

443 1442 691 1491 stantiamque
709 1441 897 1477 Romanae
914 1437 1088 1475 ecclesiae
1106 1437 1144 1472 in
1165 1435 1471 1489 tribulationibus
1490 1438 1525 1471 et
1540 1434 1696 1472 diversis
1714 1435 1858 1485 guerris
1877 1447 1978 1471 nunc

443 1514 509 1550 per
527 1503 669 1536 montes
688 1502 724 1535 et
741 1497 855 1534 maria
874 1497 1097 1546 plerumque
1114 1507 1181 1545 per
1202 1494 1326 1530 littora
1350 1493 1449 1530 invia
1468 1497 1504 1529 et
1521 1492 1627 1529 devia
1649 1492 1703 1530 sic
1730 1492 1903 1530 exhausit
1922 1494 1979 1542 (ut

443 1560 489 1596 de
510 1563 729 1609 sumptuoso
754 1556 916 1594 exercitu
942 1569 1054 1606 quem
1080 1568 1165 1606 erga
1191 1554 1418 1592 scismaticos
1446 1559 1482 1591 et
1505 1554 1631 1591 exules
1648 1554 1977 1605 Columpnienses,

443 1618 661 1669 perditionis
678 1617 790 1663 filios,
807 1615 999 1652 seditionis
1018 1619 1193 1660 rectores,
1210 1614 1399 1651 Romanae
1418 1613 1524 1650 Sedis
1542 1613 1755 1663 alumpnos,
1773 1626 1978 1650 venenosos

444 1682 648 1727 serpentes,
669 1675 856 1727 genimina
878 1675 1110 1724 viperarum,
1130 1671 1399 1723 ingratissimos
1426 1672 1525 1708 viros
1551 1671 1689 1708 indixit
1713 1672 1979 1725 subticeamus)

444 1735 490 1772 ad
509 1747 679 1785 praesens
698 1747 766 1784 pro
785 1732 892 1769 celeri
912 1736 948 1768 et
968 1731 1079 1782 pleno
1097 1729 1265 1767 subsidio
1283 1729 1330 1766 ad
1351 1729 1616 1780 perfectionem
1632 1729 1774 1780 indiget
1787 1729 1980 1780 incoepto-

446 1807 547 1840 rum,
567 1793 720 1830 cuilibet
737 1806 782 1828 ex
798 1791 1032 1842 plenitudine
1051 1789 1241 1840 potestatis
1262 1789 1424 1825 decimas
1446 1788 1589 1839 ubique
1602 1788 1841 1825 ecclesiarum
1856 1789 1979 1840 impo-

446 1856 532 1889 ne're
551 1855 707 1901 quantas
725 1855 760 1886 et
778 1854 911 1900 quotas
925 1849 1053 1885 valeat.
1067 1847 1163 1895 Quia
1178 1851 1300 1884 tamen
1315 1859 1411 1897 quae
1424 1846 1582 1896 gratiose
1596 1850 1769 1896 aguntur,
1781 1846 1979 1897 gratiosius

445 1912 694 1960 acceptantur,
710 1919 904 1944 monemus
919 1919 995 1952 vos,
1010 1905 1204 1942 hortamur
1216 1909 1327 1955 atque
1341 1904 1554 1941 inducimus
1568 1917 1635 1955 per
1647 1908 1869 1955 praesentes,
1883 1904 1980 1941 cari—

443 1969 553 2006 tative
574 1967 768 2004 suadentes
789 1965 895 2002 vobis
919 1964 1094 2001 omnibus
1116 1967 1152 2000 et
1175 1963 1331 2013 singulis
1359 1967 1541 2013 quantum
1560 1975 1759 2013 possumus
1781 1967 1817 1999 et
1838 1967 1978 2014 quanto

443 2039 575 2078 guerra
596 2025 708 2074 hujus
726 2023 970 2074 periculosior
993 2026 1047 2058 est
1065 2021 1151 2057 fidei
1174 2020 1407 2063 christianae,
1429 2020 1532 2071 quod
1552 2020 1590 2056 in
1612 2019 1822 2057 subsidium
1846 2020 1980 2071 hujus-

446 2085 546 2122 modi
568 2083 796 2120 decimarum
813 2081 866 2117 sic
887 2080 1101 2117 obedientes
1123 2083 1158 2116 et
1176 2079 1229 2115 sic
1245 2078 1444 2115 benevolos
1462 2091 1527 2115 vos
1546 2078 1722 2115 exhibere
1740 2078 1859 2116 velitis
1876 2079 1979 2130 quod

444 2143 633 2181 sinceritas
651 2145 771 2178 vestra
791 2140 830 2176 in
848 2139 1024 2190 operibus
1047 2139 1185 2184 luceat,
1206 2137 1255 2173 ita
1271 2137 1373 2187 quod
1395 2137 1456 2173 die
1476 2141 1512 2174 et
1532 2137 1613 2174 loco
1635 2136 1742 2173 vobis
1764 2137 1981 2174 auctoritate

445 2200 650 2245 ordinaria,
664 2198 775 2235 modo
791 2203 825 2234 et
839 2198 956 2234 forma
971 2196 1126 2233 inferius
1142 2195 1335 2246 assignatis
1351 2208 1462 2246 super
1481 2195 1698 2244 hujusmodi
1717 2195 1980 2247 assignatione,

445 2258 612 2309 quando,
633 2258 741 2308 quale
760 2260 795 2293 et
814 2260 996 2307 quantum
1018 2254 1229 2292 subsidium
1250 2254 1287 2290 in
1309 2258 1431 2291 tantae
1454 2254 1680 2291 necessitatis
1703 2253 1859 2291 articulo
1884 2255 1980 2305 patri

447 2316 634 2367 praedicto
658 2317 774 2352 facere
796 2314 1047 2359 decreveritis,
1071 2327 1137 2350 nos
1160 2313 1322 2350 reddatis
1344 2313 1423 2350 sine
1451 2313 1629 2349 dilatione
1656 2312 1782 2363 aliqua
1807 2313 1979 2350 certiores

446 2379 487 2412 ut
504 2387 571 2411 nos
589 2374 639 2410 rei
654 2374 802 2420 seriem,
818 2378 1007 2423 totamque
1021 2386 1099 2409 rem
1113 2376 1268 2423 gestam,
1283 2371 1534 2418 devotionem,
1549 2371 1814 2417 obedientiam,
1829 2383 1978 2408 vocem-

446 2446 536 2483 que,
551 2432 653 2482 quod
671 2431 784 2478 absit,
803 2431 1082 2467 reclamantium
1103 2444 1170 2481 per
1188 2434 1330 2467 nostras
1349 2434 1515 2480 patentes
1535 2429 1672 2467 litteras
1688 2441 1836 2466 summo
1851 2430 1978 2479 ponti-
