2184 3074
447 314 517 350 168
997 310 1158 348 CODEX
1186 310 1433 348 DUNENSIS.

444 429 617 465 videlicet
642 429 736 465 infra
761 439 924 463 mensem
951 439 971 462 a
994 430 1159 476 tempore
1185 426 1403 463 monitionis
1424 426 1653 476 praedictae,
1676 429 1840 466 seeundo
1861 430 1900 467 in
1925 431 1985 467 in-

444 486 554 524 stanti
587 487 678 523 festo
707 484 914 521 Nativitatis
945 484 1077 521 Beatae
1103 484 1239 521 Mariae
1267 483 1450 534 Virginis7
1482 490 1518 521 et
1542 486 1650 523 tertio
1677 491 1815 524 extunc
1844 490 1891 525 ad
1921 502 1985 526 sex

453 557 615 589 menses„
634 547 767 593 quarto
786 555 873 578 vero
899 542 945 578 ad
965 542 1056 579 alios
1074 555 1138 579 sex
1159 555 1303 579 menses
1322 543 1495 593 proximo
1514 544 1777 582 numerandos.

494 603 537 638 Et
563 602 690 638 eadem
718 601 778 637 die
807 613 932 637 coram
959 601 1067 638 nobis
1100 601 1138 638 in
1169 602 1376 651 praesentia
1407 601 1592 639 dictorum
1625 603 1876 648 notariorum,
1903 609 1988 655 post

445 660 735 710 publicationem
750 663 786 695 et
799 658 1043 695 monitionem
1059 659 1282 708 praedictas,
1301 659 1399 696 idem
1418 660 1592 710 magister
1612 660 1824 699 Willelmus
1837 661 1881 698 ad
1898 663 1987 699 reci-

443 719 617 769 piendam
633 718 769 754 dictam
788 717 999 753 biennalem
1015 717 1197 754 decimam
1212 717 1312 754 viros
1322 718 1552 756 venerabiles
1568 724 1603 756 et
1617 719 1795 757 discretos
1812 720 1985 759 dominos

443 777 669 813 Balduinum
694 775 740 811 de
761 775 943 820 wissant,
966 774 1165 821 decanum,
1187 779 1222 812 et
1250 775 1482 813 Willelmum
1511 777 1766 828 Armigemm,
1785 779 1984 817 canonicos

442 835 615 872 ecclesiae
635 833 871 878 Morinensis,
889 833 1098 884 deputavit,
1116 834 1311 871 substituit
1330 838 1366 871 et
1383 835 1601 886 subrogavit
1626 836 1708 873 loco
1727 838 1797 874 sui.
1817 837 1859 874 ln
1877 838 1984 888 cujus

443 892 494 929 rei
520 892 772 929 testimonium
793 891 1052 941 praesentibus
1075 892 1206 929 litteris
1229 892 1275 929 ad
1298 893 1514 930 relationem
1543 894 1731 932 dictorum
1753 896 1985 934 notariorum

442 951 605 1001 sigillum
632 950 756 986 curiae
784 949 1001 986 Morinensis
1028 949 1206 987 duximus
1232 951 1510 1001 apponendum.
1536 952 1675 992 Datum
1707 966 1806 991 anno
1833 959 1870 991 et
1894 955 1985 992 seria

443 1015 575 1061 quarta
594 1009 827 1060 supradietis.
1746 1051 1748 1054 .

495 1068 598 1107 Unde
620 1081 706 1104 eum
730 1068 850 1104 dictae
873 1067 1014 1104 litterae
1041 1071 1077 1103 et
1107 1072 1278 1104 contenta
1296 1068 1334 1105 in
1354 1069 1493 1106 eisdem
1512 1070 1551 1106 in
1569 1070 1721 1108 ecclesia
1740 1071 1942 1109 Morinensi
1963 1085 1984 1109 a

444 1127 531 1164 feria
555 1131 685 1177 quarta
708 1131 792 1176 post
809 1126 1037 1163 dominicam
1061 1127 1099 1163 in
1126 1127 1253 1165 Ramis
1279 1128 1493 1165 Palmarum
1519 1142 1618 1166 anno
1645 1129 1793 1166 Domini
1811 1129 1864 1167 Μο
1881 1130 1984 1169 CCC⁰

442 1191 545 1223 sexto
561 1185 698 1221 suerint
714 1185 943 1235 publicatae,
962 1189 998 1221 et
1015 1197 1144 1222 omnes
1163 1198 1342 1236 personae
1363 1187 1630 1224 ecclesiasticae
1647 1188 1868 1226 Morinensis
1886 1189 1984 1238 dyo-

442 1244 533 1280 cesis
552 1243 715 1279 monitae
733 1243 884 1293 publice
905 1247 947 1279 ut
970 1243 1066 1279 infra
1085 1256 1250 1281 mensem
1275 1257 1295 1280 a
1319 1244 1409 1281 seria
1430 1250 1562 1295 quarta
1582 1247 1857 1284 numerandum
1875 1247 1984 1284 satis-

443 1302 579 1339 faciant
593 1301 639 1338 de
657 1315 731 1338 una
745 1301 888 1338 decima
902 1302 941 1338 in
956 1301 1053 1339 bona
1069 1307 1215 1339 moneta
1233 1302 1341 1340 nobis
1358 1303 1620 1341 collectoribus
1634 1305 1681 1341 ad
1697 1305 1767 1342 hoc
1780 1305 1983 1356 deputatis,

442 1366 553 1411 prout
571 1361 741 1410 superius
762 1360 985 1406 continetur,
1000 1360 1220 1397 mandamus
1238 1361 1345 1398 vobis
1360 1361 1537 1398 omnibus
1551 1366 1588 1398 et
1600 1362 1774 1412 singulis,
1788 1363 1827 1399 in
1845 1363 1983 1400 virtute

441 1423 588 1456 sanetae
605 1419 857 1465 obedientiae,
876 1419 946 1455 sub
965 1432 1083 1469 poena
1107 1420 1361 1469 suspensionis
1387 1424 1423 1456 et
1445 1421 1861 1465 excommunicationis,
1887 1435 1984 1472 qua-

442 1482 549 1515 tenus
567 1478 727 1528 quilibet
744 1482 924 1524 vestrum⁷
939 1477 1112 1514 videlieet
1129 1478 1167 1514 in
1186 1491 1254 1516 suo
1272 1478 1470 1524 decanatu,
1490 1479 1666 1516 omnibus
1684 1481 1854 1530 personis
1871 1481 1983 1518 eccle—

441 1536 612 1582 siasticis,
644 1536 902 1586 cujuscunque
932 1536 1074 1573 ordinis
1101 1550 1166 1573 seu
1194 1540 1310 1574 status
1340 1538 1501 1574 existant
1530 1538 1567 1574 in
1598 1537 1708 1575 dietis
1740 1538 1982 1576 decanatibus

441 1595 650 1632 constitutis
678 1599 713 1631 et
738 1595 784 1631 de
809 1595 948 1644 quibus
975 1595 1017 1631 fit
1048 1595 1188 1632 mentio
1220 1595 1258 1631 in
1287 1595 1417 1632 litteris
1449 1596 1691 1646 supradictis,
1716 1597 1916 1646 publicatis
1947 1602 1984 1634 et

441 1654 672 1703 significatis,
694 1654 831 1690 dictam
850 1654 1094 1690 monitionem
1115 1654 1213 1690 dieta
1231 1654 1320 1690 feria
1340 1659 1472 1703 quarta
1491 1655 1545 1691 sic
1562 1668 1640 1692 esse
1661 1656 1812 1702 saetam,
1832 1660 1867 1692 et
1880 1655 1983 1707 quo'd

410 1742 419 1748 μ
442 1713 487 1749 de
517 1713 614 1748 dicta
640 1712 783 1748 decima
814 1711 909 1748 infra
937 1716 1082 1762 tempus
1108 1711 1228 1748 dictae
1256 1712 1474 1749 monitionis
1502 1713 1611 1750 nobis
1631 1713 1858 1751 satisfaciant
1878 1727 1983 1752 more

441 1774 707 1820 competenter,
738 1770 905 1820 alioquin
931 1783 1110 1820 personae
1142 1771 1347 1820 singulares
1379 1771 1794 1816 excommunicationis,
1822 1773 1984 1823 capitula

442 1842 528 1865 vero
559 1834 594 1865 et
621 1833 825 1865 conventus
858 1828 1043 1865 interdicti
1075 1829 1274 1866 sententias
1307 1842 1346 1866 se
1378 1829 1551 1866 noverint
1579 1829 1811 1875 incursui-as,
1838 1843 1984 1868 necnon

442 1901 571 1924 eorum
596 1888 766 1924 ecclesias
789 1900 867 1924 esse
893 1888 1138 1925 ecclesiastico
1163 1888 1361 1926 interdicto
1385 1889 1607 1939 suppositas.
1627 1889 1668 1926 ln
1692 1889 1840 1940 signum
1859 1894 1983 1927 autem

442 1947 645 1997 praesentis
674 1946 838 1983 mandati
856 1946 942 1992 visi⁷
965 1947 1117 1997 recepti,
1142 1947 1323 1997 publicati
1348 1952 1384 1984 et
1405 1947 1548 1984 executi
1571 1948 1828 1998 praesentibus
1853 1949 1983 1987 litteris

443 2006 563 2056 sigilla
589 2010 709 2042 vestra
741 2004 947 2055 apponatis.
981 2005 1021 2040 ln
1055 2004 1161 2055 cujus
1193 2005 1245 2042 rei
1279 2005 1534 2043 testimonium
1564 2006 1821 2056 praesentibus
1851 2007 1983 2045 litteris

442 2065 561 2115 sigilla
594 2070 719 2101 nostra
752 2077 826 2100 una
857 2077 943 2100 cum
978 2064 1101 2115 sigillo
1131 2065 1352 2102 Morinensis
1383 2065 1508 2102 curiae
1537 2065 1715 2103 duximus
1749 2066 1984 2116 apponenda.

443 2123 579 2159 Datum
599 2136 697 2160 anno
717 2122 870 2160 Domini
889 2123 942 2165 M⁰
962 2123 1065 2160 CCC⁰
1084 2123 1163 2161 Vno
1181 2123 1220 2160 in
1237 2124 1364 2175 vigilia
1382 2123 1560 2171 Paschae,
1578 2128 1663 2174 post
1682 2124 1984 2162 benedictionem

443 2194 548 2217 cerei.
