2184 3074
479 350 552 387 470
1023 344 1184 382 CODEX
1214 344 1456 383 DUNENSlS.

481 479 563 502 inus
580 465 682 516 quod
700 467 927 500 sacrosancta
947 475 1098 498 romana
1117 461 1294 508 Ecclesia,
1308 462 1476 499 omnium
1491 463 1550 513 pia
1566 466 1694 510 mater,
1710 465 1758 501 ad
1774 477 1887 515 quam
1901 466 2009 503 devo*-

480 524 618 561 tionem
644 521 805 572 gerimus
833 521 1067 566 indefessam,
1093 524 1302 557 nostrorum
1329 521 1608 571 progenitorum
1635 522 1782 560 semitas
1808 523 2007 571 imitando,

482 581 568 618 velit
585 580 693 617 nobis
711 578 961 616 adversarium
980 578 1175 624 suscitare,
1193 578 1257 628 qui
1277 578 1508 629 singularum
1527 580 1765 618 ecelesiarum
1783 586 1902 620 terrae
1921 584 2015 620 nos-'

481 644 556 675 trae
575 651 702 688 pacem
721 637 933 687 quaerimus
950 642 986 673 et
1009 636 1247 673 commodum
1274 637 1433 674 libenter
1453 650 1715 688 procuramus,
1739 653 1836 690 quae
1855 641 2007 692 quidem

480 698 532 733 sic
550 701 681 733 cuncta
700 696 804 732 novit
820 695 934 732 ardua
953 695 1167 745 disponere,
1186 695 1309 732 futura
1327 697 1582 746 praecavendo
1599 698 1785 747 pericula,
1803 703 1845 736 ut
1861 712 1907 736 ex
1926 700 2009 762 ejus

482 759 656 793 consueta
684 754 916 804 providentia
947 754 1106 790 salutare
1133 753 1338 790 remedium
1365 754 1623 805 subsequatur.

529 815 556 849 (2
558 827 621 850 um
638 813 872 850 incrementis
887 811 1058 849 felicibus
1072 811 1213 849 valeat
1203 825 1242 848 in
1255 812 1419 850 Domino
1435 812 1563 850 Vestra
1577 814 1781 852 paternitas
1796 817 2006 854 reverenda.

1175 947 1287 957 -qoo—

1135 1084 1254 1127 CCCX
1260 1089 1306 1126 xl
1313 1089 1353 1127 V.

528 1204 641 1241 l'enle
658 1204 768 1241 d’une
781 1203 985 1241 habitationi
1011 1209 1043 1241 el
1061 1203 1105 1241 de
1123 1203 1315 1253 plusieurs
1333 1211 1483 1254 arpents
1500 1205 1544 1242 de
1562 1212 1658 1243 terre
1677 1207 1701 1243 ἁ
1726 1206 1763 1244 la
1779 1211 1885 1255 porte
1907 1205 1959 1242 du

1019 1263 1222 1299 monastero
1247 1261 1308 1298 des
1335 1262 1472 1300 nunes.

528 1455 731 1502 Universis,
749 1461 816 1492 etc.
844 1456 970 1493 Vestra
989 1456 1134 1494 noverit
1154 1457 1379 1495 Universitas
1398 1458 1500 1508 quod
1519 1472 1604 1495 eum
1627 1460 1894 1498 monasterium
1919 1474 2008 1498 nos-

481 1520 576 1551 trum
597 1519 785 1552 tantorum
804 1515 874 1552 sub
893 1528 1006 1552 usura
1028 1520 1064 1552 et
1089 1515 1178 1553 alias
1196 1516 1408 1566 urgentium
1428 1516 1639 1554 debitorum
1659 1518 1803 1556 sarcina
1820 1533 2009 1570 premere-

480 1578 550 1617 tur,
562 1573 662 1624 quod
683 1573 754 1610 nisi
769 1573 815 1610 de
829 1573 937 1610 celeri
957 1573 1120 1610 remedio
1150 1574 1408 1624 provideretur
1426 1574 1546 1612 eidem
1565 1575 1611 1612 ad
1629 1576 1881 1627 irreparabilis
1898 1578 2008 1616 deso-

481 1632 626 1669 lationis
658 1632 860 1677 miseriam,
886 1632 988 1682 quod
1022 1632 1122 1668 anxii
1154 1637 1190 1669 et
1215 1632 1379 1670 dolentes
1404 1633 1616 1680 referimus,
1641 1635 1736 1671 soret
1760 1635 2011 1674 verisimiliter

482 1694 765 1740 perventurum,
800 1695 952 1740 propter
981 1690 1084 1741 quod
1115 1703 1287 1728 concessa
1316 1691 1424 1728 nobis
1453 1705 1520 1742 per
1546 1693 1766 1730 reverendos
1797 1694 1835 1731 in
1861 1694 2010 1737 Christo

481 1753 600 1799 patres
615 1749 786 1785 dominos
796 1749 1007 1785 Conradum
1020 1748 1066 1785 de
1081 1749 1283 1786 Claravalle
1293 1753 1329 1786 et
1342 1749 1572 1787 Willelmum
1587 1750 1633 1788 de
1646 1751 1766 1788 Dunis
1780 1753 2010 1791 venerabiles

479 1808 645 1853 abbates,
661 1821 773 1858 super
790 1808 1012 1844 relevatione
1030 1808 1242 1846 monasterii
1264 1809 1378 1846 nostri
1396 1810 1549 1860 praefati
1568 1810 1841 1849 commissarios
1859 1825 1879 1849 a
1896 1825 2010 1863 gene-

480 1865 546 1902 rali
575 1871 700 1903 nostro
730 1866 962 1903 Cistereiensi
987 1866 1150 1916 capitulo
1181 1867 1219 1903 in
1246 1871 1424 1917 potestate
1449 1868 1592 1906 ordinis
1609 1869 1776 1919 plenaria
1797 1870 2010 1920 deputatos,

481 1924 627 1960 lieentia
648 1928 684 1960 et
702 1924 887 1971 facultate,
907 1925 1014 1962 bonis
1038 1925 1118 1962 aliis
1137 1925 1413 1973 deficientibus,
1433 1927 1616 1977 quaedam
1643 1927 1848 1965 immobilia
1875 1929 2011 1967 distra-

481 1982 608 2028 hendi,
623 1983 719 2020 inter
735 1996 830 2033 quae
847 1983 945 2020 bona
965 1990 1089 2021 nostra
1107 1985 1153 2021 de
1171 1985 1457 2023 Nova—Ecclesia
1476 1999 1592 2037 prope
1609 1986 1822 2037 Oestburgh
1841 2001 2011 2039 compre-

482 2041 708 2088 henduntur,
727 2041 957 2080 advertentes
988 2043 1144 2080 sollicite
1163 2044 1265 2094 quod
1291 2044 1390 2081 dicta
1407 2044 1504 2082 bona
1529 2058 1549 2082 a
1568 2045 1676 2096 longe
1698 2046 1889 2084 retroactis
1915 2051 2011 2084 tem-

481 2100 634 2149 poribus
650 2113 694 2136 ex
714 2100 909 2138 collatione
927 2107 962 2137 et
979 2101 1178 2139 elemosina
1199 2102 1416 2152 specialium
1435 2104 1550 2141 nostri
1572 2104 1783 2141 monasterii
1803 2104 2009 2143 amicorum

481 2157 604 2194 habita
623 2158 768 2195 fuerant
785 2163 819 2194 et
840 2171 1024 2209 possessa,
1039 2165 1074 2197 et
1087 2161 1151 2197 vix
1165 2161 1244 2198 sine
1262 2161 1436 2199 scandalo
1457 2166 1628 2212 poterant
1643 2162 1798 2199 omnino
1813 2163 1851 2199 in
1869 2163 2010 2200 alienos

481 2216 687 2261 transferri,
706 2218 883 2267 quodque
903 2224 1096 2270 promptos
1122 2225 1324 2271 emptores,
1341 2226 1383 2258 ut
1400 2221 1575 2272 poscebat
1592 2225 1718 2258 nostra
1737 2235 1872 2272 urgens
1889 2235 2010 2260 neces-

479 2273 585 2319 sitas,
604 2274 650 2310 de
667 2274 775 2312 dictis
800 2276 909 2313 bonis
929 2277 1096 2314 invenire
1122 2278 1167 2315 ad
1198 2293 1371 2330 praesens
1401 2280 1557 2317 faciliter
1583 2280 1848 2331 nequibamuS,
1873 2281 2011 2319 unani-

481 2332 587 2368 miter
610 2333 820 2383 rogavimus
850 2335 1026 2373 dileetum
1051 2342 1140 2374 tunc
1164 2338 1371 2388 portarium
1405 2343 1573 2376 nostrum
1605 2340 1753 2376 fratrem
1779 2339 2008 2376 Franconem

480 2395 662 2439 quatenus
680 2392 726 2428 ad
744 2393 893 2430 vitanda
913 2395 1113 2444 praemissa
1138 2401 1175 2433 et
1199 2400 1241 2433 ut
1269 2397 1376 2434 nobis
1404 2397 1620 2435 dilationem
1643 2410 1719 2435 non
1737 2397 2006 2435 sustinentibus

481 2449 630 2484 deberet
653 2449 761 2487 eitius
785 2451 992 2498 subveniri,
1007 2458 1208 2491 memorata
1226 2454 1324 2492 bona
1351 2468 1566 2506 comparare
1584 2456 1693 2493 vellet
1706 2456 1754 2493 ad
1766 2468 1861 2506 opus
1879 2461 2007 2507 portae
