2184 3074
742 340 903 379 CODEX
929 341 1175 379 DUNENSlS.
1677 346 1724 383 29

187 458 286 496 dicto
308 458 480 497 Iohanne
506 462 734 509 procreatam
760 458 956 495 commode
981 462 1203 504 sustentare,
1229 458 1426 510 dictusque
1452 459 1641 498 Iohannes
1666 462 1723 498 vel

186 517 266 567 ejus
283 517 536 555 mandatarius
555 516 592 553 in
611 516 720 554 bonis
741 516 873 554 habeat
890 521 926 554 et
944 516 1147 563 habundet,
1165 530 1210 554 ex
1228 517 1367 568 quibus
1385 518 1480 555 vitae
1495 532 1582 556 suae
1597 533 1723 557 neces-

186 575 280 613 saria
297 575 435 613 eisdem
455 575 605 626 conjugi
629 579 665 612 et
689 574 786 611 filiae
810 574 1074 612 amministrari
1094 574 1240 611 valeant
1257 581 1520 626 competenter,
1542 582 1654 628 prout
1677 592 1721 615 ex

185 638 288 685 parte
301 634 418 685 ipsius
431 634 576 684 Burgae
590 633 698 670 nobis
713 633 835 670 extitit
847 633 1007 683 graviter
1021 633 1284 683 conquerendo
1300 639 1564 682 monstratum,
1579 636 1722 673 eadem-

185 705 260 743 que
272 692 395 743 Burga
412 692 520 729 nobis
539 691 819 729 lacrimabiliter
836 691 1060 742 supplicavit
1076 695 1117 727 ut
1142 705 1254 742 super
1278 691 1349 730 liiis
1376 694 1581 731 remedium
1603 708 1721 746 appo-

185 763 272 787 nere
287 750 527 800 dignaremur
540 750 641 801 quod
656 750 866 787 videremus
885 755 1159 800 opportunum:
1181 763 1248 787 nos
1267 764 1353 788 vcro
1371 751 1537 802 periculo
1555 753 1719 804 ipsarum

184 808 311 846 matris
336 813 372 845 et
392 809 489 845 filiae
509 822 554 845 ne
572 809 668 845 same
686 813 854 859 pereant,
872 821 1090 859 praecavere
1114 808 1295 855 volentes,
1318 809 1434 860 ipsius
1460 811 1587 848 matris
1608 810 1719 860 justis

183 867 356 918 precibus
375 867 558 914 inclinati,
578 867 683 904 vobis
701 866 921 903 mandamus
939 870 1122 917 quatenus
1141 867 1319 904 moneatis
1339 868 1489 918 publice
1503 868 1541 904 in
1555 869 1719 906 ecclesiis

182 925 313 963 vestris
333 930 369 962 et
386 925 493 972 alibi,
519 924 750 975 ubicumque
767 929 802 961 et
821 924 954 961 totiens
971 924 1144 974 quotiens
1162 938 1182 961 a
1207 924 1322 962 latore
1338 927 1586 976 praesentium
1605 940 1717 978 super

182 983 254 1021 hoc
269 984 412 1021 fueritis
431 983 616 1034 requisiti,
635 983 673 1019 in
691 983 852 1034 generali
872 983 942 1020 sub
961 996 1079 1033 poena
1099 984 1512 1031 excommunicationis,
1531 990 1572 1022 ut
1588 998 1716 1023 omnes

181 1042 254 1089 illi,
277 1043 508 1093 quicumque
529 1041 684 1088 fuerint,
706 1039 772 1092 qui
795 1041 938 1092 aliquid
960 1041 1006 1078 de
1027 1041 1135 1079 bonis
1159 1042 1275 1093 ipsius
1296 1043 1479 1080 Johannis
1496 1044 1716 1091 mobilibus,

182 1101 439 1139 immobilibus
457 1114 522 1138 seu
541 1100 680 1137 catallis
700 1100 839 1137 habent
859 1101 915 1136 vel
934 1100 1115 1146 detinent,
1130 1106 1270 1151 partem
1291 1101 1419 1138 saltem
1438 1102 1631 1140 dimidiam
1651 1117 1716 1140 eo-

181 1158 352 1196 rumdem
372 1158 491 1195 dictae
515 1159 662 1209 Burgae
687 1158 733 1195 ad
759 1158 1064 1195 sustentationem
1090 1158 1206 1208 ipsius
1231 1163 1266 1195 et
1287 1159 1367 1209 ejus
1392 1159 1488 1196 filiae
1512 1161 1659 1198 tradant
1679 1167 1716 1199 et

180 1218 386 1255 deliberent
412 1217 584 1263 indilate,
614 1216 781 1267 alioquin
809 1217 909 1267 ipsos
935 1220 1072 1253 extunc
1099 1217 1427 1254 excommunicetis
1454 1218 1535 1255 sine
1563 1220 1713 1258 alterius

179 1275 452 1328 exspectatione
470 1275 646 1312 mandati.
665 1275 711 1312 Et
727 1275 778 1322 si,
803 1275 960 1321 decane,
985 1275 1191 1312 constiterit
1212 1289 1279 1326 per
1302 1275 1386 1312 facti
1406 1276 1628 1315 evidentiam
1648 1292 1713 1316 seu

179 1350 246 1387 per
269 1335 539 1373 confessionem
563 1347 627 1371 seu
650 1334 722 1371 alio
742 1334 851 1371 modo
875 1334 1058 1385 legitimo,
1079 1334 1243 1385 aliquam
1266 1347 1330 1372 seu
1349 1335 1491 1386 aliquas
1517 1350 1712 1387 personam

178 1407 242 1432 seu
265 1406 440 1445 personas
459 1393 663 1443 singulares
687 1406 754 1443 per
776 1405 814 1429 se
837 1393 894 1429 vel
920 1406 986 1443 per
1011 1393 1125 1429 alium
1151 1392 1293 1443 aliquid
1317 1393 1363 1430 de
1386 1394 1583 1444 praedietis
1605 1395 1713 1432 bonis

178 1451 354 1498 detinere,
368 1451 548 1488 moneatis
563 1451 712 1488 eosdem
729 1451 950 1488 nominatim
966 1451 1012 1487 de
1026 1451 1167 1502 quibus
1176 1451 1282 1488 vobis
1298 1452 1503 1489 eonstiterit
1518 1458 1557 1490 ut
1570 1459 1710 1503 partem

177 1511 363 1549 bonorum
382 1509 658 1561 praedictorum
686 1523 781 1561 quae
806 1510 987 1556 detinent,
1006 1510 1083 1547 sive
1101 1509 1256 1547 detineri
1276 1510 1432 1557 faciunt,
1451 1512 1578 1548 saltem
1598 1512 1712 1549 dimi-

176 1570 275 1607 diam
294 1569 414 1606 eidem
433 1569 578 1619 Burgae
591 1573 627 1606 et
640 1569 720 1619 ejus
735 1569 832 1606 filiae
847 1568 994 1606 tradant
1007 1573 1042 1606 et
1056 1569 1276 1616 deliberent,
1291 1569 1458 1620 alioquin
1474 1570 1573 1621 ipsos
1588 1572 1712 1608 nomi·

177 1628 291 1666 natim
305 1627 635 1665 excommunicetis
654 1628 733 1665 sine
751 1628 901 1665 alterius
915 1628 1187 1679 exspectatione
1203 1628 1385 1674 mandati,
1400 1629 1553 1680 receptis
1568 1630 1709 1675 litteris,

175 1692 211 1725 et
227 1686 319 1738 quid
334 1686 421 1723 inde
435 1686 611 1733 feceritis,
627 1687 735 1724 nobis
750 1687 960 1724 rescribatis
974 1687 1020 1723 ad
1035 1687 1125 1724 haec
1139 1687 1355 1738 exequenda
1366 1717 1375 1735 ,
1390 1692 1455 1725 etc.
1472 1688 1606 1726 Datum
1618 1719 1627 1735 ,
1641 1694 1707 1727 etc.

876 1801 998 1811 —000—

898 1927 977 1966 XX.

171 2034 347 2085 L’dveque
369 2034 413 2072 de
439 2035 615 2084 Tournay
640 2033 713 2084 fait
729 2035 917 2071 coimaitre
935 2034 1024 2084 qu’il
1039 2047 1062 2071 a
1080 2047 1165 2082 recu
1183 2033 1226 2071 de
1247 2033 1359 2071 l’abbe'
1381 2034 1424 2071 de
1444 2034 1705 2073 Saint-Bavon

220 2093 282 2130 des
303 2093 420 2130 lettres
445 2093 614 2130 relatives
638 2093 661 2129 ἀ
687 2092 724 2129 la
750 2093 994 2129 construction
1021 2091 1108 2130 hors
1134 2092 1177 2129 de
1195 2092 1306 2130 Gand
1323 2092 1414 2129 d'un
1440 2096 1643 2131 monestere
1661 2095 1706 2132 de

218 2151 312 2202 {illes
329 2151 372 2188 de
391 2151 526 2188 l’ordre
543 2151 587 2188 de
607 2151 779 2196 CMeaux,
800 2156 860 2187 etc.

222 2364 337 2372 .....
354 2364 363 2382 ,
384 2335 627 2386 permissione
645 2334 790 2381 divina,
810 2334 1052 2371 Tornacensis
1070 2333 1282 2385 episcopus,
1301 2334 1477 2372 omnibus
1495 2341 1701 2386 praesentes

171 2393 309 2431 litteras
327 2393 549 2444 inspecturis
566 2393 720 2430 salutem
742 2393 780 2430 in
797 2393 972 2430 Domino.

221 2452 457 2490 Universitati
478 2448 761 2489 vest-rae‘notum
779 2451 934 2488 facimus
954 2451 1054 2502 quod
1082 2465 1148 2488 nos
1175 2451 1312 2488 litteras
1339 2451 1461 2489 dilecti
1495 2453 1532 2490 in
1556 2453 1701 2491 Christo
