2184 3074
756 277 918 316 CODEX
944 279 1191 318 DUNENSIS.
1670 287 1739 323 ¹45

203 396 322 434 censis
341 396 530 446 dyocesis,
553 396 652 448 ipsos
669 411 783 449 super
805 398 1032 449 quibusdam
1056 399 1210 437 decimis
1234 413 1357 438 coram
1376 402 1524 439 officiali
1544 402 1737 440 Leodiensi

203 467 278 492 non
309 468 354 492 ex
381 455 612 507 delegatione
641 457 842 508 apostolica
870 458 1066 496 traxissent
1096 459 1133 495 in
1162 472 1327 506 causam,
1355 474 1398 497 ex
1425 465 1528 511 parte
1553 460 1738 498 dictorum

202 513 347 552 abbatis
375 518 411 551 et
436 519 640 553 conventus
669 515 896 554 villariensis
924 517 994 554 suit
1019 518 1239 568 excipiendo
1267 519 1499 570 propositum
1527 532 1650 557 coram
1677 533 1738 556 eo.

201 572 305 623 quod
323 586 408 611 cum
428 573 494 611 toti
511 574 635 612 ordini
653 575 885 612 Cisterciensi
905 589 972 626 per
987 576 1159 627 specialia
1179 577 1370 628 privilegia
1389 578 1493 615 Sedis
1508 577 1740 629 Apostolicae

203 630 298 668 soret
314 631 502 669 indultum
517 632 620 683 quod
638 646 817 684 personae
835 633 951 684 ipsius
970 635 1128 680 ordinis,
1144 635 1286 672 ratione
1302 635 1426 673 delicti
1445 650 1510 674 seu
1528 641 1738 673 contractus

202 692 266 726 aut
283 689 335 726 rei
355 689 405 726 de
414 703 489 740 qua
507 695 635 728 contra
654 704 716 729 eos
734 691 872 743 agitur,
888 692 1105 744 ubicunque
1123 694 1376 731 committatur
1389 694 1581 740 delictum,
1601 694 1739 732 iniatur

202 751 414 785 contractus
432 753 496 785 aut
513 762 569 786 res
588 749 667 800 ipsa
693 750 882 797 consistat,
906 756 1092 802 nequeant
1115 764 1238 788 coram
1262 751 1460 789 ordinariis
1486 752 1674 790 conveniri
1702 757 1738 789 et

202 804 240 842 in
271 806 503 856 possessione
521 807 577 844 vel
593 807 697 858 quasi
727 807 925 845 existerent
952 808 1168 858 hujusmodi
1196 809 1374 846 libertatis
1401 815 1511 861 prout
1537 816 1641 848 erant
1673 824 1739 862 per

201 863 471 901 exhibitionem
506 864 691 902 dictorum
724 866 1003 917 privilegiorum
1035 871 1070 903 et
1104 867 1192 904 alins
1224 867 1386 918 legitime
1417 868 1573 919 probare
1603 871 1736 920 parati,

199 922 424 973 respondere
441 936 553 974 super
571 923 643 960 hiis
661 937 784 961 coram
800 937 842 961 eo
860 924 968 961 dictis
983 924 1108 962 abbati
1125 931 1160 962 et
1173 926 1369 962 conventui
1387 926 1598 963 monasterii
1614 927 1737 964 Bonae

200 980 284 1031 Spei
305 981 459 1018 minime
486 981 719 1027 tenebantur,
745 982 843 1018 etad
863 982 900 1018 id
925 983 1095 1033 compelli
1120 982 1166 1019 de
1185 983 1270 1032 jure
1289 997 1362 1021 non
1384 989 1571 1035 poterant.v
1594 998 1659 1022 nee
1678 986 1737 1022 de·

200 1039 349 1076 bebant.

248 1098 294 1136 Et
311 1098 399 1150 quia
417 1100 603 1150 praefatus
621 1100 788 1138 officialis
813 1101 961 1138 eosdem
989 1101 1159 1139 abbatem
1180 1107 1214 1139 et
1233 1107 1455 1139 conventum
1482 1103 1734 1140 villariensem

199 1170 311 1208 super
335 1156 404 1194 hoc
430 1157 560 1195 audire
585 1163 712 1196 contra
733 1158 915 1208 justitiam
944 1161 1142 1207 recusavit,
1174 1173 1310 1211 eosque
1338 1161 1375 1197 in
1402 1161 1563 1211 quadam
1591 1174 1735 1198 summa

198 1217 378 1268 pecuniae
408 1217 584 1254 solvenda
602 1218 697 1268 parti
725 1218 827 1255 alteri
854 1231 1099 1269 expensarum
1127 1216 1274 1256 nomine
1307 1233 1498 1270 perperam
1532 1220 1737 1271 condemp-

199 1274 317 1321 navit,
337 1275 407 1325 ipsi
428 1275 628 1313 sentientes
652 1289 698 1313 ex
722 1276 792 1313 hoc
819 1276 984 1313 indebite
1011 1290 1049 1314 se
1074 1277 1235 1328 gravari,
1262 1277 1308 1322 ad
1336 1276 1468 1314 Sedem
1485 1277 1734 1328 Apostolicam

198 1334 444 1385 appellarunt.

245 1393 428 1442 Quocirca
447 1393 663 1431 discretioni
682 1398 823 1432 vestrae
841 1407 908 1445 per
925 1395 1125 1446 apostolica
1151 1395 1286 1446 scripta
1314 1395 1532 1433 mandamus
1551 1401 1735 1446 quatenus

195 1451 334 1489 vocatis
352 1451 418 1502 qui
438 1451 576 1488 fuerint
593 1451 772 1488 evocandi
792 1456 827 1489 et
848 1452 985 1490 auditis
1004 1452 1093 1490 hinc
1112 1453 1199 1490 inde
1216 1453 1434 1504 propositis,
1454 1453 1554 1503 quod
1570 1453 1713 1503 justum
1726 1483 1735 1499 ,

196 1509 444 1561 appellatione
463 1514 622 1557 remota,
636 1511 843 1549 decernatis
855 1541 864 1555 .‚
884 1512 1059 1549 facientes
1076 1513 1178 1563 quod
1194 1512 1444 1557 decreveritis,
1465 1526 1530 1562 per
1543 1526 1735 1550 censuram

196 1568 480 1606 ecclesiasticam
502 1568 658 1606 firmiter
675 1569 876 1607 observari.
894 1570 1017 1607 Testes
1036 1575 1159 1607 autem
1186 1571 1250 1621 qui
1275 1571 1411 1607 suerint
1430 1571 1627 1616 nominati,
1650 1571 1678 1608 si
1698 1585 1736 1608 se

196 1628 328 1678 gratia,
348 1627 436 1664 odio
449 1628 507 1665 vel
524 1629 656 1666 timore
673 1628 962 1675 substraxerint,
977 1643 1130 1667 censura
1145 1630 1275 1676 simili,
1295 1630 1541 1680 appellatione
1554 1635 1734 1667 cessante.

197 1686 335 1737 cogatis
353 1686 497 1723 veritati
518 1687 770 1724 testimonium
789 1687 997 1738 perbibere.
1014 1688 1123 1736 Quod
1141 1689 1170 1725 si
1187 1702 1260 1725 non
1278 1702 1405 1726 omnes
1423 1688 1494 1725 hiis
1508 1689 1734 1739 exequendis

195 1744 391 1796 potueritis
411 1745 700 1792 interesse,-duo
718 1751 882 1783 vestrum
900 1760 940 1783 ea
960 1746 1226 1784 nichilominus
1245 1751 1487 1798 exequantur.
1507 1747 1640 1784 Datum
1662 1747 1732 1784 La-

196 1804 332 1850 terani,
349 1803 432 1841 idus
448 1804 678 1851 novembris,
696 1804 934 1855 pontificatus
954 1805 1069 1842 nostri
1088 1818 1186 1842 anno
1205 1810 1345 1842 octavo.

244 1863 411 1911 Quarum
439 1862 643 1900 litterarum
663 1863 881 1901 auctoritate
902 1864 1056 1901 fecimus
1082 1864 1276 1901 officialem
1301 1863 1539 1901 Leodiensem
1561 1863 1605 1899 ad
1624 1863 1729 1913 judi-

194 1921 294 1959 cium
316 1934 477 1959 coram...
505 1921 613 1959 nobis
635 1922 862 1960 sufficienter
885 1922 931 1959 ad
958 1922 1169 1960 instantiam
1195 1922 1451 1973 religiosorum
1475 1922 1640 1958 virorum
1661 1921 1729 1958 ab·

193 1979 288 2017 batis
305 1984 342 2017 ct
359 1981 557 2018 conventui
574 1981 786 2018 monasterii
802 1981 1031 2018 villariensis
1043 2010 1052 2026 ,
1066 1981 1317 2018 Cisterciensis
1336 1979 1495 2025 ordinis,
1516 1979 1729 2016 Leodiensis

192 2038 385 2089 dyocesis,
411 2041 573 2087 evocari,
599 2045 634 2077 et
655 2054 701 2078 ex
723 2045 825 2091 parte
850 2040 1065 2078 eorumdem
1094 2041 1350 2090 religiosorum
1378 2044 1503 2076 contra
1531 2038 1725 2075 officialem

191 2098 422 2148 praedictum
442 2099 590 2137 libellus
609 2099 717 2136 nobis
735 2103 928 2150 porrectus
946 2099 1067 2136 extitit
1084 2099 1154 2136 sub
1182 2099 1249 2136 hac
1269 2099 1384 2135 forma
1403 2114 1410 2134 z

241 2156 373 2193 Coram
398 2157 505 2195 vobis
529 2158 703 2195 dominis.
725 2187 732 2195 .
755 2158 913 2196 ‚abbate
939 2158 1151 2195 monasterii
1180 2156 1502 2195 Sancti-Juliannis
1520 2161 1555 2193 et
1572 2169 1727 2194 succen-

192 2218 271 2251 tore
291 2215 465 2253 ecclesiae
491 2217 764 2264 Laudunensis,
786 2217 960 2267 magistro
984 2216 1155 2255 Johanne
1182 2215 1347 2258 Phelisu,
1377 2214 1557 2252 canonico
1577 2214 1727 2251 Laudu-

191 2274 315 2320 nensi,
341 2274 581 2326 subdelegato
605 2289 626 2313 a
651 2276 825 2326 magistro
852 2276 1026 2313 Anselmo
1044 2275 1090 2312 de
1109 2274 1295 2320 Flaciaco,
1313 2273 1507 2323 judicibus
1529 2285 1549 2310 a
1572 2273 1725 2310 domino

190 2344 286 2384 papa
303 2332 418 2379 datis,
437 2347 522 2371 cum
542 2334 603 2371 illa
623 2335 788 2372 clausula
808 2334 910 2385 quod
930 2334 959 2371 si
982 2347 1055 2371 non
1079 2346 1207 2370 omnes
1223 2331 1295 2369 biis
1318 2330 1566 2382 exequendis,
1586 2337 1666 2376 etc,
1687 2331 1723 2367 in

190 2386 299 2428 causa
313 2390 456 2430 dudum
473 2396 572 2430 mota
591 2393 688 2430 inter
704 2392 896 2444 religiosos
909 2392 1008 2430 viros
1027 2392 1198 2429 abbatem
1217 2395 1252 2428 ct
1270 2394 1494 2428 conventum
1512 2388 1725 2426 monasterii
