2184 3074
423 330 497 368 550
802 298 807 300 ⁸
975 326 1137 365 connx
1163 321 1407 364 υυΝΕΝειε.

424 452 620 498 sequente,
639 460 782 498 nosque
799 451 836 484 et
853 451 998 484 nostros
1017 457 1247 483 successores
1268 444 1316 482 ad
1337 444 1562 482 solutionem
1588 456 1655 481 seu
1673 443 1959 494 praestationem

423 518 634 555 pannorum
662 504 878 554 hujusmodi
903 504 1045 555 absque
1065 503 1284 541 difficultate
1308 516 1374 540 seu
1397 502 1543 540 defectu
1567 502 1747 540 vellemus
1770 499 1959 552 perpetuis

425 563 655 614 temporibus
688 563 872 614 obligare,
910 567 946 600 et
981 562 1085 613 quod
1112 565 1237 600 noster
1259 561 1446 612 portarius
1472 561 1537 612 qui
1572 565 1666 598 esset
1695 572 1764 611 pro
1794 563 1961 610 tempore

424 626 508 672 post
526 622 606 672 ejus
628 622 820 660 decessum
831 651 841 668 a
859 621 941 660 vice
962 625 999 658 et
1022 620 1139 672 ipsius
1157 620 1310 659 nomine
1328 619 1550 658 distributor
1565 623 1768 671 perpetuus
1789 618 1961 656 existen-ot

424 680 645 718 elemosinae
671 685 919 731 praenotatae.
941 679 1016 718 Nos
1042 679 1157 729 igitur
1179 678 1455 716 considerantes
1478 678 1567 715 dicti
1593 677 1773 729 capellani
1795 676 1902 728 pium
1923 680 1961 713 et

423 738 609 776 sincerum
629 739 856 776 desiderium
887 750 972 788 erga
1003 737 1142 775 Christi
1173 750 1354 788 pauperes
1388 736 1640 788 supradictos,
1670 749 1716 774 ae
1742 734 1959 786 hujusmodi

423 797 662 835 elemosinam
689 802 873 847 quantum
900 808 1100 846 possumus
1122 808 1342 846 promovere
1362 795 1547 842 volentes,
1572 793 1813 832 vendidimus
1837 792 1959 831 eidem

423 855 469 893 de
483 855 674 892 communi
697 854 855 892 consilio
872 854 920 892 ad
937 867 1033 905 opus
1052 859 1088 892 et
1103 867 1322 892 succursum
1345 866 1554 905 pauperum
1570 853 1847 904 praedictorum
1864 852 1967 890 duas·

421 926 565 964 pannos
595 918 631 950 et
660 913 861 952 dimidium
891 913 1020 964 quales
1050 925 1120 964 pro
1147 918 1255 964 porta
1283 925 1349 950 seu
1378 912 1581 950 elemosina
1611 916 1736 949 nostra
1765 911 1805 949 in
1832 915 1963 948 nostr·

421 971 646 1009 monasterio
664 972 786 1023 parari
804 977 841 1009 et
858 972 940 1009 fieri
958 972 1080 1009 solent
1093 985 1160 1010 seu
1178 975 1398 1009 consuetum
1415 975 1490 1018 est,
1514 983 1583 1022 pro
1601 975 1699 1008 certa
1716 969 1896 1021 pecuniae
1913 969 1966 1006 de·

421 1043 495 1082 qua
518 1030 614 1068 inter
639 1043 707 1068 nos
727 1030 902 1068 convenit
919 1043 1066 1068 summa
1092 1035 1128 1069 et
1148 1029 1196 1068 de
1219 1043 1294 1081 qua
1320 1029 1484 1067 contenti
1502 1042 1650 1076 sumus,
1676 1028 1786 1066 nobis
1803 1028 1852 1065 ab
1878 1028 1963 1078 ipso

422 1089 613 1139 capellano
633 1088 800 1140 plenarie
816 1086 1022 1139 persoluta,
1046 1088 1305 1139 promittentes
1331 1087 1431 1139 apud
1453 1087 1670 1125 Moerkerke
1687 1087 1725 1124 in
1744 1087 1858 1124 domo
1875 1099 1961 1135 sua,

422 1147 578 1198 singulis
596 1148 704 1185 annis
722 1148 849 1199 quoad
862 1147 976 1194 vivet.¹
991 1147 1109 1185 dictos
1127 1160 1271 1198 pannos
1289 1146 1496 1184 deliberare
1511 1146 1610 1184 circa
1626 1146 1760 1184 festum
1779 1145 1961 1183 Omnium

408 1207 665 1254 Sanctorum,
691 1221 760 1258 per
781 1207 923 1258 ipsum,
949 1212 1063 1258 prout
1087 1212 1257 1258 oportere
1279 1205 1432 1252 viderit,
1458 1209 1536 1243 toto
1558 1206 1658 1242 vitae
1684 1218 1772 1242 suae
1797 1209 1965 1255 tempore

422 1265 720 1313 distribuendos,
741 1271 778 1304 et
794 1271 880 1318 post
903 1267 983 1316 ejus
1006 1266 1152 1304 obitum
1172 1270 1300 1303 nostro
1326 1264 1491 1316 portario
1513 1263 1578 1316 qui
1601 1264 1672 1301 erit
1687 1277 1758 1315 pro
1775 1263 1965 1314 tempore}
2012 1314 2019 1319 .

422 1338 534 1376 quem
554 1325 652 1362 idem
675 1325 738 1375 jus
756 1325 895 1363 habere
911 1325 1086 1362 volumus
1106 1324 1144 1362 in
1164 1324 1321 1370 eisdem,
1340 1336 1407 1374 per
1425 1323 1549 1374 ipsum
1566 1322 1811 1360 conferendos
1829 1326 1866 1359 et
1881 1321 1964 1360 die·-

421 1384 640 1422 tribuendos
660 1385 801 1435 integre
818 1383 1049 1435 pauperibus
1068 1383 1164 1420 infra
1183 1382 1318 1419 limites
1335 1381 1455 1418 dictae
1472 1381 1690 1432 parrochiae
1712 1379 1960 1425 morantibus,

421 1443 467 1480 de
490 1443 647 1480 consilio
665 1443 852 1480 dictorum
880 1442 1172 1493 presbiterorum
1198 1440 1311 1477 modo
1340 1439 1512 1490 superius
1534 1439 1613 1488 jam
1639 1451 1830 1490 expresso,
1856 1437 1961 1489 prius

422 1507 544 1539 tamen
568 1502 785 1541 corumdem
813 1514 1021 1553 pauperum
1049 1499 1330 1538 necessitatibus
1357 1498 1538 1549 indagatis
1564 1497 1780 1548 diligentius
1805 1497 1961 1548 singulis

423 1561 530 1598 annis
557 1574 624 1612 per
653 1565 820 1598 nostrum
848 1559 1056 1611 portarium
1086 1557 1359 1609 supradictum,
1387 1569 1455 1593 nec
1486 1556 1525 1593 in
1552 1556 1764 1607 praemissis
1794 1555 1961 1606 ipsorum

423 1619 715 1669 presbiterorum
737 1619 935 1656 consilium
964 1617 1063 1654 idem
1086 1615 1274 1668 portarius
1292 1615 1398 1652 aliter
1418 1614 1523 1665 sequi
1541 1613 1728 1651 tenebitur
1744 1626 1857 1665 quam
1875 1626 1963 1651 suae

426 1677 673 1715 conscientiae
701 1677 838 1714 viderit
863 1675 1073 1714 convenire.
1106 1675 1149 1712 In
1180 1673 1287 1724 cujus
1321 1672 1372 1711 rei
1399 1672 1653 1710 testimonium
1680 1676 1716 1709 et
1745 1671 1963 1715 memoriam

426 1736 638 1773 futurorum
665 1735 923 1786 praesentibus
946 1733 1078 1772 litteris
1102 1737 1271 1770 nostrum
1296 1731 1460 1782 sigillum
1484 1730 1662 1768 duximus
1685 1721 1962 1782 apponendum.
1993 1744 1995 1747 ⁴

476 1796 610 1832 Actum
628 1808 727 1832 anno
741 1795 892 1832 Domini
907 1794 959 1831 Μο
974 1793 1078 1831 CCC⁰
1091 1793 1230 1844 primo,
1245 1791 1307 1828 die
1319 1791 1430 1828 lunae
1442 1795 1527 1841 post
1543 1791 1677 1828 festum
1689 1789 1792 1827 Beati
1805 1789 1965 1827 Mathiae

427 1854 596 1904 apostoli.

1137 1927 1253 1938 -οον-

1097 2060 1298 2099 CCCLXX.

626 2178 663 2215 V
662 2184 739 2214 ente
757 2178 778 2214 ἀ
799 2177 834 2214 Ia
850 2183 955 2227 porte
973 2177 1016 2214 de
1037 2176 1185 2214 Thosan
1205 2177 1248 2214 de
1267 2183 1380 2214 terres
1392 2178 1481 2226 pres
1496 2176 1540 2213 de
1553 2175 1775 2227 Saeftinyhe.

479 2359 667 2399 Universis
685 2361 942 2412 praesentibus
962 2365 998 2398 et
1016 2361 1152 2398 suturis
1171 2366 1403 2411 praesentem
1422 2359 1837 2413 paginam-inspecturis
1853 2351 1965 2396 frater

430 2417 477 2453 W
484 2418 642 2456 illelmus
664 2420 785 2456 dictus
809 2420 942 2464 abbas,
966 2424 1141 2471 totusque
1165 2425 1370 2459 conventus
1392 2421 1438 2458 de
1459 2420 1626 2467 Thosan,
1650 2419 1804 2457 salutem
1828 2417 1866 2454 in
1887 2415 1965 2452 Do-

429 2475 532 2513 mino
550 2477 822 2527 sempiternam.
