2184 3074
769 224 932 264 conssx
959 224 1204 264 DUNENSlS.
1683 230 1749 267 32¹

217 345 369 384 Domini
387 344 529 382 dictum
545 345 678 381 fest-um
694 347 886 394 sequente,
904 347 940 379 et
957 341 1010 379 sic
1024 341 1070 378 de
1085 345 1228 378 caetero
1245 341 1378 378 caeteri
1395 341 1543 378 termini
1558 341 1756 379 solutionis

218 401 433 453 hujusmodi
451 406 661 445 servent-ur,
679 401 785 452 quasi
805 413 873 452 pro
891 400 1000 437 dictis
1018 413 1083 437 sex
1102 399 1210 437 annis
1235 403 1309 436 tota
1327 398 1469 437 decima
1491 400 1602 437 fuerit
1618 401 1755 448 soluta,

217 474 237 498 a
255 461 363 499 nobis
383 460 575 507 humiliter
590 460 775 511 petierunt
790 464 830 496 ut
845 458 1106 496 mandaremus
1124 471 1253 495 eorum
1272 457 1308 494 in
1328 457 1397 495 hac
1410 463 1514 509 parte
1527 458 1755 496 desiderium

217 518 425 570 adimpleri.

266 580 340 618 Nos
363 580 487 630 itaque
513 579 679 630 ipsorum
706 578 887 616 voluntati
910 591 1023 629 super
1047 577 1118 615 boc
1141 576 1339 628 benignius
1364 582 1589 622 annuentes,
1615 576 1756 613 discre-

218 638 309 675 tioni
326 642 466 675 vestrae
483 651 550 689 per
567 636 769 688 apostolica
787 637 924 688 scripta
944 636 1163 673 mandamus
1182 640 1366 687 quatenus
1380 636 1417 672 in
1434 636 1607 686 praefatis
1625 636 1756 672 Came-

218 696 358 735 racensi
389 696 536 733 civitate
565 701 602 733 et
632 695 749 747 ipsius
780 709 822 732 ac
858 694 1103 732 Attrebatensi
1136 698 1172 731 et
1205 694 1429 731 'fornacensi
1462 694 1686 744 djocesibus
1717 693 1754 729 in

217 755 401 799 solutione
420 754 637 805 hujusmodi
662 767 726 792 sex
747 767 865 791 annos
889 753 1108 804 incipientes
1126 752 1164 789 in
1182 753 1282 790 sestis
1306 753 1444 790 eisdem
1459 753 1565 802 juxta
1587 751 1757 803 prm-‹lic-

218 819 339 852 torum
369 813 553 866 episcopi,
581 813 759 851 abbatum
791 818 828 850 et
851 813 1009 850 aliorum
1039 818 1075 850 et
1100 812 1245 849 comitis
1277 811 1503 849 desiderium
1534 812 1693 848 salutare
1717 810 1756 847 in

218 873 406 924 praedicto
419 873 616 911 solutionis
634 872 780 924 negotio
801 871 1008 923 procedatis
1031 871 1138 921 juxta
1158 871 1407 922 praesentium
1426 877 1461 907 et
1481 864 1755 922 praefflictarum

216 931 448 982 vobissuper
466 930 537 968 boc
559 930 676 981 ipsius
695 929 986 981 praedecessoris
1004 929 1228 966 directarum
1249 928 1516 974 continentiam
1536 928 1754 966 litterarum.

215 989 406 1028 Caeterum
433 989 605 1026 volumus
631 988 735 1040 quod
764 988 947 1025 decimam
978 988 1014 1025 in
1041 988 1147 1026 terris
1170 993 1205 1025 et
1227 987 1318 1025 locis
1340 993 1440 1024 extra
1468 1000 1622 1038 regnum
1649 1000 1756 1037 prae-

214 1047 355 1085 dictum
381 1047 590 1085 constitutis
611 1047 655 1084 ad
677 1048 883 1098 praefatum
909 1047 1082 1084 comitem
1104 1047 1357 1098 spectantibus
1380 1047 1571 1084 collectam
1595 1052 1630 1083 et
1649 1045 1756 1083 colli-

213 1106 372 1157 gendam
406 1106 454 1143 ab
490 1106 655 1157 ipsorum
691 1106 954 1143 collectoribus
988 1106 1053 1156 qui
1091 1105 1269 1143 hactenus
1306 1105 1398 1142 inibi
1440 1104 1607 1155 deputati
1645 1104 1756 1141 fuisse

213 1164 394 1202 dicuntur
410 1178 477 1216 per
493 1178 556 1202 sex
574 1176 692 1202 annos
713 1164 750 1201 in
777 1163 966 1215 praedicto
985 1177 1004 1200 a
1026 1163 1305 1214 praedecessore
1329 1168 1455 1199 nostro
1479 1167 1635 1199 statutos
1663 1162 1757 1198 reci-

216 1236 303 1274 pere
318 1223 507 1261 studeatis.
528 1223 602 1261 Nos
616 1223 714 1260 enim
734 1223 787 1261 cis
803 1229 845 1260 ut
863 1223 963 1260 illam
983 1222 1090 1260 vobis
1107 1222 1295 1273 assignent
1310 1236 1376 1272 per
1389 1221 1478 1258 alias
1502 1227 1644 1258 nostras
1667 1221 1757 1258 litte-

217 1294 274 1319 ras
286 1281 470 1319 duximus
485 1281 756 1332 injungendum
776 1295 894 1333 quum
909 1287 945 1319 et
961 1286 1146 1333 quantum
1167 1280 1378 1332 receperitis
1395 1280 1502 1316 nobis
1518 1280 1755 1330 postmodum

216 1339 374 1376 fideliter
393 1339 606 1391 rescripturi
626 1353 669 1377 ac
687 1340 866 1377 servaturi
891 1354 956 1391 per
977 1340 1103 1377 onmia
1128 1353 1224 1391 quae
1251 1340 1288 1376 in
1317 1339 1448 1376 litteris
1466 1339 1582 1389 ipsius
1602 1339 1757 1389 praede-

215 1397 368 1435 cessoris
396 1398 510 1435 nostri
535 1397 720 1436 Johannis
741 1398 997 1444 continentur,
1023 1398 1119 1435 sicut
1143 1397 1314 1448 superius
1336 1397 1446 1433 eliam
1471 1402 1524 1433 cst
1547 1402 1756 1442 narratum,

198 1455 501 1495 ‘declarationem
521 1470 679 1508 ¹qnoque
696 1457 742 1494 de
760 1457 970 1494 redditibus
997 1456 1263 1493 beneficiorum
1292 1469 1388 1506 quae
1413 1468 1597 1491 summam
1619 1455 1655 1491 in
1678 1454 1755 1505 ipsa

144 1515 164 1543 ἶ
215 1513 462 1552 declaratione
490 1521 700 1552 contentam
732 1528 805 1552 non
832 1515 1018 1552 excedunt
1043 1529 1062 1551 a
1089 1514 1171 1565 piac
1195 1514 1395 1551 memoriae
1414 1514 1457 1550 G.
1479 1514 1757 1564 praedecessore

217 1578 342 1609 nostro
365 1578 553 1610 servantes
579 1573 616 1610 in
643 1572 858 1622 hujusmodi
882 1573 1025 1610 decima
1052 1573 1243 1624 exigenda.
1264 1572 1430 1619 'l'alndem
1452 1571 1757 1608 excommunica-

217 1630 343 1668 tionis.
370 1630 625 1681 suspensionis
656 1637 692 1668 et
723 1631 909 1668 interdicti
942 1630 1158 1677 sententias,
1187 1630 1217 1667 si
1249 1644 1342 1681 quas
1374 1630 1409 1666 in
1443 1643 1505 1666 vos
1538 1629 1592 1665 vel
1626 1641 1754 1665 vorum

215 1688 375 1738 aliquem
397 1688 466 1726 bac
483 1689 677 1726 occasione
695 1689 972 1740 promulgastis.
988 1689 1043 1725 vel
1060 1689 1149 1725 latas
1170 1688 1206 1724 in
1227 1689 1390 1738 praefato
1409 1687 1568 1723 concilio
1588 1687 1755 1723 incurre-

216 1752 312 1784 runt.
333 1747 412 1784 sine
429 1746 648 1784 difficultate
662 1747 830 1798 qualibet
849 1748 1029 1790 relaxetis,
1039 1753 1074 1784 et
1092 1748 1138 1784 ub
1158 1747 1362 1784 inferendis
1383 1760 1469 1783 vero
1485 1760 1551 1797 per
1570 1760 1633 1782 vos
1653 1760 1695 1781 ac
1715 1745 1752 1782 in

215 1805 403 1856 praedicto
427 1805 585 1843 concilio
613 1811 653 1842 ut
680 1805 929 1856 praemittitur
962 1806 1205 1856 promulgatis
1231 1818 1323 1855 quas
1351 1818 1412 1841 eos
1441 1804 1629 1840 incurrere
1661 1805 1752 1840 sorte

214 1863 409 1914 contigerit.
427 1868 510 1914 post
527 1863 814 1900 satisfactionem
839 1863 1043 1914 plenariam
1068 1864 1115 1900 ab
1138 1863 1227 1914 ipsis
1255 1863 1512 1913 praestandam
1534 1861 1630 1911 ipsos
1644 1862 1750 1910 juxta

215 1922 370 1958 sormam
396 1922 571 1959 ccclesiae
596 1922 814 1967 absolvatis,
834 1918 947 1972 super
973 1922 1255 1973 irregularitate.
1275 1921 1304 1958 si
1323 1935 1436 1971 quam
1461 1919 1528 1970 ipsi
1547 1920 1600 1955 vel
1622 1933 1749 1955 eorum

214 1980 348 2030 aliquis
369 1980 612 2018 immiscendo
630 1995 668 2018 se
686 1980 824 2017 divinis
848 1980 980 2017 olliciis
1002 1981 1057 2016 vel
1077 1980 1226 2016 ordines
1246 1979 1483 2029 suscipiendo
1503 1978 1637 2014 exinde
1660 1992 1749 2013 con-

214 2043 405 2075 truxerunt
428 2039 482 2076 vel
512 2040 750 2076 contrahent.
773 2039 1024 2090 dispensando
1051 2039 1296 2076 nihilominus
1315 2052 1399 2074 cum
1419 2037 1576 2082 eisdem,
1602 2042 1749 2073 contra-

212 2097 370 2134 dictores
385 2111 451 2148 per
464 2111 656 2135 censuram
673 2099 969 2136 ecclesiasticam.
987 2098 1235 2148 appellulione
1252 2096 1452 2147 postposita
1469 2095 1749 2145 compescendo.

213 2156 347 2192 Datum
374 2158 510 2194 Romae
528 2157 626 2207 apud
654 2159 831 2194 Sanctum
853 2158 1018 2200 Petrum,
1038 2163 1105 2193 etc.
1128 2157 1169 2193 Et
1198 2169 1263 2192 nos
1287 2154 1454 2191 ollicinlis
1476 2154 1747 2206 Cameracensis

213 2220 404 2265 pinum-nte
431 2228 624 2252 numerosa
651 2216 815 2252 virorum
851 2215 1090 2252 imiltitudine
1117 2215 1153 2251 in
1182 2213 1401 2251 consistorio
1427 2212 1550 2248 curiae
1577 2212 1749 2248 (Imm-ru—

212 2273 330 2309 censis
349 2286 448 2309 anno
469 2274 617 2310 Domini
640 2275 687 2310 Mo
707 2279 883 2325 tanquam
910 2274 978 2310 loci
1003 2273 1214 2309 ordinarius
1239 2272 1443 2322 praedictas
1464 2271 1599 2306 litteras
1620 2270 1748 2320 publi—

212 2331 375 2367 cavimus
407 2337 441 2367 et.
472 2331 716 2381 publicamus.
748 2332 786 2368 ln
821 2332 927 2381 cujus
959 2331 1008 2367 rei
1043 2330 1295 2367 testimoninm
1330 2328 1584 2379 praesentibus
1618 2327 1747 2363 litteris

213 2388 374 2439 sigilssum
394 2389 491 2426 sedis
510 2390 782 2427 Cameracensis
801 2390 978 2426 duximus
996 2389 1272 2439 apponendum.

1556 2445 1597 2481 Η
