2184 3074
474 352 547 388 514
1021 350 1183 388 CODEX
1209 350 1456 388 DUNENSIS.

477 479 637 503 cessores
654 466 700 503 ad
719 467 991 503 observantiam
1019 466 1307 517 praemissorum
1330 466 1500 503 omnium
1524 472 1558 504 et
1576 467 1808 517 singulorum
1820 497 1830 514 ‚
1850 468 2011 506 ubicun-

475 537 549 573 que
574 528 766 561 morentur
790 524 829 561 in
848 529 1055 575 posterum,
1084 538 1149 575 per
1174 524 1571 562 excommunicationis
1600 526 1819 563 sententiam
1845 528 2012 577 compel—

475 582 609 626 lantur,
632 596 691 627 se,
720 595 882 633 suosque
912 583 1066 620 heredes
1090 589 1126 620 et
1150 596 1400 630 successores,
1417 583 1543 634 quoad
1564 583 1864 634 jurisdictionem
1886 586 2012 623 write

473 640 698 678 Tornacensi
719 646 756 678 et
776 642 960 692 Brugensi
988 642 1114 679 curiae
1141 641 1302 679 totaliter
1326 643 1584 694 supponendo.
1616 643 1657 680 ln
1688 644 1796 694 cujus
1825 644 1878 682 rei
1909 645 2010 683 testi-

475 698 644 736 monium
674 704 883 749 praesentes
910 699 1048 738 litteras
1074 700 1182 737 dictis
1209 700 1432 752 conjugibus
1458 714 1527 752 pro
1553 715 1609 748 se,
1634 702 1786 754 suisque
1810 702 2013 741 heredibus

475 762 511 794 et
528 758 804 795 successoribus
829 759 1080 795 concessimus
1107 759 1221 796 nostri
1251 759 1381 809 sigillis
1408 760 1618 798 munimine
1642 761 1845 799 roboratas.
1874 762 2010 800 Datum

475 829 573 852 anno
584 845 593 853 .
611 821 678 853 em.

1189 894 1297 904 -φοον-

1157 1038 1340 1075 cchlx.

635 1154 818 1190 Donation
833 1154 877 1190 de
896 1160 1008 1191 terres
1025 1154 1116 1204 saite
1128 1167 1205 1204 par
1221 1155 1251 1191 le
1270 1155 1387 1204 doyen
1403 1155 1446 1192 de
1464 1155 1598 1206 l’eylise
1611 1157 1655 1194 de
1673 1157 1855 1207 Courlray

909 1214 932 1249 ἀ
953 1212 1062 1249 l'ahbe'
1077 1219 1111 1249 et
1126 1226 1175 1249 au
1194 1218 1344 1250 convent
1359 1212 1403 1250 de
1425 1212 1583 1251 Tho-san.

526 1408 730 1454 Universis‚
752 1413 832 1454 etc„
852 1409 963 1445 frater
983 1409 1025 1446 N.
1045 1409 1167 1446 dictus
1185 1409 1300 1446 abbas
1318 1409 1364 1445 de
1381 1409 1546 1452 Thosan,
1565 1413 1739 1459 totusque
1757 1409 1924 1459 ejusdem
1942 1410 2013 1446 loci

478 1472 699 1513 conventus7
714 1467 870 1504 salutem
890 1467 927 1503 in
947 1467 1121 1504 Domino.

527 1525 679 1562 Noverit
704 1525 928 1563 Universitas
954 1525 1082 1563 Vestra
1109 1526 1211 1576 quod
1238 1526 1295 1562 vir
1319 1525 1540 1563 venerabilis
1566 1525 1743 1563 dominus
1772 1526 1832 1572 E„
1853 1526 2016 1564 decanus

479 1583 651 1621 ecclesiae
669 1583 938 1630 Curtracensis,
956 1584 1111 1634 provida
1133 1584 1400 1622 deliberatione
1421 1584 1654 1635 praehabita,
1673 1583 1834 1621 contulit
1849 1584 1957 1622 nobis
1974 1597 2017 1622 ac

481 1649 606 1680 nostro
625 1643 865 1687 monasterio,
884 1656 952 1693 pro
966 1643 1130 1680 remedio
1145 1643 1290 1680 animae
1303 1656 1391 1680 suae
1405 1656 1447 1679 ac
1464 1642 1674 1679 animarum
1693 1642 2016 1693 praedecessorum

481 1714 651 1747 suorum7
673 1701 710 1738 in
730 1715 862 1752 puram
881 1702 1122 1739 elemosinam
1152 1702 1216 1738 llll
1236 1701 1330 1738 linas
1350 1706 1466 1738 terrae
1477 1701 1636 1751 jacentis
1654 1701 1692 1737 in
1712 1701 2030 1754 Lisseweghe2‚in.

482 1760 543 1796 tali
559 1761 640 1797 loco
659 1761 723 1810 qui
747 1760 886 1797 dicitur
899 1760 1109 1811 pomerium
1128 1760 1270 1798 domini
1290 1760 1517 1810 Gherulphi,
1536 1764 1571 1797 et
1588 1759 1783 1796 dimidiam
1806 1768 2018 1798 mensuram

482 1825 598 1856 terrae
619 1820 775 1868 jacentis
804 1820 841 1856 in
862 1820 924 1857 tali
945 1820 1026 1857 loco
1045 1820 1110 1871 qui
1129 1820 1268 1857 dicitur
1281 1819 1459 1870 Nerikos,
1478 1832 1572 1870 quas
1590 1824 1704 1856 terras
1728 1822 1827 1855 tenet
1843 1818 2020 1858 dominus

482 1878 698 1924 Nicholaus,
721 1878 905 1929 presbiter
929 1878 975 1915 de
1002 1878 1249 1929 Lisseweghe,
1268 1891 1337 1929 pro
1355 1891 1481 1915 annuo
1506 1890 1618 1915 censu
1638 1881 1801 1928 quatuor
1825 1877 2020 1916 librarum,

484 1939 572 1975 ltem
602 1938 760 1975 contulit
786 1938 895 1975 nobis
922 1938 1030 1975 talem
1061 1943 1216 1984 terram,
1244 1938 1417 1974 videlicet
1443 1950 1556 1974 unam
1585 1949 1817 1982 mensuram,
1834 1940 1902 1973 etc.
1929 1937 2019 1974 Item

484 1996 641 2034 contulit
659 1996 768 2034 nobis
787 1996 850 2034 Vll
870 2009 1062 2033 mensuras
1082 2001 1200 2033 terrae
1218 2000 1254 2033 et
1267 1996 1463 2032 dimidiam
1477 1995 1534 2032 vel
1548 1994 1695 2032 circiter
1706 1993 1870 2044 jacentes
1883 1995 2019 2045 partim

484 2056 523 2091 in
554 2054 787 2105 Lisseweghe
810 2060 845 2092 et
870 2055 1005 2105 partim
1028 2055 1066 2091 in
1095 2054 1276 2100 Dudzele,
1304 2067 1397 2105 quas
1420 2058 1519 2091 tenet
1544 2052 1626 2090 talis
1657 2065 1726 2103 pro
1755 2065 1882 2089 annuo
1907 2066 2021 2091 censu

486 2114 531 2152 vl
550 2114 731 2151 librarum
751 2119 787 2150 et
804 2127 872 2165 pro
886 2114 1036 2151 duobus
1055 2113 1272 2164 caponibus.
1290 2113 1380 2150 Item
1404 2113 1562 2150 contulit
1579 2112 1689 2149 nobis
1702 2110 1735 2148 X
1749 2110 1888 2148 solidos
1905 2113 2020 2149 annui

485 2173 651 2210 redditus
666 2186 761 2223 quos
778 2173 888 2210 solvit
906 2202 1045 2209 ......
1060 2173 1264 2223 assignatos
1282 2177 1318 2224 et
1335 2172 1465 2209 affixos
1485 2185 1599 2222 super
1613 2175 1775 2221 quatuor
1792 2169 1886 2207 linas
1905 2174 2022 2207 terrae

481 2231 636 2281 jacentis
658 2231 695 2267 in
718 2231 793 2268 tali.
819 2232 863 2269 Et
879 2232 1038 2268 contulit
1060 2231 1168 2268 nobis
1188 2231 1287 2268 XXV
1304 2231 1443 2268 solidos
1461 2230 1575 2267 annui
1596 2229 1780 2275 redditus,
1799 2241 1895 2279 quos
1912 2228 2023 2266 solvit

483 2290 672 2327 Johannes
690 2290 789 2327 filius
810 2290 882 2335 Ww
900 2291 1102 2340 assignatos
1121 2303 1235 2341 super
1251 2294 1385 2327 terram
1403 2302 1508 2327 suam
1525 2289 1708 2339 jacentem
1723 2287 1761 2324 in
1779 2286 2023 2338 Lissewegh03

485 2354 520 2385 et
539 2349 589 2385 hii
614 2349 780 2386 redditus
803 2349 899 2387 XXV
921 2350 1127 2386 solidorum
1147 2350 1324 2386 relevium
1346 2350 1506 2386 solvunt.
1526 2348 1616 2385 ltem
1634 2346 1793 2384 contulit
1806 2345 1915 2383 nobis
1934 2346 2023 2382 fun-

485 2408 552 2444 dos
579 2421 664 2444 suos
683 2409 846 2457 jacentes
868 2409 975 2457 juxta
1000 2409 1191 2446 ecclesiam
1216 2409 1262 2445 de
1282 2407 1516 2458 Lisseweghe
1540 2406 1771 2444 continentes
1791 2408 1969 2442 trecentas
1987 2409 2023 2441 et

488 2465 635 2514 triginta
656 2466 775 2515 virgas
791 2467 856 2515 qui
875 2467 1026 2503 solvunt
1043 2467 1233 2503 annuatim
1254 2472 1327 2503 tres
1347 2466 1459 2503 libras
1478 2466 1535 2502 vel
1553 2465 1709 2502 circiter.
