2184 3074
451 382 524 418 474
1003 380 1164 417 CODEX
1191 379 1434 418 DUNENSIS.

452 497 574 546 egredi
589 502 652 533 aut
666 496 904 533 commissum
921 495 1029 532 nobis
1043 496 1166 532 locum
1182 495 1360 542 deserere,
1375 496 1491 533 acturi
1510 498 1707 545 remotius,
1724 499 1865 550 absque
1881 502 1982 552 gravi

449 569 573 591 rerum
594 555 755 604 jactura,
777 554 948 604 vitaeque
970 554 1136 604 periculo
1162 566 1237 590 non
1261 566 1473 604 possemus,
1493 555 1591 603 lieet,
1610 557 1830 608 priusquam
1851 558 1984 609 hujus-

450 613 550 650 modi
578 613 860 663 supervenirent
885 612 1152 649 commotiones
1187 625 1283 662 quae
1314 626 1415 649 nunc
1440 627 1572 663 urgere
1598 614 1730 653 durius
1758 621 1795 653 et
1819 618 1983 667 asperius

450 672 715 717 dinoscuntur,
740 671 889 707 firmum
910 670 1151 707 habuerimus
1170 671 1404 721 propositum
1425 684 1492 709 nos
1513 672 1766 711 sanctissimae
1782 687 1984 726 congrega-

452 730 562 767 tionis
575 735 716 767 vestrae
734 730 889 780 collegio
904 729 1176 779 praesentandi.
1196 729 1318 777 Quare
1332 730 1545 780 supradicta
1562 735 1636 768 tam
1656 727 1723 782 per
1735 733 1983 771 venerabilem

451 794 591 840 patrem
619 789 727 825 talem
755 801 867 838 quam
887 802 954 838 per
973 792 1137 824 tenorem
1155 789 1406 838 praesentium
1425 788 1471 825 ad
1491 788 1641 827 Vestrae
1658 790 1869 829 Sanctitatis
1886 792 1985 829 noti-

454 847 540 883 tiam
569 847 835 897 producentes,
860 846 1201 883 Reverendissimae
1226 846 1441 883 paternitati
1468 846 1617 885 Vestrae
1643 848 1774 886 devote
1798 853 1835 886 et
1858 849 1985 888 bumi-

454 906 537 942 liter
555 906 808 957 supplicamus
834 909 1024 956 quatenus,
1044 905 1266 951 absentiam,
1286 919 1398 956 quam
1422 919 1498 943 non
1515 907 1688 945 voluntas
1705 908 1770 945 sed
1788 909 1981 947 manifesta

451 964 597 1001 inducit
618 963 913 1014 impossibilitas,
938 976 982 1000 ex
1007 976 1116 1000 causa
1135 968 1319 1014 praetacta
1343 964 1479 1001 habere
1503 965 1709 1016 dignemini
1736 966 1987 1005 favorabiliter

453 1026 674 1059 excusatam.

1175 1088 1272 1098 w

1106 1230 1356 1269 CCCXXVIII.

453 1349 504 1385 Le
523 1353 632 1385 comte
657 1347 787 1385 Roberl
811 1347 855 1383 de
881 1347 1048 1384 Flandre
1071 1349 1231 1384 autor-ise
1255 1346 1292 1384 la
1317 1352 1418 1384 vente
1442 1347 1484 1384 de
1514 1348 1690 1384 certaines
1717 1353 1830 1384 terres
1857 1359 1934 1397 par
1958 1346 1988 1383 le

994 1409 1196 1444 monastere
1222 1407 1266 1443 de
1296 1406 1454 1444 Thosan.

504 1602 577 1638 Nos
601 1602 801 1647 Robertus,
830 1614 952 1639 comes
978 1602 1196 1649 Flandriae,
1219 1608 1349 1640 notum
1382 1603 1536 1640 facimus
1568 1602 1751 1639 universis
1777 1602 1879 1653 quod
1903 1614 1989 1638 cum

454 1660 577 1697 dilecti
602 1660 717 1697 nostri
744 1660 814 1696 viri
839 1660 1000 1711 religiosi
1025 1661 1139 1698 abbas
1166 1666 1202 1698 et
1223 1666 1427 1698 conventus
1446 1660 1659 1698 monasterii
1678 1660 1724 1697 de
1749 1660 1914 1706 Thosan,
1940 1659 1990 1696 ob

454 1723 645 1770 urgentem
666 1719 918 1756 necessitatem
938 1732 1058 1766 suam,
1078 1724 1120 1756 ut
1138 1719 1320 1756 universis
1336 1719 1583 1756 creditoribus
1598 1719 1675 1756 suis
1688 1718 1991 1756 satisfacerent-et

453 1791 490 1814 se
505 1778 551 1815 ab
565 1791 762 1815 usurarum
782 1777 959 1828 voragine
973 1777 1186 1824 liberarent,
1196 1782 1310 1814 terras
1319 1777 1499 1828 quasdam
1514 1777 1553 1814 in
1567 1777 1722 1814 diversis
1736 1776 1904 1827 partibus
1917 1774 1988 1813 sub

454 1835 623 1873 districtu
644 1841 769 1873 nostro
784 1839 947 1882 jacentes
964 1836 1203 1873 vendiderint
1227 1841 1263 1873 et
1286 1835 1526 1873 distraxerint
1551 1849 1593 1872 ac
1618 1835 1805 1886 praedicta
1830 1834 1990 1872 necessi-

455 1898 526 1931 tate
547 1894 730 1944 eompulsi
750 1899 853 1930 extra
872 1907 1025 1930 manum
1043 1908 1147 1931 suam
1167 1894 1362 1945 posuerint
1385 1898 1421 1930 ct
1442 1898 1584 1944 ponent
1600 1907 1720 1944 usque
1738 1893 1784 1930 ad
1803 1893 1990 1943 quingen—

456 1956 508 1989 tas
528 1966 719 1989 mensuras
739 1952 1007 2001 terraefertilis
1031 1957 1067 1989 et
1084 1953 1254 2000 arabilis,
1281 1952 1464 2002 nobisque
1487 1952 1678 1989 humiliter
1699 1950 1990 2002 supplicaverint

455 2016 514 2057 ut,
532 2025 617 2048 cum
641 2011 774 2047 melior
800 2011 948 2047 fortuna
973 2011 1111 2058 eisdem
1137 2011 1319 2058 arriserit,
1346 2016 1399 2048 tot
1421 2016 1600 2048 terrarum
1619 2023 1811 2047 mensuras
1828 2013 1871 2047 ut
1886 2008 1990 2059 prius

458 2070 552 2106 infra
571 2069 780 2107 districtum
802 2074 968 2106 nostrum
990 2071 1182 2120 acquirere
1198 2071 1345 2107 valeant
1368 2083 1434 2120 pro
1453 2083 1521 2107 suo
1539 2068 1763 2107 monasterio
1785 2072 1822 2105 et
1838 2067 1991 2119 pacifice

458 2129 658 2178 possidere,
677 2141 744 2165 nos
765 2129 980 2166 eorumdem
999 2129 1144 2166 abbatis
1166 2134 1202 2166 et
1221 2134 1426 2167 conventus
1450 2128 1654 2166 necessitati
1674 2127 1938 2178 compatientes
1957 2130 1993 2163 et

459 2188 581 2237 ipsum
605 2187 890 2234 monasterium,
911 2193 1093 2238 quantum
1119 2189 1165 2226 ad
1193 2193 1328 2226 statum
1349 2189 1552 2235 bonorum,
1571 2201 1724 2225 suorum
1743 2186 1993 2237 redintegrare

459 2245 712 2282 favorabiliter
728 2246 920 2295 cupientes
931 2276 939 2292 ,
954 2260 1022 2297 pro
1043 2247 1152 2284 nobis
1170 2252 1206 2284 et
1220 2247 1356 2285 nostris
1373 2246 1648 2284 successoribus
1662 2244 1858 2283 Flandriae
1875 2243 1993 2282 eomi-

460 2303 560 2340 tibus
585 2303 724 2340 eisdem
744 2304 984 2342 concedimus
1013 2309 1071 2351 ut,
1094 2318 1178 2342 eum
1200 2305 1246 2342 ad
1271 2305 1506 2356 pinguiorem
1531 2305 1719 2342 fortunam
1742 2303 1993 2354 pervenerint,

461 2366 514 2397 tot
530 2366 709 2397 terrarum
725 2374 917 2400 mensuras
936 2376 1032 2413 quae
1050 2377 1125 2400 non
1143 2368 1232 2401 sunt
1250 2364 1424 2411 feodales,
1443 2363 1510 2400 ubi
1533 2362 1766 2400 commodius
1784 2361 1990 2412 potuerint,

460 2419 652 2469 acquirant
676 2424 711 2456 et
734 2421 966 2469 possideant,
989 2422 1076 2459 dum
1096 2427 1218 2460 tamen
1237 2436 1430 2460 mensuras
1450 2427 1568 2459 terrae
1591 2421 1797 2472 praedictas
1813 2419 1993 2458 vendide-

461 2478 535 2514 rint
552 2478 718 2527 personis
738 2491 811 2514 non
828 2479 1070 2530 privilegiatis
1088 2486 1124 2518 et
1137 2482 1247 2519 nobis
1262 2482 1374 2532 pleno
1387 2482 1472 2530 jure
1489 2480 1684 2529 subjectis,
1703 2479 1805 2516 salvo
1822 2478 1932 2515 etiam
1953 2478 1990 2514 in
