2184 3074
740 297 901 336 CODEX
928 297 1174 336 DUNENSlS.
1458 349 1462 351 Π
1677 302 1723 339 79

236 414 460 452 Monasticae
478 414 669 452 sinceritas
687 414 906 465 disciplinae
923 428 1037 466 quam
1057 414 1094 451 in
1115 414 1274 465 puritate
1293 414 1436 452 ordinis
1462 429 1572 466 quem
1594 418 1723 454 tenetis

186 473 324 511 aeterni
343 472 555 510 Conditoris
573 472 807 523 providentia
822 473 1057 518 restauravit,
1072 472 1172 509 illam
1190 485 1335 523 semper
1352 472 1495 510 invenit
1509 473 1546 510 in
1563 474 1722 525 Aposto—

187 532 256 570 lica
271 531 366 570 Sede
380 531 614 569 clementiam
627 544 702 582 qua
717 536 753 568 et
765 536 928 569 vestrum
945 531 982 568 in
998 531 1160 568 Domino
1175 531 1408 582 propositum
1425 531 1571 569 virtutis
1586 546 1722 571 accres-

187 595 284 628 ceret
307 594 344 628 et
366 589 525 627 aliorum
551 589 699 627 devotio
716 590 847 627 vestris
866 594 1131 640 provocaretur
1147 589 1343 640 exemplis,
1363 595 1403 627 ut
1420 603 1487 640 per
1507 591 1720 630 coelestium

186 649 354 687 semitam
382 648 643 686 mandatorum
668 648 714 685 ad
743 648 977 699 propositum
1004 647 1160 684 feliciter
1189 647 1359 685 bravium
1392 649 1589 686 festinaret.
1623 650 1722 688 lnter

187 713 327 745 caetera
341 720 440 754 vero,
457 707 542 744 licet
556 707 649 744 ordo
664 711 784 744 vester
797 707 850 744 sic
864 720 902 744 se
916 706 1116 744 servaverit
1129 706 1374 756 (lyocliesanis
1391 708 1575 759 episcopis
1594 708 1719 746 liumi-

186 765 287 803 litate
313 764 503 815 subjectus
529 769 570 802 ut
596 764 707 802 salvis
731 764 976 815 originalibus
1002 764 1180 801 institutis
1203 776 1332 801 eorum
1352 778 1497 816 semper
1517 765 1721 804 decreverit

185 822 397 874 magisterio
415 822 622 872 subjacere,
641 822 735 860 illud
751 827 895 860 tantum
912 822 1088 859 hactenus
1103 822 1149 858 de
1163 823 1287 859 favore
1301 836 1343 859 ac
1357 824 1586 873 protectione
1599 825 1719 876 Apos-

185 881 316 920 tolicae
330 881 435 919 Sedis
450 881 615 919 obtinuit
627 886 669 918 ut
683 882 809 919 nullus
824 881 863 918 in
879 881 1100 918 monasteria
1119 881 1175 917 vel
1195 881 1345 918 abbates
1363 882 1506 919 ordinis
1527 884 1718 921 memorati

185 939 470 991 quomodolibet
486 939 769 977 ecclesiasticam
794 939 1012 976 sententiam
1036 944 1222 989 promeret
1239 939 1294 976 vel
1321 953 1496 990 personas
1524 940 1561 977 in
1589 941 1718 979 eodem

183 998 316 1039 ordine
333 998 552 1036 constitutas
569 996 967 1035 excommunicationis
986 996 1042 1033 vel
1061 996 1313 1047 suspensionis
1334 1011 1400 1034 seu
1426 998 1611 1036 interdicti
1630 1012 1720 1050 pro-

184 1056 413 1107 mulgatione
429 1059 607 1105 gravaret.
624 1054 720 1103 Quia
738 1067 826 1092 vero
844 1054 1101 1105 refrigescente
1115 1054 1264 1091 caritate
1278 1055 1481 1092 multorum
1496 1069 1615 1107 usque
1628 1057 1719 1094 adeo

184 1115 363 1166 iniquitas
381 1113 548 1151 noscitur
566 1113 802 1150 habundasse
822 1117 861 1149 ut
879 1112 1051 1149 nonnulli
1071 1125 1200 1149 eorum
1217 1113 1283 1163 qui
1302 1114 1464 1151 ecclesiis
1482 1115 1550 1152 Dei
1570 1116 1720 1153 moder—

186 1173 244 1212 nis
270 1172 500 1224 temporibus
525 1175 613 1209 sunt
638 1171 811 1222 praelati,
836 1170 1156 1221 transgrediantur
1181 1171 1357 1208 terminos
1375 1172 1422 1208 ab
1444 1172 1718 1223 antiquioribus

186 1231 406 1269 constitutos
427 1234 464 1267 et
488 1229 527 1266 in
545 1233 709 1266 vestrum
727 1228 936 1279 specialiter
953 1227 1122 1264 ordinem
1142 1227 1345 1265 indebitam
1367 1242 1536 1267 exercere
1554 1243 1628 1267 non
1647 1231 1719 1268 du-

183 1288 307 1326 bitent
330 1287 529 1334 ultionem,
557 1287 807 1338 praesentium
835 1286 1040 1324 litterarum
1067 1285 1310 1336 inscriptione
1339 1287 1534 1324 statuimus
1561 1293 1601 1325 ut
1627 1289 1719 1326 nulli

183 1346 339 1384 omnino
365 1346 474 1384 liceat
498 1345 538 1383 in
563 1358 630 1383 vos
654 1345 712 1382 vel
739 1344 962 1382 monasteria
985 1349 1105 1381 vest-ra
1131 1357 1196 1381 seu
1218 1345 1347 1382 fratres
1376 1345 1469 1382 inibi
1501 1346 1720 1384 constitutos

183 1410 311 1444 contra
331 1405 369 1442 id
387 1405 491 1457 quod
510 1405 558 1442 ab
577 1404 722 1456 origine
743 1403 886 1442 ordinis
907 1403 1074 1440 noscitur
1093 1403 1344 1450 observatum,
1363 1405 1720 1442 excommunicatio—

184 1464 241 1503 nis
258 1465 317 1502 vel
336 1463 592 1515 suspensionis
611 1477 676 1501 seu
699 1461 887 1514 interdicti
905 1462 1124 1499 sententiam
1143 1475 1330 1513 promere,
1349 1476 1482 1513 quam,
1500 1463 1529 1500 si
1548 1469 1719 1515 prompta

184 1523 311 1570 suerit,
335 1523 553 1561 auctoritate
579 1522 782 1574 apostolica
805 1521 1040 1558 decernimus
1066 1534 1141 1558 non
1165 1526 1298 1558 tenere.
1324 1521 1549 1571 Adjicientes
1571 1535 1723 1573 quoque

183 1581 417 1628 decernimus
435 1586 477 1619 ut
496 1581 767 1632 archiepiscopi
787 1586 822 1618 et
839 1580 1004 1630 episcopi
1024 1580 1062 1616 in
1082 1580 1303 1630 recipiendis
1317 1580 1610 1631 professionibus
1627 1594 1723 1631 quae

185 1654 205 1678 a
228 1640 434 1678 benedictis
469 1640 527 1676 vel
563 1638 830 1677 benedicendis
862 1638 1061 1675 abbatibus
1091 1638 1336 1684 exhibentur2
1366 1652 1406 1675 ea
1438 1638 1512 1675 sint
1542 1639 1658 1675 forma
1688 1644 1723 1675 et

184 1698 420 1749 expressione
437 1697 601 1735 contenti
619 1710 716 1748 quae
734 1697 781 1734 ab
799 1696 943 1746 origine
961 1696 1104 1733 ordinis
1128 1696 1295 1733 noscitur
1316 1696 1503 1742 instituta,
1522 1696 1662 1733 scilicet
1683 1701 1724 1732 ut

186 1757 338 1794 abbates
356 1756 426 1807 ipsi
450 1756 552 1794 salvo
577 1755 710 1793 ordine
735 1767 802 1792 suo
827 1754 994 1805 profiteri
1019 1753 1178 1791 debeant
1194 1759 1230 1790 et
1247 1758 1375 1790 contra
1395 1754 1562 1791 instituta
1580 1754 1722 1791 ordinis

185 1815 327 1852 nullam
355 1814 623 1865 professionem
647 1814 766 1851 facere
789 1812 1070 1862 compellantur.
1099 1811 1199 1849 Nulli
1227 1824 1314 1862 ergo
1345 1811 1498 1849 omnino
1526 1811 1721 1849 hominum

185 1876 295 1914 liceat
312 1875 408 1913 hanc
426 1875 599 1926 paginam
618 1879 764 1913 nostrae
782 1873 1076 1911 confirmationis
1095 1872 1311 1923 infringere,
1333 1878 1398 1910 etc.

234 1933 372 1971 Datum
391 1932 557 1971 Veronae
573 1946 620 1970 xv
640 1931 814 1971 kalendas
832 1931 1050 1969 decembris.
