2184 3074
743 334 906 373 CODEX
930 335 1174 374 DUNENSIS.
1674 337 1716 375 9¹

190 459 227 492 et
243 458 369 506 postea
390 466 510 504 usque
533 465 645 490 nunc.
675 452 922 502 interrogatus
948 456 1131 503 quantum
1158 456 1259 498 ante,
1282 453 1494 504 respondit:
1514 466 1581 503 per
1598 453 1722 504 plures

190 524 347 550 menses.
371 512 621 562 Interrogatus
647 509 838 561 quomodo
862 509 932 547 scit
961 509 1167 560 praedicta,
1197 511 1389 562 respondit
1417 511 1506 562 quia
1535 511 1725 563 cognoscit

189 570 313 621 ipsum
332 570 529 608 dominum
547 569 864 615 Bonaventuram‚
881 572 918 605 et
934 568 1137 619 aliquando
1155 569 1226 606 suit
1238 569 1318 620 ejus
1332 570 1493 608 famulus
1505 575 1542 607 et
1554 570 1724 621 portabat

186 629 224 667 ei
249 629 399 667 librum·
414 627 462 666 ad
487 627 605 666 scolas
631 626 775 665 domini
802 626 975 673 marsim,
999 626 1162 665 doctoris
1185 628 1434 675 decretorum,
1460 634 1496 666 et
1520 629 1614 665 vidit
1638 642 1723 666 eum

190 686 338 725 studere
355 685 548 724 Bononiae
567 689 644 723 toto
661 684 762 722 dicto
782 689 947 735 tempore
965 689 1000 722 et
1018 685 1120 735 plus;
1139 690 1175 722 et
1193 685 1263 723 hoc
1277 699 1352 723 non
1366 686 1462 724 dixit
1475 686 1574 733 odio,
1588 699 1723 724 amore.

190 745 341 792 timore,
357 748 425 782 etc.

238 803 370 842 Dictus
387 802 564 841 dominus
581 801 743 840 vicarius
761 802 1018 852 pronuntiavit
1033 801 1100 840 hos
1115 806 1222 840 testes
1241 808 1404 854 apertos,
1423 817 1584 855 quorum
1605 817 1727 842 sacra-

193 865 316 900 menta
330 865 368 899 et
382 861 481 899 dicta
498 860 682 912 praesenti
701 859 762 896 die
779 864 926 911 recepta
944 865 1050 907 sunt,
1067 860 1239 898 videlicet
1259 874 1358 898 anno
1378 862 1427 898 Mo
1443 862 1516 899 CC⁰
1534 862 1727 907 Lxxxllv,

192 919 397 958 indictione
413 919 668 971 quindecima,
687 918 748 955 die
764 918 910 956 veneris
927 918 1254 970 vicesimo-quarto
1272 920 1453 966 octobris,
1472 920 1726 971 praesentibus

192 978 347 1016 domino
371 979 484 1024 Bon.‚
509 977 744 1015 decretorum
773 976 940 1023 doctore,
963 976 1118 1014 domino
1144 977 1302 1015 Mai-tino
1320 978 1472 1029 Yspano
1497 983 1534 1016 et
1555 979 1727 1017 Johanne

191 1035 354 1087 Magistri
373 1035 489 1082 Petri,
507 1034 662 1072 testibus
679 1033 838 1080 vocatis,
857 1034 1050 1071 Bononiae
1069 1035 1107 1071 in
1129 1036 1263 1085 palatio
1281 1036 1493 1087 episcopali.

241 1094 319 1145 Ego
341 1093 518 1131 dominus
538 1092 727 1138 Mascafis,
750 1091 933 1142 imperiali
956 1093 1174 1130 auctoritate
1194 1098 1230 1130 et
1252 1107 1353 1131 nunc
1370 1094 1592 1132 venerabilis
1614 1095 1728 1146 patris

191 1151 336 1190 domini
355 1151 564 1198 Octaviani,
582 1150 651 1188 Dei
668 1149 804 1201 gratia,
822 1149 1070 1188 Bononiensis
1093 1151 1256 1202 episcopi
1277 1152 1463 1198 notarius,
1483 1152 1601 1190 dictos
1620 1157 1727 1190 testes

191 1209 390 1262 diligenter
414 1214 450 1247 et
475 1209 635 1247 fideliter
659 1208 869 1246 examinavi
895 1221 1020 1246 coram
1047 1209 1147 1247 dicto
1172 1209 1326 1247 domino
1351 1211 1506 1257 vicario,
1537 1216 1573 1248 et
1597 1224 1725 1248 eorum

193 1268 291 1306 dicta
305 1268 436 1319 scripsi
449 1271 563 1319 prout
575 1267 645 1318 ipsi
659 1266 783 1304 dicere
799 1267 1000 1304 voluerunt
1012 1271 1047 1304 et
1060 1268 1247 1318 publicavi
1263 1273 1298 1305 et
1312 1268 1349 1305 in
1365 1269 1555 1319 publicam
1570 1269 1726 1306 sormam

194 1325 335 1378 redegi,
352 1330 390 1364 et
405 1326 453 1364 ad
471 1325 650 1376 majorem
669 1325 781 1374 hujus
796 1325 848 1362 rei
862 1324 975 1363 fidem
990 1325 1037 1363 de
1051 1326 1226 1364 mandato
1241 1326 1331 1364 dicti
1345 1326 1487 1364 domini
1502 1327 1628 1364 vicarii
1642 1340 1729 1364 suae

193 1384 352 1422 vicariae
369 1383 534 1434 sigillum
551 1382 720 1434 apposui.

907 1477 1021 1487 r--o—

908 1608 1013 1646 LXV.

193 1727 428 1766 Mandement
449 1726 597 1764 adresse’
623 1738 702 1763 aux
726 1725 863 1776 doyens
885 1725 1107 1763 d’Assenede
1128 1731 1160 1763 et
1189 1726 1329 1765 d'Aaeel
1351 1727 1599 1765 relativement
1621 1729 1643 1765 ἀ
1667 1728 1729 1765 des

418 1789 513 1822 acles
534 1784 578 1821 de
602 1783 757 1821 violence
783 1784 933 1821 commis
958 1783 1054 1821 dans
1080 1783 1112 1821 le
1137 1783 1308 1822 domnine
1332 1785 1377 1822 de
1404 1786 1510 1835 Lepe.

938 1883 984 1889 ““
1007 1871 1053 1912 Ὦ,

243 1978 499 2025 Conservat0r‚
525 1983 701 2016 executor
721 1978 799 2015 sive
818 1978 937 2028 judex
958 1979 1124 2016 virorum
1146 1979 1403 2030 religiosorum
1423 1979 1566 2016 abbatis
1584 1983 1620 2015 et
1637 1991 1727 2015 con—

194 2041 327 2074 ventus
344 2035 559 2074 monasterii
577 2036 623 2073 de
641 2036 762 2074 Dunis
780 2049 800 2073 a
818 2036 911 2074 Sede
928 2037 1141 2087 Apostoliea
1158 2037 1355 2088 deputatus
1373 2050 1485 2088 super
1501 2049 1630 2073 eorum
1650 2037 1728 2087 pri-

195 2093 337 2145 vilegiis
361 2107 381 2131 a
399 2094 494 2132 Sede
511 2094 699 2146 praedicta
724 2094 908 2132 concessis
933 2094 1092 2142 eisdem,
1110 2095 1259 2132 decanis
1285 2095 1332 2132 de
1355 2095 1524 2132 Hasnede
1546 2099 1582 2131 et
1599 2095 1728 2140 Axele,

196 2152 333 2190 curatis
351 2165 394 2190 ac
411 2153 492 2191 aliis
506 2153 682 2191 omnibus
696 2153 923 2204 presbyteris
937 2159 973 2191 et
985 2154 1184 2205 capellanis
1198 2155 1244 2191 ad
1258 2166 1352 2205 quos
1366 2157 1574 2204 praesentes
1589 2152 1729 2190 litterae

197 2210 445 2262 pervenerint,
462 2211 618 2248 salutem
637 2211 675 2248 in
694 2211 869 2248 Domino.

249 2268 461 2319 Apostolica
487 2267 581 2306 Sede
605 2269 720 2320 quieti
743 2269 980 2307 omnimodae
1000 2269 1185 2306 dictorum
1204 2269 1347 2306 abbatis
1365 2273 1401 2306 et
1417 2273 1621 2307 conventus
1639 2283 1727 2320 pro-

199 2327 325 2365 videre
342 2327 508 2372 volente,
531 2340 573 2364 ac
598 2328 705 2366 nobis
727 2333 769 2365 ut
791 2328 982 2379 privilegia
1002 2328 1105 2366 Sedis
1125 2327 1241 2378 ipsius
1258 2327 1397 2365 eisdem
1416 2341 1587 2365 concessa
1606 2328 1728 2365 invio-

200 2385 360 2423 labiliter
373 2397 634 2423 conservemus
648 2391 684 2423 et
696 2387 874 2424 faciamus
888 2386 935 2423 ab
948 2386 1029 2423 aliis
1043 2386 1243 2433 observari,
1258 2386 1432 2437 ipsosque
1446 2399 1465 2423 a
1480 2386 1726 2437 malignorum

201 2444 413 2483 incursibus
432 2444 674 2483 defendamus
695 2458 761 2496 per
784 2458 849 2483 sua
871 2444 1007 2495 scripta
1029 2444 1290 2495 praecipiendo
1309 2445 1525 2491 mandante,
1545 2458 1611 2483 uos
1630 2459 1726 2496 quo—
