2184 3074
693 238 855 277 CODEX
883 237 1126 276 DUNENSlS.
1605 239 1676 276 567

147 357 291 395 animae
315 357 424 395 vestri
450 356 571 394 fratris
594 361 720 406 parcat
741 354 1029 393 misericorditer
1052 354 1090 391 in
1115 354 1273 404 peccatis
1296 358 1332 391 et
1356 353 1475 391 eidem
1500 355 1677 392 concedat

147 415 311 467 requiem
338 416 611 467 sempiternam.

841 489 959 501 .·--0·—⁴

815 631 904 669 CCX
912 631 1001 669 Llll.

292 751 470 787 Pouvoirs
487 750 623 787 donne's
643 750 664 786 ἀ
684 749 745 786 des
767 749 1049 787 ambassadeurs
1066 749 1218 798 envoye's
1235 762 1279 786 en
1298 750 1522 801 Allemaqne.

193 946 285 982 Cum
318 957 384 981 nos
415 943 502 981 tales
533 947 569 980 et
600 943 686 980 tales
719 947 863 980 nostros
891 943 1041 981 nuntios
1069 944 1245 995 speciales
1268 944 1458 982 mittamus
1482 944 1528 982 ad
1553 949 1673 996 partes

146 1002 397 1040 Allemanniae
416 1015 483 1053 pro
498 1002 640 1052 magnis
658 1006 694 1038 et
711 1001 836 1039 arduis
856 1002 1012 1052 negotiis
1036 1002 1232 1040 utilitatem
1255 1009 1290 1041 et
1311 1003 1489 1041 honorem
1506 1008 1672 1041 nostrum

143 1061 390 1112 tangentibus,
406 1060 703 1112 recognoscimus
715 1065 840 1097 tenore
854 1060 1105 1111 praesentium
1116 1061 1217 1112 quod
1233 1075 1300 1099 nos
1311 1074 1438 1099 omnes
1457 1067 1492 1099 et
1508 1062 1672 1113 singulas

143 1119 406 1157 conventiones
431 1124 467 1157 et
489 1119 734 1170 obligationes
763 1132 856 1170 quas
883 1119 952 1170 ipsi
976 1120 1033 1156 vel
1058 1134 1103 1157 ex
1131 1119 1221 1171 ipsis
1246 1125 1338 1168 tres,
1356 1121 1508 1158 nomine
1531 1126 1671 1167 nostro„

141 1181 334 1217 occasione
349 1178 623 1231 praedictorum
643 1179 874 1230 negotiorum
897 1192 981 1216 cum
1001 1179 1291 1231 quibuscunque
1317 1180 1485 1231 personis
1503 1180 1670 1225 inierint„

143 1242 237 1276 ratas
250 1243 388 1276 extunc
403 1237 582 1275 habemus
599 1243 635 1275 et
659 1242 780 1288 gratas
799 1237 1020 1275 habebimus
1038 1242 1074 1275 et
1091 1237 1228 1276 habere
1241 1238 1495 1289 promittimus
1514 1238 1551 1275 in
1569 1238 1672 1276 futu-

142 1309 225 1334 rum
239 1325 249 1342 ,
270 1301 305 1333 et
331 1297 507 1334 faciemus
541 1295 686 1333 easdem
717 1295 923 1333 secundum
955 1296 1222 1333 continentiam
1251 1296 1455 1334 litterarum
1483 1296 1668 1333 dictorum

142 1354 359 1393 nuntiorum
379 1359 590 1392 nostrorum
614 1354 671 1391 vel
698 1355 810 1391 trium
834 1367 879 1391 ex
907 1354 1013 1405 ipsis,
1031 1367 1124 1405 quas
1149 1368 1262 1405 super
1278 1354 1490 1405 praemissis
1511 1354 1671 1405 quibus-

142 1427 290 1466 cunque
307 1414 474 1465 personis
492 1413 549 1462 vel
563 1426 742 1465 personae
764 1413 811 1451 ab
842 1414 931 1465 ipsis
950 1414 1101 1451 nomine
1120 1416 1246 1451 nostro
1264 1413 1439 1451 exhibere
1457 1413 1513 1450 vel
1528 1412 1670 1450 delibe-

139 1473 211 1510 rari
229 1472 438 1523 eontigerit,
455 1472 612 1510 firmiter
623 1476 659 1509 et
673 1472 939 1509 inviolabiliter
951 1472 1152 1519 observari,
1170 1477 1205 1509 et
1218 1472 1264 1509 ad
1280 1485 1338 1510 eas
1354 1485 1372 1508 a
1391 1471 1499 1508 nobis
1514 1470 1669 1508 firmiter

143 1531 391 1569 observandas
410 1543 476 1567 nos
493 1535 530 1567 et
549 1530 647 1567 bona
667 1534 791 1567 nostra
809 1530 1019 1581 specialiter
1035 1530 1254 1579 obligamus.

192 1589 327 1627 Datum
342 1601 440 1626 anno
460 1588 590 1626 Lxxn
603 1588 790 1626 dominica
807 1602 880 1639 qua
900 1594 1071 1626 cantatur
1089 1588 1206 1626 Oculi.

859 1714 953 1723 ..n-—

817 1853 1001 1892 CCXLIV.

241 1975 358 2011 heure
383 1973 426 2011 de
447 1973 484 2010 la
511 1979 677 2011 comtes-se
703 1972 747 2010 de
773 1972 940 2010 Flandre
964 1985 1014 2009 au
1037 1985 1134 2021 pape
1159 1985 1203 2009 en
1232 1971 1366 2021 fovear
1392 1971 1435 2007 de
1461 1969 1574 2007 e'abbe

755 2031 800 2068 de
828 2030 1047 2069 Clairvaux.

189 2225 282 2262 Cum
302 2225 359 2262 vir
374 2225 594 2263 venerabilis
610 2229 646 2262 et
662 2225 855 2275 religiosus
874 2223 988 2261 abbas
1002 2222 1281 2261 Clarcvallensis
1300 2221 1448 2259 Vestrae
1461 2219 1671 2259 Sanctitatis

144 2283 271 2321 limina
302 2283 544 2335 personaliter
561 2283 710 2321 visitare
738 2286 933 2334 proponat,
952 2282 1017 2333 qui
1049 2281 1148 2333 apud
1169 2295 1227 2319 me
1244 2286 1281 2318 et
1306 2280 1406 2332 apud
1425 2293 1554 2317 omnes
1574 2278 1673 2316 noti-

142 2341 229 2379 tiam
251 2342 367 2393 ipsius
387 2342 562 2380 habentes
580 2341 656 2380 suis
674 2341 844 2392 gratiosis
864 2341 1005 2379 meritis
1019 2354 1056 2378 se
1073 2345 1219 2392 gratum
1234 2339 1398 2378 reddidit
1414 2343 1450 2376 et
1468 2342 1670 2389 acceptum,
