2184 3074
460 358 532 396 558
1008 352 1170 391 CODEX
1198 353 1441 391 DUNENSIS.

461 473 628 510 nicamus
652 475 687 508 et
709 470 1075 508 excommunicatum
1102 482 1180 506 esse
1202 469 1310 508 vobis
1334 473 1462 507 tenore
1488 470 1740 520 praesentium
1765 472 1996 520 nuntiamus,

459 529 636 567 obnixius
653 529 891 579 deprecantes
913 527 1090 578 quatinus
1109 527 1301 573 eumdem,
1321 526 1359 564 ni
1386 527 1541 565 forsitan
1565 527 1675 566 citius
1696 528 1743 566 ad
1769 541 1834 568 cor
1850 529 1998 571 rediens

460 587 667 638 resipiscat,
698 586 814 624 vitare
838 586 959 623 velitis
985 590 1021 623 et
1045 585 1125 636 ejus
1150 586 1338 623 consortio
1363 586 1564 633 abstinere,
1590 587 1779 627 nullarum
1801 601 1927 627 rerum
1949 589 1998 629 ad

460 646 650 684 ecclesiam
677 659 743 683 seu
775 650 897 683 curtes
927 649 1072 682 nostras
1102 644 1350 695 spectantium
1381 645 1648 684 commercium
1677 646 1735 684 vel
1763 652 1996 686 contractum

436 748 440 750 ‚
461 718 545 742 cum
566 705 646 755 ipso
664 704 812 755 penitus
830 704 1000 741 ineuntes
1019 708 1083 740 aut
1101 703 1221 740 eidem
1241 703 1383 754 aliquid
1402 709 1626 742 mutuantes.

1166 827 1284 837 -οου-

1104 971 1353 1010 CCCLXXlV.

553 1088 801 1125 Procuration
820 1086 957 1124 donnee
970 1098 1047 1135 par
1065 1085 1179 1124 l'abbe'
1195 1093 1227 1124 et
1252 1087 1284 1124 Ie
1301 1093 1451 1124 coement
1467 1087 1512 1124 de
1535 1086 1682 1125 Tkosan
1701 1101 1750 1125 au
1764 1089 1899 1138 prieur

949 1150 982 1182 et
1001 1145 1024 1182 ὰ
1041 1150 1172 1196 quatre
1190 1151 1314 1182 autres
1332 1146 1480 1183 moines.

504 1342 709 1388 Universis,
735 1346 816 1388 etc,
848 1342 961 1379 frater
992 1342 1206 1380 Willelmus
1232 1342 1354 1380 dictus
1374 1342 1508 1389 abbas,
1532 1346 1708 1394 totusque
1725 1347 1930 1380 conventus
1946 1342 1993 1379 de

453 1402 618 1449 Thosan,
636 1402 792 1439 salutem
811 1401 850 1438 in
870 1401 1044 1439 Domino.

503 1459 656 1497 Noverit
676 1459 905 1498 Universitas
921 1465 1041 1498 vestra
1063 1461 1167 1511 quod
1187 1473 1255 1498 nos
1273 1460 1428 1498 dilectos
1444 1460 1736 1508 commonachos
1758 1463 1903 1499 nostros
1919 1459 1994 1496 fra—

455 1523 526 1556 tres
547 1518 780 1556 Willelmum
799 1518 980 1570 priorem,
997 1519 1230 1556 Winnocum
1254 1519 1522 1566 consessorem,
1540 1518 1762 1558 Nicholaum
1784 1517 1994 1573 cellarium,

455 1577 707 1616 Reinverdum
733 1574 946 1615 bursarium
973 1577 1108 1615 domus
1135 1582 1282 1615 nostrae
1308 1583 1345 1615 et
1372 1577 1606 1616 Willelmum
1634 1576 1852 1628 magistrum
1880 1575 1994 1614 curtis

456 1636 629 1673 nostrae'
619 1649 657 1673 m
676 1636 823 1673 abbatia
843 1649 1077 1683 conversum,
1096 1636 1347 1688 praesentium
1371 1635 1615 1683 exhibitores,
1632 1640 1697 1674 aut
1719 1635 1814 1673 duos
1835 1648 1881 1672 ex
1905 1633 1995 1684 ipsis

456 1695 596 1733 simul
586 1709 624 1732 in
644 1694 824 1742 solidum,
843 1695 893 1732 ita
910 1695 1014 1746 quod
1033 1709 1110 1733 non
1133 1695 1180 1733 sit
1202 1695 1334 1733 melior
1358 1695 1524 1734 conditio
1547 1694 1828 1746 occupantium.
1849 1697 1994 1731 nostros
2017 1691 2021 1693 ’

456 1755 643 1804 generales
664 1758 942 1805 procuratores,
970 1755 1204 1805 negotiorum
1226 1759 1388 1806 gestores
1410 1758 1446 1792 et
1472 1755 1625 1792 nuntios
1651 1753 1828 1805 speciales
1855 1743 1995 1790 consti-

459 1813 598 1850 tuimus
622 1813 669 1850 ad
695 1812 820 1850 omnia
847 1813 1022 1851 ecclesiae
1049 1818 1195 1851 nostrae
1230 1813 1375 1864 negotia
1407 1813 1568 1864 gerenda
1595 1818 1632 1851 et
1659 1811 1865 1851 exercenda
1888 1816 1924 1849 et
1947 1811 1997 1849 ad

455 1872 659 1923 agendum,
678 1872 881 1923 petendum
896 1877 932 1910 et
946 1873 1250 1924 respondendum
1266 1886 1334 1924 pro
1351 1873 1461 1910 nobis
1479 1877 1515 1910 et
1527 1871 1680 1910 ecclesia
1695 1875 1838 1917 nostra,
1852 1883 1996 1921 nosque

455 1937 490 1969 et
511 1931 701 1969 ecclesiam
722 1936 885 1969 nostram
912 1932 1210 1979 defendendum,
1230 1932 1331 1969 litem
1356 1932 1643 1970 contestandum
1668 1935 1704 1968 et
1725 1929 1997 1980 adjurandum,
2015 1966 2017 1969 .

455 1995 490 2027 et
508 1990 706 2040 cujuslibet
723 1991 868 2041 generis
887 1996 1159 2028 sacramentum
1178 1991 1472 2042 praestandum'
1463 2004 1500 2028 in
1522 1990 1664 2028 animas
1683 1993 1827 2027 nostras
1845 1993 1882 2026 et
1898 2001 1996 2034 suas,

454 2049 552 2085 etad
572 2049 686 2085 alium
710 2062 774 2087 seu
799 2049 890 2087 alios
916 2054 1194 2100 procuratorem
1222 2050 1278 2087 vel
1304 2043 1564 2101 procuratores
1589 2049 1671 2087 loco
1689 2049 1747 2086 sui
1765 2047 1997 2086 substituen—

456 2107 543 2143 dum
570 2112 606 2144 ct
629 2107 880 2145 revocandum
900 2109 1011 2145 semel
1037 2109 1094 2145 vel
1123 2108 1280 2159 pluries,
1299 2113 1411 2160 prout
1435 2108 1663 2146 crediderint
1683 2106 1878 2158 expedire,
1897 2111 1933 2144 et
1949 2106 1997 2143 ad

456 2169 627 2202 mutuum
646 2179 665 2202 a
684 2179 910 2217 quocunque
928 2167 1116 2203 voluerint
1130 2180 1251 2218 usque
1269 2167 1315 2204 ad
1335 2180 1518 2204 summam
1533 2179 1646 2218 quam
1660 2165 1892 2203 decreverint
1905 2177 1996 2202 con-

458 2223 681 2260 trahendum
700 2229 736 2260 et
757 2224 1015 2276 recipiendum
1036 2224 1253 2275 hujusmodi
1272 2230 1462 2272 mutuum,
1480 2230 1516 2262 et
1536 2237 1802 2276 quamcunque
1821 2222 1997 2274 expedire

456 2282 617 2319 viderint
645 2283 842 2333 pecuniam
873 2278 919 2320 de
952 2284 1219 2334 pensionibus,
1246 2285 1354 2322 etad
1379 2283 1619 2322 vendendum
1645 2288 1682 2321 et
1711 2282 1996 2321 distrahendum

456 2345 568 2377 terras
587 2340 762 2378 ecclesiae
781 2346 929 2379 nostrae
948 2341 995 2379 de
1012 2346 1227 2379 nostrorum
1245 2343 1482 2394 superiorum
1499 2342 1648 2380 licentia
1661 2342 1740 2392 jam
1758 2341 1910 2379 obtenta
1929 2352 1997 2391 pro

457 2404 601 2436 nostrae
626 2400 799 2437 ecclcsiae
821 2401 1042 2454 urgentibus
1063 2401 1199 2439 debitis
1221 2401 1495 2452 persolvendis,
1514 2406 1551 2438 et
1573 2400 1620 2438 ad
1644 2399 1939 2452 promittendum
1961 2402 1997 2435 et

457 2458 700 2508 obligandum
720 2473 787 2497 nos
806 2460 852 2496 de
872 2465 1002 2498 mutuo
1021 2461 1250 2498 restituendo
1268 2474 1496 2512 quocunque
1512 2466 1679 2512 tempore
1694 2458 1872 2498 duxerint
1891 2457 1996 2495 ordi-
