2184 3074
711 252 872 291 conEx
897 252 1143 291 DUNENSlS.
1615 255 1687 292 387

162 372 323 410 firmino
336 356 631 424 persolvendam.
647 372 884 422 Quapropter
899 375 942 408 ut
960 383 1028 421 per
1049 370 1188 408 alterna
1214 370 1393 408 beneficia
1418 384 1481 408 seu
1506 371 1684 422 obsequia

131 444 134 446 ’
163 428 262 468 inter
275 441 344 468 nos
360 435 489 468 mutua
509 430 707 468 roboretur
725 428 876 466 dilectio
898 431 935 466 et
957 428 1185 479 peramplius
1210 429 1458 479 astringamur
1478 429 1686 467 adinvicem

161 486 294 526 fortius
308 488 488 538 mitigati,
505 487 678 539 promisit
694 486 804 524 nobis
820 485 941 524 dictus
958 486 1133 537 magister
1149 491 1333 537 praestare
1353 487 1551 525 consilium
1575 487 1686 538 quale

161 545 271 583 sciret
282 546 415 584 melius
427 551 464 584 et
476 546 604 584 utilius
618 546 656 583 in
674 545 848 582 omnibus
867 545 987 582 causis
1004 558 1046 582 ac
1065 545 1221 596 negotiis
1234 550 1381 583 nostrae
1394 546 1579 590 ecclesiae,
1594 545 1685 582 dum

161 614 274 655 super
286 605 390 644 hoen
407 604 516 643 nobis
533 605 644 642 suerit
659 604 871 655 requisitus.
888 603 931 641 ln
949 604 1076 642 arduis
1093 608 1215 641 autem
1235 605 1355 642 causis
1372 609 1408 642 et
1422 604 1578 654 negotiis
1598 617 1686 642 nos-

161 657 245 709 tris,
270 662 336 700 ubi
361 674 465 701 suam
491 663 601 701 nobis
628 663 871 714 praesentiam
895 662 1098 700 viderimus
1125 667 1364 714 oportunam.¹
1394 676 1571 714 personae
1597 675 1686 700 suae

159 720 415 770 praesentiam,
429 722 581 772 quando
599 721 792 758 commode
806 720 951 771 poterit,
962 720 1169 767 exhibebit,
1183 734 1295 773 super
1308 735 1384 772 quo
1398 734 1485 759 suae
1499 721 1686 758 conscien-

159 777 232 815 tiae
247 779 421 816 standum
438 780 523 827 erit,
538 791 687 817 omnem
702 779 916 816 fidelitatem
931 784 1077 816 nostrae
1089 780 1308 830 promittens
1323 780 1496 817 ecclesiae
1509 792 1550 816 ac
1563 779 1683 816 eidem

159 837 326 875 assistere
350 839 506 875 consilio
530 842 566 876 et
587 838 728 875 auxilio
748 850 825 888 quo
851 838 961 875 sciret
984 842 1021 874 et
1047 838 1182 888 poterit
1207 838 1356 875 saniori.
1379 837 1417 875 Si
1438 850 1524 874 vero
1542 837 1684 874 dictum

159 895 374 946 magistrum
391 896 585 933 occasione
601 895 834 945 negotiorum
856 894 1029 932 ecclesiae
1049 899 1194 932 nostrae
1219 895 1355 932 alicubi
1383 895 1566 946 proficisci
1593 908 1685 932 con-

159 953 299 1007 tigerit,
326 954 566 1005 promisimus
596 954 716 991 eidem
743 965 922 1003 expensas
955 953 1176 990 necessarias
1206 954 1245 990 in
1275 953 1399 990 eundo
1428 957 1465 990 et
1494 953 1685 990 redeundo

158 1012 363 1050 seeundum
389 1025 569 1063 personae
593 1024 681 1049 suae
705 1011 911 1049 decentiam
936 1011 1144 1048 ministrare
1170 1016 1205 1049 et
1228 1012 1345 1049 facere
1369 1025 1532 1061 congrue
1553 1012 1685 1048 minis-

157 1070 258 1116 anri,
274 1074 311 1108 et
323 1070 370 1107 ad
385 1075 552 1108 nostrum
571 1070 849 1115 monasterium,
865 1070 1037 1121 quotiens
1050 1070 1121 1107 sibi
1139 1070 1329 1120 placuerit,
1343 1070 1528 1107 declinare
1551 1069 1685 1120 poterit

158 1138 243 1166 cnm
261 1130 483 1180 competenti
502 1129 574 1167 sibi
592 1129 730 1166 familia
748 1129 908 1179 qualiter
924 1133 966 1166 ut
983 1128 1165 1179 praesenti
1185 1133 1348 1179 tempore
1365 1128 1569 1166 consuevit.
1582 1127 1685 1166 Prae·

158 1185 278 1224 dictus
296 1191 419 1224 autem
437 1188 610 1238 magister
625 1188 750 1224 omnia
767 1187 978 1238 supradicta
1003 1187 1225 1237 pertinentia
1247 1187 1293 1224 ad
1318 1187 1455 1237 ipsum,
1474 1186 1547 1224 fide
1569 1186 1684 1224 inter·

157 1243 288 1295 posita,
303 1244 341 1282 in
356 1252 469 1282 manu
483 1249 607 1283 nostra
621 1245 765 1283 abbatis
783 1245 830 1282 de
838 1245 986 1283 Thosan
1003 1245 1217 1296 supradicti,
1231 1244 1403 1296 promisit
1420 1244 1683 1282 inviolabiliter

157 1302 368 1350 observare,
387 1306 423 1341 et
441 1303 530 1341 baec
550 1304 676 1341 omnia
698 1308 734 1341 et
754 1304 899 1354 singula
926 1303 1136 1354 supradicta
1158 1303 1396 1354 promisimus
1420 1303 1592 1340 videlicet
1616 1317 1682 1341 nos

156 1371 202 1398 ex
213 1372 288 1398 una
306 1365 410 1412 parte
425 1374 495 1413 pro
513 1362 620 1400 nobis
631 1391 640 1409 ,
658 1367 694 1399 et
710 1362 832 1400 dictus
850 1363 1024 1413 magister
1040 1375 1107 1413 pro
1123 1375 1181 1408 se,
1199 1376 1244 1399 cx
1262 1362 1391 1407 altera,
1410 1367 1445 1399 et
1462 1375 1558 1400 unus
1576 1362 1679 1400 alteri

157 1419 364 1468 adinvicem
377 1420 647 1471 sollempnibus
665 1420 970 1471 stipulationibus
988 1421 1076 1458 hinc
1094 1421 1180 1458 inde
1195 1421 1419 1472 interpositis
1435 1421 1539 1458 firma
1555 1426 1588 1458 et
1603 1426 1680 1459 rata

155 1477 307 1523 habere,
322 1482 461 1525 tenere,
479 1478 689 1524 observare,
714 1479 930 1516 obedienter
950 1484 987 1517 et
1007 1479 1166 1516 fideliter
1191 1479 1402 1530 adimplere.
1430 1480 1470 1516 ln
1496 1480 1602 1529 cujus
1628 1479 1679 1516 rei

156 1535 407 1573 testimonium
426 1541 462 1573 et
479 1536 671 1574 munimen
690 1549 757 1575 nos
775 1537 890 1575 abbas
912 1542 948 1574 et
969 1542 1172 1575 conventus
1199 1538 1375 1588 praedicti
1403 1538 1565 1589 sigillum
1592 1550 1680 1574 nos-

156 1597 254 1632 trum
268 1606 342 1631 una
357 1607 442 1632 eum
456 1595 578 1646 sigillo
593 1595 681 1632 dicti
700 1595 864 1646 magistri
879 1596 1060 1646 praesenti
1076 1601 1195 1633 cartae
1208 1597 1384 1634 duximus
1401 1597 1675 1647 apponendum.

153 1652 305 1698 Datum,
322 1656 389 1690 etc.

852 1727 973 1739 *-

817 1867 1014 1907 CCLXVH.

189 1985 312 2036 Appel
327 1988 491 2038 interjete'
500 2000 578 2037 par
594 1989 689 2026 Jean
706 1988 749 2026 de
767 1988 940 2039 Risiuqlae
951 1989 1179 2038 par-devant
1197 1988 1441 2040 l'arclaeve‘que
1455 1989 1499 2026 de
1518 1990 1635 2026 Reims

340 2051 462 2083 contre.
478 2059 549 2084 une
565 2052 726 2084 sentence
739 2048 941 2095 prononce'e
957 2060 1031 2096 par
1049 2047 1209 2097 l'official
1225 2047 1268 2084 de
1291 2048 1478 2097 Tournay.

165 2258 166 2261 =
196 2235 238 2272 In
269 2235 419 2271 nomine
444 2235 596 2273 Domini
622 2250 739 2275 amen.
770 2239 876 2276 Anno
906 2239 1070 2289 ejusdem
1093 2241 1142 2276 Mo
1167 2241 1269 2277 CCC⁰
1295 2246 1441 2278 octavo.
1467 2240 1668 2277 indictione

148 2297 266 2340 sexta,
282 2294 417 2331 mensis
427 2293 525 2343 Junii
541 2295 602 2332 die
613 2297 767 2346 septima
779 2326 788 2343 ,
803 2298 1038 2347 pontificatus
1052 2298 1192 2335 domini
1208 2299 1404 2336 Clementis
1418 2312 1534 2349 papae
1545 2299 1666 2349 quinti

148 2363 245 2389 anno
270 2351 388 2388 tertio.
1062 2371 1067 2375 ·
