2184 3074
709 330 870 368 ‹Jonssx
897 331 1142 371 DUNENSlS.
1626 337 1687 376 ¹9¹

161 447 316 485 Sanctae
333 448 521 486 Romanae
540 446 723 485 Ecclesiae
742 448 979 499 protectioni,
997 453 1034 485 et
1050 462 1139 499 rogo
1158 462 1221 486 vos
1238 449 1454 486 tabelliones
1469 450 1638 501 publicos
1654 455 1695 486 ut

160 517 272 556 super
289 505 359 543 hoc
374 506 569 557 publicum
596 505 884 543 instrumentum
903 506 1107 543 conficiatis
1134 507 1171 543 in
1196 507 1312 544 forma
1337 507 1480 544 meliori
1500 521 1596 558 quae
1614 508 1692 544 lieri

160 564 294 614 poterit
307 569 343 602 et
355 564 521 610 debebit,
537 577 611 602 non
626 569 764 602 mutata
781 564 986 602 substantia
1002 565 1183 611 veritatis,
1197 570 1233 602 et
1246 565 1387 602 dictum
1404 566 1692 603 instrumentum

161 622 254 660 mibi
273 623 524 675 procuratori,
546 623 697 660 nominc
716 636 792 674 quo
811 616 942 674 supra,
963 623 1044 660 loco
1062 624 1312 674 apostolorum
1332 624 1560 671 concedatis,
1582 630 1693 675 prout

159 680 269 718 debet
286 681 364 718 lieri
386 681 422 718 in
444 680 514 718 boc
532 695 629 719 casu.

205 739 351 788 Quibus
374 740 550 778 omnibus
580 754 646 791 per
669 741 810 779 dictum
845 741 1040 779 ‹lominum
1075 742 1272 780 Reinerum
1305 742 1501 792 diligenter
1530 743 1687 788 auditis,

143 797 352 848 >requisivit
372 798 409 835 in
430 799 559 849 primis
577 799 686 836 dictis
708 799 883 837 dominus
903 800 1082 838 Reinerus
1109 813 1167 837 me
1196 801 1381 838 notarium
1413 801 1689 852 infrascriptum

157 860 199 892 ut
211 855 257 893 de
270 856 468 907 praedictis
482 857 657 894 omnibus
671 887 677 903 2
693 863 804 908 prout
817 863 920 895 erant
935 858 1048 905 dicta,
1077 859 1224 910 recitata
1250 864 1285 896 et
1307 859 1418 905 facta,
1438 859 1508 896 sibi
1533 861 1687 896 facerem

156 914 348 964 publicum
364 915 670 962 instrumentum,
691 921 793 967 parte
811 917 879 953 alia
895 931 940 954 ex
954 917 1108 954 adverso
1126 917 1272 955 dicente
1291 923 1326 955 et
1339 923 1485 968 petente
1500 923 1539 954 ut
1553 919 1599 954 de
1612 932 1687 955 om-

158 973 268 1011 nibus
287 974 524 1025 supradictis,
543 981 583 1012 ut
603 975 734 1012 melius
754 989 914 1026 possem,
933 976 1138 1013 dummodo
1166 990 1241 1014 non
1257 982 1461 1013 mutaretur
1483 977 1687 1014 substantia

155 1031 337 1076 veritatis,
356 1033 510 1069 facerem
532 1033 723 1083 publicum
746 1033 1046 1072 instrumentum.
1069 1035 1177 1072 Petiit
1195 1035 1347 1085 insuper
1370 1035 1490 1071 dictus
1507 1035 1687 1083 [dominus

157 1089 336 1138 Reinerus
356 1090 434 1127 lieri
453 1091 523 1128 sibi
544 1091 689 1142 copiam
710 1096 782 1128 tam
802 1092 848 1128 de
867 1094 1126 1142 procuratione
1144 1093 1231 1129 dieti
1252 1093 1372 1129 fratris
1390 1092 1555 1130 Nicbolai
1574 1106 1686 1143 quam

157 1147 202 1184 de
219 1148 301 1185 aliis
322 1162 418 1199 quae
441 1149 538 1186 dicta
564 1151 709 1187 fucrant
735 1151 905 1201 superius
929 1164 971 1188 ac
995 1152 1103 1188 etiam
1131 1151 1290 1188 recitata.
1317 1151 1440 1188 Dictas
1460 1164 1544 1194 vero
1563 1151 1687 1201 copias

156 1219 223 1256 ego
243 1207 407 1244 notarius
427 1207 683 1259 infrascriptos
701 1208 747 1245 de
767 1209 956 1246 voluntate
967 1202 1008 1246 *et
1027 1223 1207 1247 coiisensu
1235 1210 1349 1260 partis
1373 1209 1545 1246 adversae
1567 1210 1685 1246 obtuli

157 1278 215 1301 me
234 1265 428 1302 facturum.
449 1266 512 1311 Et,
533 1267 599 1303 ista
626 1267 867 1318 requisitione
884 1268 936 1306 sie
957 1269 1067 1313 l'acta7
1088 1267 1279 1318 respondit
1307 1268 1491 1318 praelatus
1511 1267 1685 1304 dominus

159 1323 357 1369 Reium-us,
375 1324 502 1362 dicens
521 1325 622 1375 quod
643 1326 672 1363 si
693 1326 771 1376 ipsc
789 1326 907 1364 dictos
925 1327 1075 1364 abbates
1098 1327 1135 1363 in
1152 1326 1376 1376 inquirendo
1388 1355 1396 1370 ,
1414 1325 1686 1375 investigando7

158 1382 345 1419 monendo
371 1383 426 1419 vel
454 1383 543 1420 alias
569 1397 723 1434 quoquo
742 1385 853 1422 modo
871 1391 1100 1436 gravaverat,
1118 1385 1218 1434 quod
1239 1397 1313 1421 non
1336 1384 1521 1428 credebat,
1542 1389 1689 1434 paratus

157 1445 235 1483 erat
260 1454 447 1487 revocare3
477 1447 604 1492 petens
634 1443 900 1481 nichilominus
925 1449 961 1480 et
985 1443 1176 1494 requirens
1203 1443 1383 1480 instanter
1411 1448 1484 1479 tam
1512 1455 1689 1492 procura-

159 1503 274 1536 torem
294 1499 524 1550 praedictum
544 1515 655 1552 quam
676 1502 768 1539 alias
787 1502 1083 1548 circumstantes.¹
1108 1502 1136 1539 si
1162 1502 1227 1552 qui
1254 1506 1389 1539 essent.
1417 1501 1462 1537 de
1489 1506 1590 1551 parte
1610 1501 1691 1537 dic-

159 1561 280 1594 torum
296 1557 596 1609 abbatuimquod
612 1565 764 1610 propter
777 1561 1017 1598 reverentiam
1030 1561 1261 1611 Apostolicae
1271 1560 1374 1597 Sedis
1389 1559 1458 1596 sibi
1474 1559 1691 1596 exhiberent

159 1627 221 1653 seu
250 1615 418 1653 exbiberi
452 1618 612 1654 facerent
643 1623 678 1654 et
703 1624 948 1668 procurarent
974 1619 1214 1669 praesentiam
1247 1618 1474 1668 corporalem
1504 1618 1689 1654 dictorum

159 1673 354 1718 abbatum,
391 1681 432 1711 ut
455 1689 540 1712 cum
567 1676 647 1726 ipso
673 1677 828 1714 domino
855 1677 1013 1715 Reincro
1037 1679 1246 1714 conferrent
1273 1691 1386 1727 super
1412 1676 1622 1727 praemissis
1654 1682 1689 1712 et

158 1731 228 1768 sibi
247 1745 360 1783 super
379 1733 450 1770 biis
470 1734 615 1783 plenius
630 1735 916 1784 responden-ent,
935 1736 981 1772 ad
1002 1736 1193 1772 sciendum
1213 1742 1247 1772 et
1267 1749 1304 1772 se
1319 1735 1464 1785 plenius
1483 1734 1689 1771 informan-

158 1791 247 1828 ‹lum
266 1797 398 1829 vutrum
422 1793 573 1830 abbates
597 1794 665 1844 ipsi
694 1795 873 1831 baberent
905 1801 978 1832 rata
1006 1801 1050 1832 et*
1072 1796 1175 1832 lirma
1200 1808 1240 1831 ea
1267 1807 1363 1844 quae
1390 1807 1455 1844 per
1472 1800 1689 1844 procurato-

159 1862 235 1886 rem
258 1850 488 1900 praedictum
508 1857 585 1888 aeta
604 1857 639 1888 et
657 1852 752 1891 dicta
771 1853 916 1890 fuerant
928 1854 1099 1904 superius
1117 1867 1181 1890 scu
1200 1853 1309 1890 etiam
1329 1851 1490 1896 recitata,
1510 1856 1545 1887 et
1563 1856 1686 1887 utrum

158 1905 204 1944 de
219 1907 384 1958 ipsorum
399 1909 588 1946 voluntate
601 1915 636 1947 et
650 1912 874 1948 conscientia
892 1917 1141 1956 emanassent,
1157 1915 1258 1962 parte
1276 1909 1427 1946 adversa
1446 1909 1689 1959 respondente

158 1966 260 2015 quod
280 1966 346 2004 iste
365 1980 439 2004 non
457 1973 535 2004 erat
549 1982 653 2006 casus
673 1969 711 2006 in
726 1983 802 2020 quo
821 1970 971 2007 deberet
985 1971 1069 2021 quis
1088 1969 1258 2020 compelli
1280 1968 1521 2019 personaliter
1537 1981 1689 2018 compa—

160 2036 256 2069 rere,
275 2029 310 2061 et
326 2025 427 2075 quod
444 2039 519 2063 non
539 2032 615 2063 erat
629 2040 722 2078 opus
737 2028 839 2078 quod
854 2028 942 2065 dicti
957 2029 1107 2065 abbates
1121 2042 1232 2078 super
1247 2026 1455 2077 praemissis
1471 2027 1506 2062 in
1524 2026 1689 2076 personis

158 2082 319 2132 propriis
338 2085 622 2134 responderent,
641 2086 728 2137 quia
748 2100 814 2137 per
831 2100 872 2124 ea
891 2100 986 2137 quae
1010 2100 1120 2137 supra
1147 2087 1291 2123 dixerat
1315 2084 1436 2121 dictus
1461 2091 1687 2134 procurator.

160 2141 278 2178 suerat
295 2142 414 2180 eidem
434 2143 588 2182 domino
609 2146 767 2183 Reincro
786 2146 1012 2183 sufficienter
1031 2159 1265 2196 responsum.
1284 2150 1318 2181 et
1342 2144 1442 2193 quod
1468 2157 1533 2193 per
1553 2157 1688 2194 procu-

160 2199 338 2237 rationem
358 2202 601 2251 praedictam„
620 2204 666 2240 de
684 2217 758 2254 qua
778 2205 896 2241 suerat
921 2204 1091 2254 superius
1116 2204 1220 2254 copia
1248 2204 1317 2240 sibi
1344 2203 1487 2245 oblata,
1506 2201 1576 2238 sibi
1597 2201 1690 2238 bene

160 2263 343 2296 constaret
362 2260 408 2296 de
426 2261 616 2313 voluntate
635 2267 670 2298 et
688 2275 869 2300 consensu
891 2262 1074 2299 dictorum
1094 2262 1283 2299 abbatum.

209 2315 298 2352 Acta
318 2316 479 2356 Pal-isius
497 2333 613 2366 annu,
632 2320 850 2365 indictione7
871 2321 1086 2371 pontificatu
1100 2349 1109 2365 -,
1135 2333 1278 2366 mense,
1305 2320 1379 2365 die,
1409 2320 1497 2356 bora
1525 2324 1560 2355 et
1580 2319 1689 2355 etiam

161 2374 241 2411 loco
256 2376 470 2424 praedictis,
486 2378 742 2427 praesentibus
757 2378 1032 2416 venerabilibus
1045 2384 1081 2415 et
1095 2379 1274 2428 religiosis
1290 2379 1377 2415 viris
1391 2378 1544 2415 domino
1557 2377 1690 2414 abbate

161 2431 283 2469 Sancti
300 2433 473 2471 Germani
489 2435 534 2472 de
549 2436 666 2474 Pratis
682 2437 1103 2487 parisiensispraedicto
1123 2436 1296 2487 magistro
1311 2436 1481 2474 Jobanne
1494 2435 1540 2471 de
1556 2435 1688 2477 Dunis,
