2184 3074
466 267 539 305 5oe
1017 265 1181 303 conEx·
1202 264 1449 303 DUNENSlS.

469 390 637 423 nostrum
665 397 732 435 pro
757 383 865 420 nobis
896 383 935 419 in
969 381 1180 432 praemissis
1202 386 1326 418 actum
1351 381 1463 418 fuerit
1483 381 1560 418 sive
1577 381 1732 419 dictum.
1756 382 1798 419 ln
1820 382 1927 433 eujus
1949 383 2000 419 rei

468 442 720 480 testimonium
740 440 995 492 praesentibus
1014 439 1146 477 litteris
1171 439 1334 490 sigillum
1356 443 1505 476 nostrae
1525 439 1802 476 communitatis
1827 439 2005 478 duximus

468 501 745 553 apponendum.
764 501 898 537 Actum
918 504 954 536 et
971 499 1101 536 datum
1120 511 1220 536 anno
1239 498 1411 544 Domini,
1427 502 1495 535 etc.

519 560 564 597 Et
580 559 668 610 quia
686 572 753 609 ego
770 558 932 596 Jacobus
951 557 1034 594 talis
1052 556 1227 607 publicus
1246 556 1429 608 imperiali
1449 555 1666 593 auctoritate
1684 555 1851 594 notarius
1863 556 2006 594 Torna-

471 619 590 656 censis
615 617 784 668 dyocesis
808 616 1020 667 praemissis
1044 614 1238 662 omnibus,
1265 627 1381 661 anno,
1398 614 1621 660 indictione,
1647 614 1724 661 die,
1741 614 1832 651 locis
1849 618 1886 651 et
1903 614 2005 652 horis

469 676 707 727 supradictis,
729 688 890 711 unacum
914 673 1070 711 testibus
1091 673 1290 724 praedietis
1313 686 1486 724 praesens
1503 673 1676 718 interfui,
1690 672 1762 710 hoc
1777 672 2006 709 instrumen-

471 741 548 771 tum
576 733 770 783 publicum
798 733 885 769 inde
914 732 1072 778 confeci,
1101 744 1259 782 meoque
1283 731 1389 782 signo
1415 731 1525 769 solito
1549 735 1586 767 et
1609 735 1786 768 consueto
1813 730 1955 782 signavi
1985 743 2004 766 a

419 793 431 809 '
469 793 569 829 dicto
587 796 826 842 procuratore
843 796 1004 841 rogatus.

1192 902 1302 910 ⁴⁴*-

1172 1045 1308 1084 CXCV.

607 1177 692 1211 Acce
709 1174 855 1223 d'appel
871 1188 919 1211 αιι
933 1187 1028 1223 pape
1047 1174 1211 1225 interjete'
1226 1187 1276 1210 au
1294 1186 1379 1210 nom
1397 1173 1442 1210 de
1460 1172 1622 1223 l'abbaye
1640 1173 1702 1210 des
1721 1173 1860 1211 Demea.

521 1379 561 1415 ln
581 1379 732 1415 nomine
750 1378 902 1415 Domini
922 1391 1040 1414 amen.
1061 1378 1171 1414 Anno
1191 1377 1356 1426 eJusdem
1380 1377 1430 1413 Μο
1443 1377 1546 1414 CCC⁰
1563 1376 1640 1422 111⁰,
1655 1376 1861 1413 indictione
1875 1376 2008 1427 prima,

473 1437 534 1473 die
552 1437 756 1487 penultima
777 1438 914 1474 niensis
939 1436 1133 1482 februarii,
1153 1436 1391 1486 pontificatus
1415 1435 1558 1472 domini
1572 1435 1765 1472 Bonesacii
1789 1448 1906 1486 papae
1924 1434 2007 1472 Vlll

474 1507 572 1532 anno
592 1495 707 1541 Vlll⁰,
726 1495 920 1546 religiosus
946 1495 1003 1532 vir
1028 1500 1063 1532 et
1085 1488 1266 1532 discretus
1285 1494 1396 1531 frater
1415 1494 1488 1540 W.,
1507 1493 1710 1531 monachus
1731 1493 1945 1531 monasterii
1963 1493 2010 1530 de

478 1582 654 1599 ........
678 1554 920 1591 Tornacensis
944 1554 1133 1604 dyocesis,
1152 1558 1374 1605 procurator
1395 1553 1653 1604 religiosorum
1674 1552 1843 1589 virorum
1865 1552 2010 1590 abbatis

475 1616 511 1648 et
543 1617 746 1649 conventus
777 1612 943 1662 ejusdem
979 1612 1209 1659 monasterii,
1234 1625 1300 1662 per
1324 1611 1462 1649 litteras
1485 1611 1628 1648 domini
1647 1611 1829 1649 willelmi
1847 1611 2008 1658 abbatis,

476 1671 663 1722 totiusque
679 1677 882 1709 conventus
896 1672 1061 1721 ejusdem
1077 1671 1165 1718 loci,
1177 1684 1340 1723 quorum
1358 1676 1464 1708 tenor
1478 1671 1716 1716 subnotatur,
1731 1669 1872 1707 habens
1885 1667 2010 1721 pot'es-

475 1734 585 1766 tatem
610 1743 676 1780 per
699 1731 844 1767 easdem
870 1731 1081 1781 appellandi
1105 1744 1174 1781 pro
1199 1730 1289 1781 ipsis
1313 1734 1442 1767 eontra
1463 1742 1708 1781 quascunque
1732 1741 1909 1780 personas
1935 1733 2010 1766 tam

475 1788 737 1826 ecclesiasticas
755 1803 867 1840 quam
885 1791 1067 1827 seculares
1086 1794 1122 1827 et
1138 1790 1263 1827 omnia
1283 1789 1441 1827 faciendi
1461 1802 1556 1840 quae
1575 1789 1645 1839 ipsi
1664 1789 1827 1825 facerent
1847 1787 1876 1824 si
1891 1787 2011 1824 causis

476 1847 552 1884 suis
574 1853 610 1885 et
631 1849 787 1899 negotiis
811 1850 981 1900 undique
1007 1850 1243 1895 interessent,
1262 1849 1300 1886 in
1327 1848 1533 1900 praesentia
1561 1847 1632 1884 mei
1658 1846 1791 1884 notarii
1816 1845 1957 1896 publici
1977 1850 2013 1882 et

476 1906 622 1943 testium
641 1908 939 1959 subscriptorum
959 1909 1004 1945 ad
1019 1909 1090 1945 hoc
1104 1908 1313 1959 specialiter
1326 1912 1542 1945 vocatorum
1557 1911 1594 1944 et
1608 1910 1821 1957 rogatorum
1839 1904 1877 1941 in
1892 1904 2012 1954 burgo

475 1965 656 2015 Brugensi
682 1967 926 2016 personaliter
948 1979 1166 2017 comparens
1191 1970 1228 2003 et
1253 1966 1475 2003 constitutus
1507 1964 1659 2002 nomine
1690 1962 2013 2014 procurator-iuvet

475 2036 543 2073 pro
561 2024 694 2061 abbate
712 2029 747 2061 et
764 2029 948 2062 conventu
968 2038 1010 2062 ac
1028 2025 1180 2062 ecelesia
1199 2037 1265 2061 sua
1282 2024 1470 2075 praedicta
1490 2022 1665 2060 omnibus
1681 2020 2012 2072 provocationibus

476 2085 511 2117 et
528 2082 842 2132 appellationibus
861 2083 965 2120 factis
983 2087 1019 2120 et
1036 2083 1263 2134 interpositis
1282 2082 1327 2119 ad
1347 2082 1478 2120 Sedem
1494 2080 1745 2132 Apostolicam
1762 2084 1890 2116 contra
1910 2092 2014 2116 reve-

477 2140 632 2176 rendum
649 2146 788 2190 patrem
805 2142 842 2178 in
858 2141 1005 2178 Christo
1019 2141 1216 2178 dominum
1231 2141 1458 2185 Guidonem,
1474 2139 1721 2177 venerabilem
1741 2139 2012 2175 'fornacensem

477 2198 709 2248 episcopum,
736 2213 778 2236 ac
801 2200 880 2249 ejus
906 2201 1080 2246 vicarios,
1107 2201 1135 2237 si
1167 2213 1231 2237 sua
1256 2199 1409 2236 credant
1431 2199 1624 2243 interesse,
1641 2202 1773 2248 sponte
1794 2195 1961 2233 adhaesit
1978 2200 2014 2232 et

477 2255 674 2293 adhaerere
693 2258 772 2294 vult
791 2258 941 2295 nomine
958 2259 1163 2309 praedicto,
1182 2263 1225 2295 ut
1242 2258 1338 2295 dixit
1355 2262 1391 2294 et
1409 2257 1579 2294 intendit.
1599 2257 1732 2294 Actum
1751 2254 1902 2304 Brugis,
1920 2253 2015 2290 Tor-

478 2317 644 2353 naeensis
662 2318 845 2367 dyocesis,
865 2333 978 2365 anno,
998 2319 1218 2366 indictione,
1237 2319 1313 2366 die,
1331 2331 1473 2365 mense,
1491 2317 1729 2368 pontificatu,
1745 2316 1901 2365 locoque
1914 2327 2015 2364 prae-

478 2374 605 2420 dictis,
637 2381 828 2424 praesente
854 2378 1055 2414 venerabili
1084 2378 1164 2414 viro
1189 2382 1225 2414 et
1249 2377 1408 2415 discreto
1431 2375 1586 2412 domino
1611 2374 1777 2411 Waltero
1805 2372 2015 2423 praeposito
