2184 3074
766 305 928 343 CODEX
953 306 1196 345 DUNENSlS.
1702 313 1746 350 75

212 423 414 462 dicendum
439 424 542 475 quod
567 424 638 471 sic,
664 437 710 461 ex
733 436 809 475 quo
830 428 978 461 servant
996 424 1245 461 interdictum.
1268 424 1362 462 Cum
1384 425 1483 462 enim
1507 425 1742 477 privilegium

211 483 364 520 mandet
389 483 536 521 excludi
564 487 707 521 tantum
735 482 952 520 interdictos
981 487 1017 520 et
1041 483 1401 529 excommunicatos,
1426 496 1492 535 per
1514 497 1746 536 consequens

210 542 364 592 potestis
387 542 476 580 istos
497 541 707 587 admittere,
731 541 910 592 quoniam
936 541 1026 579 tales
1048 554 1122 578 non
1143 545 1231 579 sunt
1260 542 1462 588 interdicti,
1492 543 1578 580 licet
1603 547 1748 580 tantum

210 603 305 637 terra
319 600 464 638 comitis
478 600 526 638 sit
539 599 733 637 interdicta
747 604 782 637 et
795 613 1023 650 quamquam
1038 600 1163 650 quoad
1177 604 1311 637 terram
1327 600 1473 638 comitis
1487 606 1522 638 et
1541 601 1620 650 ejus
1634 601 1745 651 juris-

211 657 366 696 dictioni
384 657 618 710 suppositam
642 657 881 695 interdictum
903 662 1017 694 arctet
1043 657 1131 695 istos
1158 658 1309 695 clericos
1331 659 1513 697 seculares
1531 664 1573 696 ut
1591 659 1629 696 in
1649 664 1743 697 terra

211 716 291 766 eJus
309 717 438 754 audire
456 721 492 754 et
509 716 695 754 celebrare
715 716 841 753 divina
869 730 943 753 non
971 716 1132 766 possint,
1159 721 1282 753 tamen
1309 716 1378 767 ipsi
1408 717 1447 754 in
1473 718 1640 767 personis
1667 718 1743 755 suis

211 775 398 813 interdicti
424 788 498 812 non
519 779 624 822 sunt,
643 779 679 812 et
699 775 774 812 imo
797 775 834 812 in
857 775 938 812 loco
956 780 1076 812 vestro
1096 775 1161 826 qui
1177 789 1252 812 non
1267 780 1320 813 est
1334 776 1570 822 interdictus,
1587 781 1744 827 possunt

210 833 340 870 audire
357 838 392 870 et
411 833 596 870 celebrare
615 833 742 870 divina
760 838 796 870 et
812 834 923 871 etiam
938 834 1085 884 sepeliri
1105 847 1189 870 cum
1206 834 1543 885 sollempnitatibus
1562 835 1691 872 vestris
1709 838 1744 871 et

210 891 334 928 officio
361 891 502 928 funeris
532 891 653 938 salvo,
681 891 784 942 quod
816 891 981 928 officium
1010 891 1170 937 faciatis,
1196 891 1292 928 sicut
1319 891 1460 928 dictum
1486 896 1541 929 est
1565 905 1677 943 supra
1705 892 1742 928 in

210 949 408 1001 principio.
429 949 467 988 Si
486 954 609 987 autem
626 949 843 999 hujusmodi
865 949 988 987 clerici
1014 954 1134 987 essent
1153 949 1337 986 interdicti
1356 950 1412 986 vel
1430 949 1611 986 violarent
1629 950 1745 986 inter-

209 1007 369 1054 dictum,
393 1012 482 1045 tunc
510 1021 585 1044 non
613 1007 796 1045 deberetis
822 1021 884 1045 eos
910 1007 1083 1058 recipere,
1099 1021 1166 1044 nec
1190 1008 1235 1044 ad
1258 1007 1394 1054 officia,
1416 1020 1483 1044 nec
1505 1007 1551 1044 ad
1577 1007 1745 1058 sepultu-

210 1079 306 1113 ram,
324 1078 552 1118 quocunque
569 1066 716 1103 vadant.
737 1066 842 1105 Unde
861 1079 946 1103 eum
965 1066 1144 1104 sententia
1163 1066 1348 1103 interdicti
1374 1066 1575 1117 suspendat
1600 1079 1619 1102 a
1646 1065 1745 1102 divi-

210 1126 287 1174 nis,
307 1139 382 1164 non
401 1131 558 1177 possunt
584 1127 770 1164 interdicti
800 1127 930 1164 audire
958 1128 995 1164 in
1023 1127 1174 1164 ecelesia
1201 1140 1275 1164 non
1304 1127 1517 1173 interdicta,
1539 1127 1741 1164 secundum

207 1186 480 1224 Innocentium.

258 1243 403 1282 Nomen
412 1243 587 1281 ecclesiae
596 1244 766 1294 generale
777 1256 913 1281 nomen
929 1248 983 1281 est
995 1244 1314 1295 comprehendens
1327 1244 1398 1281 sub
1411 1257 1450 1281 se
1464 1244 1542 1281 loca
1557 1244 1595 1280 in
1606 1243 1744 1294 quibus

209 1301 332 1339 clerici
350 1302 491 1353 degunt
505 1306 541 1339 et
554 1302 777 1340 deserviunt.
792 1301 898 1340 Unde
915 1302 1026 1339 credo
1041 1302 1145 1353 quod
1159 1315 1225 1353 per
1241 1302 1478 1353 privilegium
1494 1302 1585 1339 illud
1603 1301 1745 1339 ordinis

209 1360 461 1398 cisterciensis
480 1360 528 1402 ab
547 1360 742 1398 Anastasio
762 1373 858 1411 papa
873 1373 1089 1398 concessum
1109 1360 1257 1411 possitis
1277 1365 1442 1411 tempore
1460 1359 1668 1413 eommunis
1688 1359 1746 1396 in-

210 1418 355 1458 terdicti
374 1418 560 1456 celebrare
577 1418 705 1456 divina
725 1419 763 1456 in
783 1419 933 1470 capellis
951 1424 987 1457 et
1011 1420 1180 1457 oratoriis
1203 1419 1440 1471 grangiarum
1464 1423 1687 1464 vestrarum,
1708 1419 1744 1455 in

209 1478 349 1530 quibus
367 1478 520 1530 quidem
539 1478 690 1529 capellis
708 1483 744 1516 et
761 1478 931 1516 oratoriis
953 1478 1068 1530 aliqui
1089 1478 1262 1515 monachi
1282 1477 1391 1515 vestri
1411 1478 1552 1528 degunt
1568 1482 1604 1514 et
1621 1477 1746 1514 deser-

210 1537 332 1585 viunt,
351 1537 441 1575 dum
462 1542 584 1575 tamen
603 1538 731 1575 divina
749 1538 870 1575 officia
889 1537 1081 1575 celebretis
1100 1537 1238 1575 ibidem
1258 1550 1347 1574 voce
1365 1536 1547 1574 submissa
1563 1541 1599 1573 et
1611 1535 1745 1572 clausis

205 1594 331 1646 januis
345 1625 354 1643 ,
372 1601 415 1633 ut
431 1595 521 1634 alias
539 1596 670 1647 scripsi
688 1596 808 1634 vobis.
833 1596 1070 1634 Praedictum
1090 1596 1275 1647 siquidem
1298 1596 1534 1647 privilegium
1561 1595 1669 1632 latius
1692 1599 1746 1632 est

197 1666 322 1705 ⁴quam
348 1654 442 1691 illud
470 1654 704 1692 monasteriis
728 1655 859 1692 vestris
885 1667 1122 1701 concessum,
1139 1654 1240 1706 quod
1271 1667 1390 1705 nuper
1414 1653 1625 1691 ostendistis
1652 1653 1743 1690 mihi

208 1711 378 1750 Tornaci.

258 1771 315 1808 Ad
333 1770 539 1809 seeundum
558 1770 643 1808 dico
662 1770 764 1821 quod
784 1770 878 1807 illud
899 1770 1136 1821 privilegium
1157 1770 1259 1821 quod
1278 1783 1398 1820 nuper
1419 1769 1629 1806 ostendistis
1653 1769 1744 1806 mihi

207 1830 386 1876 Tornaei,
416 1829 582 1867 continet
614 1829 718 1881 quod
749 1829 1080 1867 excommunicatis
1111 1834 1148 1866 et
1173 1828 1379 1866 interdictis
1405 1828 1584 1875 exclusis,
1606 1833 1674 1865 ete.
1701 1828 1746 1865 Et

209 1893 362 1940 propter
382 1888 483 1926 istud
502 1888 658 1925 verbum
687 1901 707 1925 a
732 1891 919 1926 contrario
940 1901 1050 1926 sensu
1075 1888 1152 1926 dixi
1172 1888 1279 1925 vobis
1297 1887 1399 1939 quod
1416 1887 1621 1924 sacerdotes
1639 1899 1746 1923 secu-

210 1947 303 1984 lares
321 1951 357 1984 et
381 1947 600 1998 quicunque
618 1947 841 1999 privilegiati
873 1947 974 1999 apud
996 1960 1061 1985 vos
1081 1947 1266 1984 celebrare
1282 1947 1455 1984 valebant
1472 1951 1509 1983 et
1530 1946 1745 1996 quicunque

210 2019 286 2044 non
305 2005 492 2044 interdicti
510 2006 606 2044 tradi
625 2011 796 2058 poterant
812 2007 913 2058 apud
930 2020 997 2045 vos
1015 2007 1280 2044 ecclesiasticae
1298 2007 1519 2057 sepulturae.

260 2065 318 2102 Ad
336 2066 486 2103 tertium
505 2066 589 2103 dico
607 2067 709 2117 quod
735 2066 829 2103 illud
857 2067 959 2118 quod
987 2067 1157 2104 concedit
1182 2066 1288 2103 vobis
1307 2065 1542 2116 privilegium
1559 2069 1741 2115 quantum

210 2124 256 2161 ad
284 2123 412 2161 divina
436 2124 559 2162 officia
584 2125 822 2172 celebranda,
848 2125 958 2162 debet
987 2125 1142 2175 intelligi
1169 2124 1278 2161 etiam
1303 2127 1485 2174 quantum
1507 2122 1554 2159 ad
1576 2122 1741 2159 osticium

210 2182 349 2220 funeris
375 2182 607 2230 faciendum,
632 2183 784 2234 quando
811 2183 974 2235 aliquem
998 2183 1272 2234 privilegiatum
1302 2195 1367 2219 seu
1398 2194 1473 2218 non
1505 2180 1741 2218 interdictum

209 2241 354 2278 traditis
373 2241 639 2279 ecclesiasticae
657 2243 881 2293 sepulturae.

259 2299 316 2336 Ad
333 2302 509 2350 quartum
530 2299 614 2336 dico
633 2300 735 2350 quod
763 2300 914 2351 quando
932 2305 1025 2337 terra
1046 2298 1280 2335 interdicitur
1301 2302 1452 2348 propter
1477 2297 1653 2334 delictum
1672 2298 1742 2333 do-

210 2358 322 2404 mini,
353 2363 407 2395 est
438 2358 567 2408 opinio
595 2359 798 2396 Hostiensis
828 2364 864 2396 et
896 2358 1100 2395 innocentii
1131 2357 1233 2408 quod
1264 2370 1443 2407 personae
1471 2356 1657 2406 subjectae
1688 2357 1741 2393 illi

210 2417 363 2454 domino
389 2421 476 2454 sunt
498 2417 607 2454 etiam
636 2417 874 2463 interdictae,
895 2422 930 2455 et
954 2430 1098 2455 servare
1120 2416 1235 2454 tutius
1255 2421 1318 2453 est.
1342 2415 1510 2452 Aliorum
1536 2420 1589 2452 est
1613 2415 1741 2466 opinio
