2184 3074
428 307 479 343 502
979 302 1140 339 CODEX
1166 302 1412 340 DUNENSlS.

430 421 649 459 solvendum
675 420 811 456 dictam
839 419 1157 469 procurationem,
1183 418 1361 468 quoniam
1390 431 1457 469 pro
1481 418 1589 455 dictis
1615 420 1779 469 grangiis
1801 425 1836 457 ct
1857 421 1966 458 bonis

430 493 623 531 nunquam
643 478 813 529 praestita
834 477 918 523 suit,
937 490 1004 513 nec
1021 477 1197 527 praestari
1217 477 1409 513 consuevit
1433 477 1539 527 legati
1563 477 1820 528 cujuscunque
1838 483 1968 516 aucto-

430 540 518 577 ritas
537 536 842 588 archiepiscopis,
862 536 1045 586 episcopis
1065 540 1128 572 aut
1145 535 1226 572 aliis
1245 535 1427 586 praelatis.
1446 536 1493 572 Et
1510 536 1594 572 licet
1611 535 1664 572 sic
1685 536 1774 573 dicti
1799 537 1967 582 abbates,

431 598 636 635 abbatissae
663 601 698 633 et
724 599 927 632 conventus
950 608 1014 632 seu
1041 595 1079 631 in
1103 595 1211 632 dietis
1239 595 1402 645 grangiis
1425 599 1461 631 et
1486 594 1594 632 bonis
1617 599 1887 632 commorantes
1910 596 1967 632 vel

430 655 545 706 aliqui
565 669 610 691 cx
630 654 681 691 eis
700 654 745 690 ad
763 653 985 690 solutionem
1005 652 1124 689 dictae
1142 653 1415 703 procurationis
1429 665 1497 702 pro
1511 652 1620 690 dictis
1634 653 1797 703 grangiis
1811 653 1968 691 ethonis

430 714 583 751 minime
602 716 811 757 teneantur,
827 724 890 748 vos
906 715 1040 756 tamen,
1055 710 1245 760 Philippo,
1264 710 1449 761 Stephane
1467 715 1502 747 et
1519 710 1633 748 abbas
1653 711 1849 761 praedicti,
1868 725 1968 749 asse-

429 776 549 810 rentes
567 784 631 807 vos
650 783 727 807 esse
746 770 959 806 collectores
977 769 1186 819 praedictae
1205 769 1478 819 procurationis
1493 769 1671 819 praedicti
1686 769 1830 806 domini
1845 770 1966 821 legati,

429 831 573 867 nullum
594 834 715 866 tamen
736 841 847 878 super
865 827 936 864 hoc
955 827 1170 864 mandatum
1186 827 1243 863 vel
1259 827 1397 864 litteras
1412 827 1685 864 commissionis
1700 841 1745 864 ex
1760 831 1864 878 parte
1877 827 1967 865 dicti

429 889 571 927 domini
592 888 717 939 legati,
735 901 802 924 nec
821 887 959 924 litteras
976 887 1195 937 apostolicas
1210 887 1278 937 ipsi
1294 887 1449 923 domino
1464 887 1582 937 legato
1596 887 1753 924 directas
1767 887 1968 924 ostenden-

430 957 481 990 tes
493 982 501 998 ,
518 965 639 1002 neque
653 950 795 1001 copiam
816 949 904 986 dicti
924 949 1088 986 mandati
1108 962 1150 986 ac
1167 949 1441 986 commissionis
1459 963 1524 986 seu
1545 950 1750 986 litterarum
1769 949 1968 1000 praedictis

429 1010 646 1055 abbatibus,
665 1008 860 1046 abbatissis
886 1012 921 1045 et
938 1007 1185 1044 conventibus
1207 1012 1271 1044 aut
1289 1007 1327 1044 in
1346 1007 1454 1044 dictis
1473 1007 1635 1058 grangiis
1654 1012 1718 1044 aut
1735 1007 1844 1044 bonis
1862 1020 1967 1044 com-

430 1068 661 1106 morantibus
690 1067 746 1103 vel
780 1066 969 1117 aliquibus
1001 1079 1128 1103 eorum
1165 1066 1338 1103 facientes
1371 1066 1417 1103 de
1451 1067 1565 1112 facto,
1591 1079 1675 1102 cum
1704 1065 1750 1102 de
1776 1065 1861 1115 jure
1891 1077 1966 1102 non

428 1127 594 1179 possetis,
609 1139 676 1162 nec
691 1124 887 1170 deberetis,
902 1124 1130 1175 imposuistis
1144 1137 1208 1161 seu
1227 1124 1369 1174 imponi
1389 1123 1524 1161 fecistis
1545 1128 1608 1160 aut
1626 1124 1816 1174 imponere
1842 1123 1966 1161 inten-

428 1186 514 1223 ditis
532 1197 677 1235 graves,
697 1182 957 1220 immoderatas
975 1186 1010 1219 et
1027 1182 1212 1219 indebitas
1229 1182 1411 1232 quasdam
1431 1195 1595 1219 summas
1614 1182 1856 1232 pecuniarum
1869 1211 1878 1228 ,
1896 1195 1966 1219 no-

428 1245 528 1281 mine
547 1242 755 1294 praedictae
773 1241 1062 1292 procurationis,
1082 1254 1148 1291 per
1164 1254 1229 1277 vos
1254 1241 1311 1277 vel
1334 1254 1401 1291 per
1426 1240 1639 1290 religiosum
1666 1240 1789 1276 virum
1815 1241 1964 1276 fratrem

427 1302 636 1340 Johannem
659 1300 704 1337 de
725 1299 919 1346 Gandavo,
947 1299 1089 1336 ordinis
1107 1328 1370 1335 ..........
1388 1299 1503 1336 Jliesu
1531 1298 1686 1344 Christi,
1705 1302 1740 1335 et
1763 1298 1966 1335 discretum

428 1360 552 1396 virum
571 1358 766 1395 dominum
784 1357 997 1403 Hulricum,
1015 1357 1275 1408 presbyterum
1295 1362 1331 1394 et
1347 1357 1528 1394 vicarium
1553 1357 1676 1395 Sancti
1700 1356 1800 1393 Petri
1818 1355 1968 1406 Trajcc-

429 1417 558 1462 tensis,
574 1421 635 1453 aut
650 1416 740 1453 alios
755 1415 910 1466 singulis
926 1416 1088 1466 grangiis
1102 1421 1138 1452 et
1155 1416 1265 1453 bonis
1287 1415 1484 1466 praedictis
1505 1420 1568 1452 aut
1587 1415 1771 1466 magistris
1790 1419 1826 1451 et
1842 1415 1968 1451 fratri-

429 1477 498 1514 bus
525 1489 589 1512 seu
608 1475 689 1512 aliis
708 1475 746 1511 in
765 1474 873 1511 dictis
889 1474 1050 1524 grangiis
1069 1487 1133 1511 seu
1159 1474 1267 1511 bonis
1291 1474 1611 1511 commorantibus
1643 1478 1707 1510 aut
1739 1473 1837 1510 dicta
1868 1473 1967 1510 bona

430 1535 640 1573 tenentibus
658 1547 720 1571 seu
741 1533 1053 1579 custodientibus,
1079 1538 1115 1570 et
1139 1533 1287 1571 eosdem
1312 1533 1506 1583 magistros
1534 1538 1569 1570 et
1597 1533 1724 1569 fratres
1748 1532 1813 1582 qui
1840 1545 1907 1582 per
1928 1544 1967 1568 se

429 1607 624 1645 personam
639 1592 760 1630 standi
780 1605 854 1628 non
872 1591 1009 1628 liabent
1026 1591 1064 1628 in
1079 1591 1223 1641 judicio
1243 1596 1306 1628 aut
1325 1592 1416 1628 alios
1440 1592 1478 1627 in
1498 1590 1606 1628 dictis
1624 1590 1786 1641 grangiis
1805 1594 1840 1626 et
1857 1589 1967 1627 bonis

430 1656 699 1691 commorantes
714 1665 778 1688 seu
793 1651 890 1687 dicta
907 1651 1003 1687 bona
1018 1651 1267 1688 custodientes
1282 1650 1424 1687 moneri
1439 1663 1503 1687 seu
1517 1649 1568 1686 eis
1584 1648 1756 1701 mandari
1768 1652 1803 1684 et
1821 1647 1966 1698 injungi

430 1712 566 1749 fecistis
579 1741 587 1757 ,
608 1711 678 1748 sub
696 1724 814 1760 poena
833 1710 1034 1747 sententiae
1053 1711 1165 1757 latae,
1180 1715 1221 1747 ut
1235 1710 1329 1747 infra
1345 1714 1463 1746 certos
1478 1709 1655 1745 terminos
1669 1708 1786 1744 dictas
1803 1718 1968 1744 summas

430 1770 585 1821 singulis
604 1769 766 1820 grangiis
788 1773 823 1804 et
845 1768 953 1805 bonis
978 1769 1168 1819 impositas
1193 1768 1300 1805 vobis
1319 1768 1462 1805 solvent
1489 1767 1526 1803 in
1556 1767 1740 1816 Trajecto,
1768 1765 1839 1802 sub
1867 1765 1969 1815 ipso-

430 1843 513 1867 rum
545 1827 854 1865 monasteriorum
887 1828 1058 1876 expensis
1070 1857 1078 1873 ,
1105 1827 1272 1877 alioquin
1306 1826 1374 1877 ipsi
1407 1827 1445 1862 in
1477 1825 1585 1862 dictis
1611 1823 1774 1874 grangiis
1799 1828 1834 1860 et
1859 1823 1968 1860 bonis

430 1890 700 1925 commorantes
719 1889 783 1922 aut
801 1885 938 1936 singuli
958 1899 1086 1922 eorum
1107 1885 1202 1922 infra
1222 1885 1339 1922 dictos
1358 1884 1537 1921 terminos
1557 1896 1632 1920 non
1651 1883 1854 1926 solventes,
1873 1893 1967 1932 quos

431 1951 567 1983 extunc
586 1945 623 1981 in
642 1944 786 1994 scriptis
806 1943 1153 1980 excommunicastis
1172 1956 1236 1980 seu
1251 1941 1564 1979 excommunicari
1585 1940 1803 1985 mandastis,
1819 1944 1968 1976 senten-

432 2005 518 2042 tiam
548 2001 942 2040 excommunicationis
969 2001 1006 2037 in
1035 2014 1210 2051 personas
1234 2005 1269 2037 et
1295 2000 1480 2037 interdicti
1508 2000 1545 2036 in
1570 1998 1740 2049 grangias
1765 2001 1800 2034 et
1824 1997 1903 2034 loca
1929 2010 1967 2034 se

432 2065 568 2101 scirent
585 2062 811 2099 incursuros.

481 2121 670 2158 Praedicta
685 2120 837 2170 quidem
854 2119 989 2156 fecistis
1004 2132 1066 2155 scu
1083 2119 1161 2155 fieri
1177 2118 1378 2156 mandastis
1394 2117 1628 2167 minusjuste
1643 2117 1680 2153 in
1695 2115 1967 2166 praejudicium

431 2186 466 2219 et
482 2194 679 2232 gravamen
699 2180 885 2216 dictorum
905 2179 1100 2224 abbatum,
1119 2178 1392 2215 abbatissarum
1415 2182 1451 2214 et
1474 2181 1746 2222 conventuum,
1772 2175 1969 2226 magistro—

431 2253 514 2277 rum
535 2243 570 2275 et
588 2240 741 2275 fratrum
762 2251 803 2274 ac
821 2237 978 2274 aliorum
999 2237 1036 2273 in
1057 2237 1165 2274 dictis
1182 2237 1345 2287 grangiis
1364 2241 1399 2273 et
1417 2235 1526 2273 bonis
1545 2234 1868 2272 commorant-ium.

481 2297 602 2344 Quare
616 2309 682 2346 ego
697 2301 916 2346 procurator
929 2295 1154 2345 praedictus,
1175 2295 1326 2332 nomine
1344 2293 1599 2344 procuratorio
1611 2322 1620 2339 ,
1639 2305 1707 2343 pro
1725 2291 1834 2328 dictis
1850 2291 1968 2327 abba-

434 2355 548 2400 tibus,
577 2353 772 2390 abbatissis
800 2357 834 2389 et
861 2353 1122 2399 conventibus,
1150 2353 1335 2404 magistris
1362 2366 1403 2389 ac
1431 2352 1606 2389 fratribus
1631 2355 1667 2387 et
1692 2349 1774 2387 aliis
1796 2349 1834 2385 in
1857 2348 1965 2386 dictis

432 2412 595 2464 grangiis
613 2416 649 2448 et
666 2412 774 2448 bonis
793 2412 1130 2459 commorantibus,
1145 2425 1306 2462 quorum
1321 2411 1486 2457 interest,
1506 2415 1541 2447 et
1557 2423 1625 2461 pro
1643 2407 1799 2459 singulis
1817 2420 1962 2453 eorum,
