2184 3074
493 301 568 348 886
1047 305 1210 344 coum(
1234 305 1478 344 DUNENSlS.

495 426 692 473 habemus,
719 427 824 463 villas
850 439 915 463 seu
937 426 1016 462 loca
1043 425 1080 461 in
1115 423 1254 476 quibus
1284 423 1470 460 dictorum
1498 423 1545 460 de
1573 423 1720 461 Thosan
1750 437 1806 461 res
1833 437 1898 461 seu
1923 424 2022 462 bona

494 498 739 536 quaecunque
764 485 810 521 ad
831 497 893 521 eos
915 483 1116 534 spectantia
1142 482 1195 519 eis
1220 481 1435 519 nolentibus
1453 487 1489 519 et
1506 481 1632 519 invitis
1647 482 1794 519 detenta
1812 481 1969 528 fuerint,
1986 486 2023 519 et

493 542 612 579 donec
638 542 776 580 ibidem
798 542 919 579 taliter
941 541 1089 578 detenta
1112 540 1332 585 exstiterint,
1359 540 1545 577 interdicti
1567 540 1769 578 sententiae
1793 540 2023 591 supponatis.

493 600 536 637 ln
554 599 626 638 hiis
645 600 872 651 exequendis
889 613 986 637 unns
1007 603 1171 637 vestrum
1187 598 1302 635 alium
1320 611 1386 636 seu
1407 598 1500 636 alios
1519 610 1594 636 non
1613 602 1800 649 exspectet
1815 598 1887 636 sub
1903 602 2022 649 poena

494 659 695 706 antedicta,
714 659 777 696 sed
801 659 924 710 primo
948 657 1150 709 requisitus
1168 656 1294 694 debite
1315 661 1352 694 et
1376 656 1536 694 fideliter
1551 661 1766 707 exequatur.
1792 656 1942 703 Datum,
1957 661 2024 694 etc.

1201 781 1317 792 *⁶—

1120 923 1411 962 CCCXXXVIH.

512 1075 514 1077 .
542 1042 776 1079 Mandement
791 1041 924 1091 relatis
941 1042 964 1078 ἀ
990 1041 1134 1079 l'entre'e
1159 1041 1223 1079 des
1246 1040 1400 1092 femmes
1425 1041 1520 1079 dans
1547 1041 1598 1079 les
1622 1040 1760 1091 fermes
1777 1039 1822 1078 de
1840 1039 1978 1078 l'ordre

1142 1100 1187 1138 de
1211 1101 1376 1139 Citeauoe.

543 1305 576 1343 J.
603 1305 730 1342 divina
755 1305 1014 1356 permissione,
1037 1309 1104 1342 etc.
1131 1305 1187 1342 Ex
1214 1309 1317 1356 parte
1340 1304 1600 1355 religiosorum
1630 1304 1797 1342 virorum
1823 1303 1968 1342 abbatis
1993 1306 2029 1340 et

496 1368 700 1401 conventus
719 1364 765 1401 de
783 1364 932 1401 Thosan
962 1364 1123 1414 graviter
1139 1369 1194 1401 est
1217 1363 1326 1401 nobis
1356 1363 1621 1414 conquerendo
1639 1366 1886 1400 monstratum
1902 1361 2023 1413 'qnod'

496 1422 582 1459 licet
599 1435 666 1459 nos
679 1422 897 1459 auctoritate
915 1422 1187 1460 conservatoria
1201 1422 1272 1459 sub
1286 1435 1405 1472 poena
1422 1420 1819 1459 excommunicationis
1836 1420 1930 1461 lat-ne
1942 1433 2027 1458 sen·

497 1480 631 1517 tentiae
649 1480 689 1516 in
706 1480 778 1518 hiis
791 1480 938 1531 scriptis
959 1480 1120 1518 inhiberi
1142 1480 1400 1517 mandavimus
1424 1479 1584 1517 utnulla
1609 1478 1755 1525 mulier,
1772 1478 2030 1529 cujuscunque

496 1540 686 1590 dignitatis
711 1544 776 1576 aut
791 1544 907 1578 status
925 1539 1116 1586 existeret,
1138 1544 1259 1577 curtes
1277 1539 1420 1576 ordinis
1446 1538 1711 1589 Cysterciensis
1735 1542 1864 1575 contra
1886 1537 2029 1575 inhibi-

498 1599 635 1635 tionem
655 1597 760 1635 Sedis
773 1598 1007 1648 Apostolicae
1026 1597 1291 1648 ingrederetur
1310 1596 1495 1653 nobisque
1508 1610 1575 1647 per
1591 1596 1730 1633 litteras
1749 1599 1785 1633 et
1800 1595 1923 1646 sigilla
1940 1599 2030 1633 tunc

498 1657 674 1707 temporis
687 1656 818 1693 decani
836 1685 967 1693 ......
985 1657 1222 1707 aliorumque
1240 1655 1533 1707 presbiterorum
1551 1668 1620 1706 pro
1636 1658 1739 1691 certo
1757 1657 1900 1691 constet
1916 1647 2030 1703 hujils

496 1719 664 1752 nostrum
694 1715 911 1752 mandatum
937 1716 1049 1753 fuisse
1076 1716 1185 1766 plene
1215 1720 1252 1752 et
1275 1715 1400 1752 debite
1427 1718 1644 1760 executum
1674 1713 1876 1750 nonnullae
1904 1717 2028 1751 tamen

496 1774 585 1811 tales
615 1779 651 1810 et
676 1775 765 1811 tales
797 1775 916 1811 claves
946 1779 1092 1812 sanctae
1119 1774 1246 1812 matris
1274 1773 1458 1811 Ecclesiae
1488 1776 1793 1823 contempnentes
1823 1771 2030 1822 praedictas

497 1837 619 1870 curtes
636 1838 763 1870 contra
782 1834 926 1871 animae
943 1847 1030 1871 suae
1049 1835 1204 1871 salutem
1222 1834 1407 1885 ingressae
1425 1837 1512 1871 sunt
1536 1830 1935 1870 excommunicationis
1951 1843 2031 1868 sm-

497 1892 650 1929 tent-iam
676 1892 902 1929 incurrendo
929 1922 1078 1939 ......
1098 1906 1166 1930 nos
1191 1906 1279 1930 vero
1307 1897 1446 1930 tantam
1469 1891 1703 1943 Apostolicae
1725 1890 1831 1928 Sedis
1854 1888 2030 1939 injuriam

496 1949 731 1987 dissimulare
749 1951 849 1988 salva
866 1952 1068 1989 reverentia
1087 1951 1212 1988 debita
1230 1965 1306 1988 non
1324 1952 1499 1997 valentes,
1517 1950 1626 1987 vobis
1643 1953 1679 1986 et
1696 1952 1862 1986 vestrum
1871 1946 2030 1997 ¹singulis

496 2008 567 2045 sub
584 2022 703 2059 poena
722 2010 974 2060 suspensionis
992 2015 1028 2047 et
1047 2010 1442 2047 excommunicationis
1469 2023 1582 2060 quam
1607 2019 1757 2046 exnunc
1774 2011 1817 2043 ut
1835 2010 1972 2043 extunc
1990 2004 2030 2043 in
2083 2021 2085 2026 ’

497 2066 569 2104 hiis
586 2068 732 2118 scriptis
765 2068 802 2105 in
829 2082 894 2106 vos
918 2069 1088 2116 ferimus,
1114 2070 1143 2107 si
1171 2069 1208 2106 in
1238 2069 1455 2106 executione
1480 2072 1516 2104 et
1539 2066 1802 2105 observatione
1827 2063 2031 2115 praesentis

495 2125 658 2162 mandati
682 2126 906 2177 negligentes
925 2127 1067 2164 fueritis
1086 2132 1150 2164 aut
1171 2127 1332 2173 remissi,
1350 2126 1505 2163 firmiter
1522 2123 1787 2176 praecipiendo
1806 2121 2030 2160 mandamus

495 2183 671 2232 quatinus
685 2185 882 2234 praedictis
897 2186 1122 2224 dominabus
1142 2186 1318 2223 nuntietis
1332 2186 1435 2236 quod
1451 2185 1551 2235 ipsae
1568 2188 1604 2221 et
1619 2183 1713 2220 aliae
1726 2183 1893 2233 ipsarum
1905 2180 2032 2232 pedis-

497 2255 632 2293 sequae
649 2245 1071 2282 excommunicationem
1103 2246 1196 2282 latae
1225 2244 1428 2282 sententiae
1458 2244 1713 2289 incurrerunt,
1733 2241 1872 2278 dictam
1890 2243 2031 2277 curtem

498 2300 551 2336 sic
582 2300 766 2338 intrando.
792 2302 864 2340 vos
892 2307 1015 2340 autem
1032 2303 1108 2346 ,sub
1128 2316 1246 2354 poena
1277 2302 1461 2340 antedicta
1487 2302 1526 2338 in
1553 2300 1769 2338 earumdem
1795 2298 2031 2336 dominarum

499 2361 704 2409 praesentia
718 2375 915 2412 quousque
931 2363 1010 2399 Deo
1021 2392 1030 2409 ‚
1049 2363 1157 2400 nobis
1177 2367 1213 2399 et
1229 2362 1338 2399 dictis
1352 2361 1477 2399 abbati
1492 2365 1528 2398 et
1545 2359 1746 2397 conventui
1759 2372 1827 2409 per
1844 2357 1942 2408 ipsas
1955 2369 2032 2407 gra-

499 2417 591 2454 vatis
608 2418 720 2468 digne
733 2420 982 2460 satisfecerint,
992 2426 1028 2458 et
1047 2421 1293 2459 absolutionis
1306 2420 1532 2458 beneficium
1545 2417 1789 2469 optinuerint‚
1803 2414 1931 2452 divina
1944 2415 2033 2451 nul-
