2184 3074
485 328 562 384 sos
1042 340 1202 378 conex
1229 340 1476 378 nnNssNsis

492 459 786 503 lacrimabiliter,
813 458 953 494 devote
974 461 1010 493 et
1040 456 1232 493 humiliter
1261 455 1512 506 supplicantes
1545 456 1648 507 quod
1678 457 1730 494 eis
1759 463 1833 494 tam
1865 471 1885 494 a
1914 471 2022 509 prae-

491 519 599 556 dictis
623 517 786 555 reatibus
808 529 922 567 quam
947 517 994 552 ab
1023 513 1418 552 excommunicationis
1442 515 1622 552 sententia
1651 528 1764 566 quam
1791 516 2022 554 incurrerant

491 589 560 627 pro
589 576 799 627 praemissis
832 573 1077 611 absolutionis
1105 573 1346 623 dignaremur
1370 573 1593 610 beneficium
1619 574 1821 625 impartiri,
1844 574 1948 626 quod
1969 575 2022 612 eis

487 634 594 684 juxta
605 635 766 671 'formam
786 632 968 670 Ecclesiae
987 631 1165 669 duximus
1179 631 1479 678 concedendum,
1499 628 1765 683 approbarunt.
1779 631 1916 670 Verum
1935 631 2022 682 quia

491 693 530 730 in
556 692 720 730 universi
752 691 882 727 mundi
909 690 1078 741 partibus
1113 703 1180 739 per
1209 702 1301 740 quas
1333 689 1429 727 idem
1457 690 1549 727 ordo
1574 690 1800 728 diffunditur
1825 704 1868 727 ac
1894 691 2045 728 fratres‘

487 750 629 800 'degunt
647 750 774 800 ipsius,
793 762 905 799 super
923 748 994 785 hiis
1014 760 1089 784 non
1108 760 1305 798 possumus
1324 748 1513 798 inquirere
1530 761 1597 799 per
1615 761 1682 786 nos
1700 749 1820 799 ipsos,
1839 753 1881 785 ut
1896 753 2021 786 nostra

491 821 576 845 cum
603 808 684 845 aliis
697 807 806 857 juxta
825 806 1035 857 apostolum
1054 818 1166 842 onera
1187 806 1405 856 partiamur,
1423 805 1704 856 inquisitionem
1723 806 1938 856 hujusmodi
1957 820 2024 858 per

490 866 719 903 venerabiles
741 865 870 902 fratres
898 868 1045 901 nostros
1067 863 1324 913 dyochesanos
1347 864 1542 915 episcopos
1570 864 1609 901 in
1637 864 1714 901 suis
1747 864 1960 902 civitatibus
1988 871 2025 902 et

491 924 715 974 dyocesibus
737 927 774 960 et
798 923 890 959 alios
908 922 1104 973 deputatos
1129 935 1149 958 a
1174 922 1282 959 nobis
1301 926 1429 959 contra
1453 922 1659 972 singulares
1677 935 1853 973 personas
1869 924 2022 974 praefati

491 983 634 1020 ordinis
652 987 688 1019 et
704 996 771 1033 per
784 981 932 1019 eosdem
947 982 1003 1018 vel
1022 982 1115 1018 alios
1128 994 1195 1031 per
1214 994 1281 1019 nos
1301 981 1410 1018 etiam
1427 982 1622 1032 deputatos
1641 986 1769 1019 contra
1783 982 1906 1032 ipsum
1920 982 2024 1021 ordi—

493 1054 577 1078 nem
597 1041 676 1078 fieri
695 1040 954 1077 mandavimus
968 1039 1077 1090 juxta
1093 1040 1303 1077 nostrarum
1322 1053 1415 1091 quas
1435 1053 1547 1091 super
1560 1040 1631 1077 hoc
1645 1040 1698 1077 eis
1710 1040 1919 1091 dirigimus,
1932 1053 2026 1078 con-

493 1100 687 1137 tinentiam
702 1100 919 1136 litterarum.
936 1099 1108 1137 Volentes
1126 1099 1241 1150 igitur
1257 1103 1300 1136 ut
1316 1099 1444 1136 eadem
1471 1099 1667 1150 inquisitio
1692 1099 1739 1136 ad
1757 1100 1824 1137 Dei
1845 1100 2023 1137 honorem

492 1163 527 1195 et
545 1158 630 1195 fidei
649 1157 853 1195 catholicae
870 1158 1189 1195 conservationem
1208 1162 1244 1195 et
1259 1157 1369 1194 totius
1393 1157 1673 1195 christianitatis
1697 1158 1894 1195 utilitatem
1911 1158 2024 1196 finem

492 1217 659 1254 debitum
677 1217 864 1263 sortiatur,
883 1217 1040 1254 citamus
1054 1230 1139 1254 cum
1155 1217 1413 1267 praesentibus
1433 1216 1680 1267 peremptorie
1698 1217 1821 1254 locum
1840 1221 2022 1254 tenentem

492 1275 695 1326 supradicti
716 1275 880 1326 magistri
909 1279 945 1312 et
971 1279 1195 1312 conventum
1223 1274 1312 1311 dicti
1339 1274 1484 1311 ordinis
1506 1274 1544 1311 in
1563 1287 1677 1325 regno
1694 1274 1815 1325 Cipri,
1839 1287 1968 1312 omnes
1989 1280 2026 1312 et

491 1334 656 1385 singulas
673 1346 849 1384 personas
871 1333 1005 1383 ipsius,
1025 1333 1101 1370 sive
1124 1333 1198 1370 sint
1214 1333 1410 1383 presbiteri
1434 1332 1512 1370 sive
1529 1333 1670 1379 clerici,
1686 1332 1839 1379 milites,
1856 1346 2026 1384 praecep—

491 1397 605 1435 tores,
626 1392 825 1429 servientes
839 1396 875 1429 et
888 1392 980 1429 alios
994 1404 1241 1442 quoscunque
1255 1392 1384 1428 fratres
1400 1391 1566 1441 ejusdem
1584 1391 1728 1428 ordinis
1742 1391 1780 1428 in
1796 1405 1909 1442 regno
1924 1405 2025 1443 prae-

490 1451 590 1488 dicto
606 1451 664 1487 vel
683 1450 765 1488 aliis
785 1450 956 1500 partibus
974 1450 1266 1501 quibuscunque
1284 1450 1543 1487 transmarinis
1569 1450 1626 1486 vel
1646 1450 1854 1488 cismarinis
1874 1464 2025 1488 moran-

490 1515 542 1547 tes
560 1523 622 1547 seu
641 1510 838 1546 existentes
853 1539 862 1555 ,
877 1522 923 1546 ex
945 1522 1172 1560 quacunque
1197 1523 1306 1546 causa
1328 1509 1468 1546 ibidem
1491 1509 1650 1555 fuerint,
1670 1509 1754 1546 illos
1769 1509 1943 1547 videlicet
1957 1511 2022 1561 qui

490 1573 613 1605 nostra
632 1567 850 1604 auctoritate
869 1567 966 1618 capti
986 1572 1021 1604 et
1039 1567 1176 1604 detenti
1197 1580 1273 1605 non
1291 1572 1394 1613 sunt,
1419 1567 1525 1617 quod
1550 1567 1621 1618 ipsi
1649 1571 1686 1604 et
1709 1580 1837 1604 eorum
1866 1567 2027 1618 quilibet

488 1639 612 1663 coram
630 1626 738 1662 dictis
748 1626 975 1675 >dyocesanis
993 1630 1030 1662 et
1042 1639 1109 1676 per
1123 1639 1190 1662 nos
1205 1626 1344 1663 eisdem
1358 1625 1561 1675 adjunctis,
1577 1638 1688 1676 quos,
1707 1631 1750 1663 ut
1763 1626 2022 1677 praemittitur.

488 1684 533 1720 ad
554 1684 643 1720 haec
663 1684 898 1721 decernimus
916 1683 1169 1734 deputandos,
1194 1684 1232 1721 in
1260 1684 1419 1721 termino
1437 1697 1549 1735 quem
1569 1684 1640 1734 ipsi
1658 1697 1726 1734 per
1742 1697 1871 1721 eorum
1896 1685 2025 1735 publi-

487 1756 572 1780 cum
592 1743 754 1780 edictum
773 1743 960 1781 citationis
978 1747 1164 1790 statuunt,
1194 1743 1240 1781 ad
1269 1744 1472 1781 dicendum
1491 1743 1544 1780 eis
1561 1743 1608 1780 de
1633 1743 1831 1794 praedictis
1849 1744 2024 1782 omnibus

487 1801 695 1846 veritatem,
714 1814 756 1838 ac
774 1801 909 1838 deinde
924 1802 977 1838 illi
993 1802 1058 1852 qui
1077 1802 1207 1839 eadem
1225 1802 1444 1839 auctoritate
1457 1806 1582 1839 nostra
1600 1802 1698 1853 capti
1717 1814 1793 1838 non
1812 1801 2023 1839 fuerintvel

488 1862 626 1899 detenti
650 1863 893 1912 personaliter
910 1867 945 1899 et
961 1863 1038 1913 ipse
1054 1867 1259 1900 conventus
1274 1876 1341 1913 per
1357 1863 1524 1912 ydoneos
1542 1863 1718 1913 syndicos
1735 1863 1792 1899 vel
1813 1862 2024 1900 defensores

489 1936 612 1959 coram
637 1922 745 1959 nobis
768 1922 805 1958 in
834 1922 996 1972 generali
1025 1922 1184 1959 concilio
1212 1922 1315 1972 quod
1342 1922 1507 1959 Viennae
1534 1922 1573 1958 in
1598 1921 1766 1958 kalendis
1792 1920 1957 1958 octobris
1977 1920 2021 1957 ad

489 1981 583 2018 duos
614 1994 731 2018 annos
764 1980 978 2031 congregari
1007 1980 1248 2026 mandamus,
1281 1985 1356 2018 tam
1382 1980 1600 2017 nominibus
1625 1979 1701 2018 suis
1727 1979 1888 2030 propriis
1910 1992 2022 2029 quam

488 2039 629 2076 ordinis
647 2039 860 2090 praelibati,
880 2052 1094 2090 comparere
1111 2044 1327 2090 procurent,
1344 2040 1484 2090 seipsos
1502 2043 1538 2076 et
1558 2039 1680 2090 ipsum
1700 2038 1889 2084 ordinem,
1908 2038 1939 2075 si
1956 2050 2024 2075 vo—

488 2098 625 2135 luerint
642 2102 677 2135 et
695 2098 892 2141 valuerint,
915 2111 1027 2149 super
1050 2098 1248 2149 praedictis
1275 2098 1438 2148 legitime
1460 2097 1648 2135 defensuri
1675 2102 1712 2134 et
1734 2096 1892 2147 justam,
1912 2096 2024 2133 dante

487 2157 668 2203 Domino,
693 2157 913 2193 sententiam
935 2158 991 2194 vel
1013 2157 1288 2194 ordinationem
1319 2162 1483 2194 nostram
1512 2156 1704 2193 humiliter
1726 2155 1925 2206 recepturi,
1948 2167 2023 2192 non

487 2218 721 2255 obstantibus
739 2218 943 2268 privilegiis
970 2218 1261 2269 quibuscunque
1284 2218 1404 2255 eidem
1429 2217 1552 2255 ordini
1579 2221 1615 2254 et
1642 2216 1810 2268 personis
1836 2216 1953 2267 ipsius
1970 2216 2023 2254 ‘ab

490 2277 699 2326 Apostolica
719 2277 812 2313 Sede
828 2277 1010 2314 concessis
1025 2291 1091 2327 per
1103 2291 1199 2328 quae
1216 2277 1366 2313 effectus
1380 2276 1632 2327 praesentium
1646 2279 1769 2326 posset
1782 2273 2023 2326 quomodoli-

488 2334 550 2371 bet
568 2335 752 2385 impediri.
773 2335 882 2383 Quod
910 2336 939 2372 si
962 2335 1161 2386 praedictis
1181 2335 1303 2372 modis
1321 2334 1614 2385 contempserint
1631 2345 1862 2383 comparere,
1882 2331 2022 2368 nibilo-

491 2393 614 2430 minus
637 2399 763 2430 contra
786 2395 885 2444 ipsos
911 2394 957 2430 ad
984 2394 1252 2445 inquirendum
1275 2398 1311 2431 et
1335 2393 1633 2431 sententiantium
1661 2405 1724 2430 seu
1750 2390 2022 2437 ordinandum,

492 2464 619 2487 eorum
637 2452 905 2488 contumaciam
925 2452 1052 2489 divina
1071 2453 1235 2503 replente
1252 2452 1473 2503 praesentia.
1491 2450 1722 2502 procedetur,
1741 2448 1879 2499 negotii
1899 2448 2023 2499 quali-
