2184 3074
464 311 538 347 484
1014 309 1176 347 CODEX
1203 309 1299 347 DUN
1305 308 1449 347 ENSlS.

1104 471 1355 510 cccxxxvl.

492 594 612 629 Lettre
625 592 686 628 des
700 591 802 628 abbe's
816 591 860 627 de
878 589 1023 627 Thosan
1039 590 1126 627 etde
1141 589 1326 628 Baudeloo
1339 602 1409 627 eur
1426 590 1476 628 les
1489 591 1678 630 mallatura
1692 593 1736 631 de
1748 583 1787 631 la*
1795 593 1970 632 Flandre.

518 782 740 821 Reverendis
760 783 796 819 in
817 782 963 819 Christo
977 782 1145 832 patribus
1155 812 1164 829 ,
1179 783 1333 821 domino
1352 784 1477 822 abbati
1492 784 1744 832 Cisterciensi,
1757 787 1901 838 totique
1913 800 1998 825 con-

467 841 592 877 ventui
611 840 787 877 abbatum
807 840 958 890 capituli
977 841 1175 891 generalis,
1198 842 1328 879 fratres
1341 842 1384 879 N.
1399 842 1445 879 de
1458 842 1605 894 Capella
1620 843 1657 880 in
1672 843 1868 891 mandria,
1879 845 1938 883 Jo.
1951 845 1998 883 de

468 898 607 935 Bodelo
625 898 712 935 dicti
731 898 897 944 abbates,
916 902 952 935 et
967 899 1025 936 Jo.
1046 899 1168 937 dictus
1186 899 1291 950 prior
1307 900 1354 937 de
1373 900 1506 948 Dunis‚
1525 901 1680 939 salutem
1699 914 1785 940 cum
1803 902 1906 940 omni
1922 912 1998 953 qua

468 960 623 1006 possunt
639 956 842 993 reverentia
859 961 896 994 et
914 956 1065 994 honore.
1945 1001 1947 1003 ¹
1987 989 1993 1004 2

518 1015 559 1051 ln
579 1014 747 1065 partibus
764 1013 974 1062 Flandriae,
992 1015 1089 1052 sicut
1101 1015 1267 1054 Vestram
1285 1016 1546 1054 Paternitatem
1566 1018 1752 1056 credimus
1770 1031 1846 1056 non
1865 1019 1997 1066 latere,

467 1079 540 1110 tam
561 1074 641 1111 dira
654 1078 690 1110 et
702 1074 823 1124 gravis
836 1086 1053 1124 guerrarum
1068 1073 1267 1111 commotio
1281 1078 1336 1111 est
1348 1074 1501 1112 suborta
1514 1075 1618 1125 quod
1633 1089 1766 1127 magna
1782 1090 1869 1127 pars
1880 1076 2000 1115 dictae

468 1138 584 1169 terrae
602 1131 834 1168 flammarum
853 1131 1030 1182 voragine
1046 1131 1095 1169 sit
1108 1135 1247 1169 vastata
1265 1144 1308 1168 ac
1325 1132 1442 1182 ipsius
1456 1132 1599 1171 incolae
1613 1133 1723 1171 bonis
1736 1134 1912 1173 omnibus
1926 1135 2002 1173 sint

467 1190 616 1242 penitus
630 1189 825 1236 denudati,
843 1193 879 1226 et
896 1202 991 1241 quos
1007 1190 1176 1228 nondum
1195 1190 1308 1241 pestis
1325 1190 1468 1241 tetegit,
1483 1190 1621 1228 eisdem
1639 1191 1808 1230 videatur
1821 1192 2001 1231 verisimi-

468 1249 550 1286 liter
575 1248 791 1294 imminere,
817 1261 837 1284 a
863 1247 1003 1298 quibus
1025 1247 1201 1285 secularis
1228 1251 1388 1299 potestas
1411 1261 1481 1299 pro
1506 1248 1583 1286 suis
1609 1249 1750 1287 alendis
1777 1250 2000 1298 exercitibus

467 1311 610 1345 tantum
635 1306 770 1357 accipit
795 1307 898 1357 quod
925 1320 992 1344 nec
1014 1307 1263 1345 creditoribus
1289 1307 1366 1345 suis
1391 1307 1656 1354 satisfaciendi,
1675 1321 1743 1346 nec
1759 1309 1908 1346 vivendi
1929 1309 2001 1352 ha:-

467 1366 610 1403 bebunt
642 1365 769 1402 saltem
804 1368 965 1402 tenuiter
999 1365 1230 1411 facultatem,
1257 1379 1277 1402 a
1309 1365 1418 1404 nobis
1451 1370 1574 1404 autem
1603 1367 1802 1418 praecipue
1837 1380 1999 1419 quorum

468 1423 673 1469 substantia
704 1423 820 1474 magis
850 1423 975 1461 existit
998 1437 1089 1474 prae
1121 1423 1315 1470 manibus,
1342 1428 1472 1475 utpote
1502 1424 1540 1462 in
1569 1424 1681 1462 blado
1715 1430 1752 1463 et
1781 1426 1999 1464 animalium

468 1482 720 1528 nutrimentis,
739 1482 878 1533 quibus
895 1482 1021 1529 etiam,
1041 1483 1071 1520 si
1090 1483 1129 1520 in
1148 1482 1275 1534 aliquo
1299 1496 1540 1533 gravaremur
1565 1484 1739 1531 ulterius,
1762 1484 1999 1523 mendicandi

469 1541 701 1579 incumberet
722 1540 918 1578 necessitas
943 1554 1028 1578 cum
1046 1554 1174 1579 versus
1198 1541 1420 1578 Franchiam
1443 1541 1520 1579 sive
1538 1542 1795 1580 Alemanniam
1814 1543 2000 1594 refugium

469 1605 532 1637 aut
545 1613 696 1638 securus
719 1612 885 1637 accessus
909 1612 983 1637 non
1002 1605 1122 1648 pateat
1135 1601 1182 1644 ⁴in
1205 1600 1399 1652 praesenti.
1418 1600 1542 1649 Quare
1559 1602 1814 1639 Reverentiam
1833 1601 1999 1640 Vestram

470 1659 660 1695 humiliter
684 1659 927 1709 imploramus
954 1663 1137 1709 quatenus
1161 1659 1270 1697 nobis
1296 1659 1430 1697 attritis
1454 1663 1490 1696 et
1511 1659 1658 1698 afflictis
1681 1660 1945 1711 compatientes
1967 1665 2003 1698 et

469 1722 631 1755 nostram
649 1717 984 1769 impossibilitatem
1003 1718 1202 1770 benignius
1221 1718 1466 1765 attendentes,
1485 1732 1505 1756 a
1523 1719 1759 1770 quibuslibet
1777 1719 2000 1757 taxationem

472 1789 536 1813 seu
555 1776 830 1827 impositionem
851 1776 1028 1813 oneribus
1049 1776 1184 1814 habere
1199 1776 1406 1827 dignemini
1421 1777 1712 1815 misericorditer
1726 1781 1928 1816 excusatos.

518 1835 643 1872 Valeat
660 1834 697 1885 in
715 1834 873 1871 Domino
890 1835 1014 1872 Vestra
1030 1835 1244 1873 Reverenda
1265 1835 1469 1873 Paternitas
1489 1840 1653 1887 tempore
1672 1836 1849 1887 longiore.
