2184 3074
745 323 909 362 CODEX
934 324 1181 364 DUNENSIS.
1662 330 1731 367 ¹825

192 438 304 476 Vobis
324 438 505 476 universis
522 443 558 476 et
573 439 731 490 singulis
749 440 912 478 dominis
926 441 1082 489 decano,
1105 443 1246 480 cantori
1266 448 1298 481 et
1314 444 1396 481 aliis
1415 444 1534 482 dietae
1555 446 1728 482 ecelesia(-

191 497 380 535 canonieis
409 498 699 548 praenominatis
731 504 766 536 et
791 499 986 550 praetactis
1019 500 1148 538 dantes
1178 501 1446 540 nichilominus
1479 503 1516 540 in
1547 504 1728 541 mandatis

191 555 262 592 sub
279 569 397 606 poena
423 556 819 594 excommunicationis
844 557 1000 595 firmiter
1022 559 1257 610 injungentes
1284 565 1325 597 ut
1348 561 1489 598 dictum
1509 562 1725 612 magistrum

189 615 398 654 Johannem
425 629 489 653 seu
511 616 591 666 ejus
618 621 896 666 procuratorem
921 618 1037 668 ipsius
1066 619 1216 656 nomine
1242 619 1287 656 ad
1313 620 1449 657 dictam
1477 621 1725 672 praebendum

190 673 270 710 sine
295 673 370 710 ulla
398 674 632 710 cunctatione
663 679 698 711 et
723 674 865 726 absque
895 688 1020 712 morae
1047 676 1245 727 dispendio
1274 678 1311 714 in
1339 679 1559 716 canonicum
1587 686 1726 717 vestrae

189 731 364 769 ecclesiae
393 732 578 783 recipiatis
608 737 643 770 et
674 733 710 769 in
745 733 912 780 fratrem,
937 748 979 771 ac
1005 734 1075 785 ipsi
1101 736 1157 772 vel
1189 749 1257 773 suo
1283 738 1514 786 procuratori
1548 752 1614 788 pro
1646 739 1725 788 ipso

189 790 235 827 de
262 790 444 828 fructibus
470 791 702 841 praebendae
730 792 955 842 praedictae,
981 792 1206 840 redditibus,
1234 795 1493 845 proventibus,
1516 796 1667 846 juribus
1691 803 1723 833 et

189 847 478 898 obventionibus
505 849 688 886 universis
720 850 860 900 integre
893 850 1165 901 respondeatis,
1197 866 1239 888 ac
1271 852 1370 902 ipsos
1398 853 1516 890 eidem
1550 854 1724 904 magistro

187 907 350 945 Johanni
365 908 421 945 vel
438 921 505 946 suo
520 908 752 959 procuratori
767 908 979 947 deliberetis
994 915 1029 946 et
1045 909 1213 956 tradatis,
1231 910 1399 961 alioquin
1419 911 1456 948 in
1473 925 1537 949 vos
1551 911 1723 949 dominos

187 965 369 1003 decanum
387 970 423 1003 et
439 970 627 1003 cantorem
645 971 681 1002 et
698 966 881 1016 praefatos
905 966 1097 1004 universos
1125 972 1160 1004 et
1186 968 1352 1019 singulos
1379 970 1578 1007 canonicos
1604 969 1723 1006 dictae

186 1023 378 1068 ecelesiae,
396 1024 462 1074 qui
481 1023 679 1074 praedictis
698 1024 833 1061 nostris
853 1025 1055 1071 mandatis,
1083 1025 1197 1062 immo
1216 1026 1304 1063 dicti
1324 1027 1466 1064 domini
1495 1028 1623 1078 legati,
1649 1041 1721 1065 non

185 1082 402 1120 curaveritis
419 1083 588 1130 obedire,
606 1083 826 1120 sententiam
846 1085 1245 1122 excommunicationis
1259 1099 1408 1124 exnunc
1429 1087 1466 1123 in
1487 1087 1558 1124 hiis
1576 1087 1722 1137 seriptis

185 1140 408 1191 proferimus
429 1146 465 1178 et
489 1141 600 1178 etiam
622 1141 915 1192 promulgamus.
948 1142 1166 1180 inhibemus
1191 1144 1301 1180 etiam
1329 1145 1399 1181 sub
1419 1158 1540 1198 poena
1565 1158 1722 1195 suspen-

186 1199 300 1237 sionis
319 1204 355 1236 et
372 1199 769 1237 excommunicationis
796 1213 842 1238 ne
863 1214 928 1238 vos
952 1201 1008 1238 vel
1037 1201 1172 1252 aliquis
1190 1206 1354 1239 vestrum
1381 1216 1444 1240 seu
1467 1203 1561 1240 alius
1579 1202 1720 1240 dictum

185 1257 402 1308 magistrum
417 1258 628 1296 Johnnnem
644 1258 681 1295 in
700 1259 861 1309 praefata
876 1272 940 1296 sua
956 1259 1188 1309 possessione
1201 1259 1321 1297 dictae
1335 1260 1567 1310 praebendae
1577 1260 1718 1310 jurium

184 1321 220 1354 et
234 1316 544 1368 pertinentiarum
563 1317 696 1368 ipsius,
723 1317 761 1354 in
779 1331 894 1369 quam
918 1318 1041 1369 ipsum
1071 1319 1287 1369 magistrum
1305 1319 1514 1356 Johannem
1533 1319 1589 1356 vel
1611 1333 1719 1356 suum

183 1379 462 1426 procuratorem
487 1389 557 1426 pro
589 1375 670 1426 ipso
699 1375 938 1423 induximus,
970 1377 1103 1414 audeat
1133 1377 1417 1428 quomodolibet
1449 1378 1629 1428 impedire
1655 1391 1717 1414 seu

183 1433 292 1470 etiam
312 1433 540 1484 perturbare.
560 1433 670 1481 Quod
689 1433 718 1470 si
739 1433 854 1484 aliqui
869 1434 926 1471 vel
945 1434 1080 1485 aliquis
1099 1435 1382 1472 contrasecerint
1402 1436 1455 1472 vel
1477 1436 1614 1480 fecerit,
1635 1449 1719 1472 sen-

183 1490 335 1528 tentiam
355 1491 610 1542 suspensionis
633 1495 669 1528 et
695 1492 1092 1529 excommunicationis
1116 1493 1153 1529 in
1181 1492 1279 1543 ipsos
1306 1498 1341 1530 et
1368 1507 1495 1530 eorum
1516 1493 1716 1543 quemlibet

182 1551 335 1589 ferimus
354 1551 392 1588 in
411 1551 484 1589 hiis
505 1551 663 1602 scriptis.

228 1610 360 1647 Dictus
384 1614 507 1647 autem
530 1609 704 1660 magister
727 1610 918 1648 Johannes
941 1623 979 1647 se
1005 1611 1142 1661 optulit
1162 1617 1197 1648 et
1214 1611 1320 1648 offert
1346 1612 1530 1661 resignare
1550 1616 1717 1662 paratum

182 1667 362 1705 beneficia
391 1681 487 1718 quae
513 1668 657 1718 optinet
682 1681 747 1705 seu
773 1681 902 1705 eorum
935 1669 1110 1715 alterum,
1145 1669 1174 1706 si
1209 1669 1278 1706 lioc
1305 1675 1489 1720 oporteat,
1521 1674 1717 1720 antequam

182 1725 382 1776 recipiatur
399 1726 437 1763 in
452 1730 592 1763 vestrae
607 1726 780 1764 ecclesiae
798 1726 1019 1764 canonicum
1038 1731 1073 1763 et
1088 1727 1124 1764 in
1139 1728 1300 1764 fratrem.

230 1785 371 1822 Damus
390 1785 499 1822 etiam
514 1785 771 1836 praesentibus
786 1785 917 1823 litteris
936 1789 974 1822 in
995 1786 1168 1823 mandato
1190 1777 1371 1824 universis
1389 1792 1425 1823 et
1442 1787 1597 1837 singulis
1616 1800 1719 1837 pres-

180 1843 321 1894 byteris
335 1849 371 1881 et
383 1845 582 1895 capellanis
601 1850 636 1882 et
653 1845 795 1882 clericis
818 1845 864 1882 ad
883 1859 978 1896 quos
998 1851 1208 1896 praesentes
1238 1846 1489 1897 pervenerint,
1510 1846 1580 1883 sub
1599 1859 1715 1896 poena

180 1902 434 1952 suspensionis
443 1907 479 1939 et
491 1903 908 1949 excommunicationis,
927 1908 969 1941 ut
985 1903 1054 1954 ipsi
1065 1908 1101 1940 et
1116 1917 1246 1941 eorum
1266 1905 1424 1954 quilibet
1434 1904 1498 1955 qui
1518 1918 1629 1954 super
1647 1904 1715 1940 lio(-

180 1960 292 1998 fuerit
303 1961 522 2012 requisitus,
537 1962 718 2011 praefatos
733 1961 905 1999 dominos
919 1961 1100 1999 decanum
1117 1967 1152 1999 et
1166 1967 1354 1999 cantorem
1369 1967 1403 1999 et
1418 1963 1508 2000 alios
1524 1962 1715 1998 universos

181 2023 217 2056 et
233 2019 399 2068 singulos
425 2019 725 2069 praenominatos
750 2019 948 2057 canonicos
972 2020 1155 2070 praefatae
1177 2020 1350 2057 eeclesiae
1372 2020 1566 2070 Brugensis
1594 2020 1716 2056 nomi-

183 2076 318 2122 natim,
342 2077 465 2127 palam
487 2082 524 2115 et
543 2077 710 2128 publice,
729 2076 947 2128 ubicunque
968 2082 1003 2114 et
1026 2078 1328 2128 quandocunque
1355 2091 1466 2127 super
1492 2077 1560 2114 hoe
1580 2077 1714 2114 fuerint

182 2134 351 2186 requisiti
363 2135 421 2172 vel
438 2136 638 2187 requisitus
665 2136 791 2182 suerit,
813 2135 1037 2173 denuntians
1061 2135 1232 2186 praefatis
1251 2135 1440 2172 sententiis
1463 2135 1714 2185 suspensionis

182 2198 218 2230 et
234 2194 628 2232 excommunicationis
648 2195 724 2232 sore
744 2195 893 2245 ligatos,
919 2193 1126 2231 intimando
1145 2193 1282 2231 eisdem
1301 2193 1403 2244 quod
1424 2193 1493 2230 nisi
1515 2193 1608 2230 inl'ra
1630 2198 1712 2229 octo

182 2251 327 2289 dierum
356 2252 516 2303 spatium
543 2253 684 2291 dictum
714 2253 931 2304 magistrum
964 2251 1171 2290 Iohannem
1203 2265 1266 2288 seu
1295 2251 1410 2302 ipsius
1439 2255 1713 2302 procuratorem

183 2309 262 2359 ejus
291 2310 442 2347 nomine
465 2311 626 2362 recipere
646 2311 858 2348 curaverint
880 2311 918 2347 in
939 2310 1158 2347 canonicum
1186 2315 1221 2346 et
1249 2310 1284 2346 in
1307 2311 1472 2355 fratrem,
1494 2323 1560 2346 nos
1587 2315 1713 2346 eontra

183 2368 282 2418 ipsos
295 2373 331 2406 et
347 2382 476 2406 eorum
497 2369 701 2420 quemlibet
719 2369 884 2419 asperius
903 2368 1163 2419 procedemus,
1184 2373 1292 2419 prout
1310 2368 1454 2417 justitia
1473 2368 1660 2411 suadebit,
1681 2372 1712 2403 et

183 2426 275 2476 quid
294 2427 380 2464 inde
398 2428 532 2465 sactum
555 2428 664 2465 suerit
689 2433 723 2464 et
752 2427 902 2464 nomina
931 2427 1184 2465 obedientium
1209 2433 1244 2464 et
1263 2427 1571 2464 inobedientium.
1593 2427 1622 2463 si
1649 2426 1713 2477 qui

1570 2485 1618 2520 Ἠ
