2184 3074
469 344 541 388 496
1021 350 1183 387 CODEX
1208 349 1453 388 DUNENSIS.

471 469 585 506 filiam
603 467 744 505 domini
770 466 940 511 Oetonis,
964 465 1155 516 quondam
1182 465 1425 515 Trajectensis
1443 467 1629 518 episcopi,
1658 481 1754 519 quae
1780 469 1811 506 si
1841 470 2003 521 legitima

472 531 579 572 esset,
604 527 692 563 alias
718 526 830 576 digna
855 526 964 571 soret,
991 529 1033 561 ut
1064 524 1213 570 dicitur,
1239 524 1339 562 dicto
1361 526 1585 563 monasterio
1612 527 1838 577 praesidere,
1864 529 2006 581 absque

471 590 590 622 vestra
609 584 758 635 speciali
778 583 1014 620 conniventia
1039 583 1178 620 ibidem
1205 583 1243 619 in
1262 583 1486 621 abbatissam
1507 597 1583 621 non
1609 585 1829 623 duxerimus
1854 600 2007 638 promo-

471 644 640 689 vendam,
655 643 752 679 idem
771 643 943 692 princeps
959 642 1234 692 promotionem
1249 641 1368 679 dictae
1382 643 1502 693 neptis
1517 656 1604 680 suae
1615 656 1635 680 a
1649 643 1777 682 Vestra
1787 645 2006 683 Reverentia

471 717 537 753 per
559 715 643 740 suas
662 701 824 738 decrevit
842 701 980 737 litteras
1005 699 1288 750 requirendam,
1307 714 1404 751 quae
1421 701 1524 738 cordi
1543 715 1611 739 suo
1630 702 1766 740 insidet
1783 707 1819 740 et
1839 704 2007 742 noscitur

470 762 614 799 firmius
628 760 798 806 insidere,
813 773 925 810 super
942 772 1018 810 quo
1037 759 1258 796 reverendae
1276 759 1508 797 Paternitalis
1518 760 1667 798 Vestrae
1685 762 1918 800 elementiam
1939 763 2006 800 hu-

472 822 607 858 militer
624 821 867 871 deprecamur
884 819 1061 870 quatinus
1078 819 1250 870 petitioni
1276 819 1365 856 dieti
1384 820 1583 871 principis,
1609 821 1639 858 si
1667 835 1752 859 eum
1777 822 1856 860 Deo
1883 823 2005 860 conti-

470 879 581 930 gerit,
601 891 727 915 aurem
747 878 958 914 benivolam
983 877 1189 928 dignemini
1215 878 1454 915 commodare
1470 883 1507 915 et
1525 883 1597 916 tam
1616 879 1761 930 placide
1780 880 2005 931 respondere

469 938 587 975 eidem
606 937 707 988 quod
726 937 763 973 in
785 949 850 973 nos
865 941 901 972 et
912 936 1054 973 dictum
1070 936 1335 973 monasterium
1352 935 1724 975 animadvertendum
1739 939 1864 976 minus
1877 939 2003 985 ducat,

469 997 576 1046 cujus
596 1009 669 1032 non
690 1007 880 1046 possemus
895 994 1129 1045 aliquatenus
1148 994 1312 1031 tolerare.
1333 994 1430 1031 Vale.

1174 1119 1295 1129 ⁴90oe—

1171 1271 1299 1308 CCCL.

538 1389 728 1426 Promesse
753 1388 797 1425 de
818 1401 938 1438 payer
966 1388 1171 1438 fidelement
1199 1402 1270 1426 une
1295 1392 1452 1427 aumdne
1480 1374 1605 1440 lei-quea
1630 1391 1653 1427 ἀ
1684 1391 1722 1428 la
1742 1397 1847 1440 porte
1874 1390 1925 1428 du

1125 1450 1337 1485 τηοηαείὲνε.

514 1639 699 1677 Universis
724 1646 933 1691 praesentes
960 1641 1096 1678 litteras
1125 1641 1347 1692 inspecturis
1375 1642 1485 1679 frater
1503 1672 1533 1679 ..
1557 1672 1587 1678 ..
1609 1672 1616 1679 .
1638 1672 1644 1678 .
1667 1643 1789 1680 dictus
1821 1642 1935 1680 abbas
1960 1646 1997 1679 et

465 1702 667 1735 conventus
685 1698 731 1735 de
749 1699 811 1735 tali
831 1699 912 1736 loco
930 1699 1097 1736 salutem.
1950 1747 1955 1752 ·

512 1755 605 1792 Cum
636 1757 718 1794 talis
744 1757 1029 1807 assignationem
1062 1757 1169 1795 nobis
1196 1757 1243 1794 de
1272 1758 1473 1796 elemosina
1503 1771 1616 1809 quam
1645 1758 1753 1796 nobis
1779 1772 1844 1796 seu
1870 1763 1998 1809 portae

464 1819 609 1851 nostrae
631 1815 669 1851 in
696 1819 911 1853 testamento
933 1829 1000 1853 suo
1027 1817 1180 1867 legavit,
1198 1830 1294 1867 quae
1316 1816 1472 1868 quidem
1489 1817 1690 1854 elemosina
1712 1817 1751 1854 in
1779 1820 1997 1855 testamento

462 1873 551 1909 dieti
578 1873 724 1923 plenius
755 1874 978 1921 continetur,
1002 1887 1068 1912 nos
1093 1875 1347 1925 promittimus
1372 1875 1470 1912 bona
1495 1875 1569 1912 fide
1595 1875 1732 1912 dictam
1756 1875 1994 1912 elemosinam

397 1978 399 1980 q
461 1931 665 1969 secundum
695 1933 922 1970 voluntatem
962 1939 997 1971 et
1028 1934 1302 1972 ordinationem
1333 1934 1423 1972 dicti
1460 1934 1667 1972 testamenti
1699 1935 1807 1972 annis
1837 1934 1994 1985 singulis

460 2003 624 2041 erogare,
643 1991 692 2027 ita
710 1991 811 2042 quod
830 1991 1024 2042 pitantiam
1044 2006 1156 2043 quam
1176 1997 1261 2044 post
1279 1998 1435 2030 mortem
1462 1993 1551 2030 dicti
1572 2023 1721 2030 ......
1750 1993 1789 2030 in
1806 1993 1867 2030 die
1884 1993 1995 2030 anni—

460 2049 610 2086 versarii
646 2049 702 2086 sui
738 2049 916 2087 debemus
950 2051 1149 2088 conventui
1187 2057 1312 2089 nostro
1346 2052 1452 2098 dare,
1485 2051 1667 2102 quamdiu
1703 2051 1801 2088 idem
1838 2051 1992 2097 vixerit,

461 2107 634 2144 dabimus
664 2107 701 2144 in
737 2108 828 2145 sesto
859 2109 940 2146 talis
968 2109 1083 2146 sancti
1118 2114 1245 2147 nostro
1280 2110 1479 2147 conventui
1509 2109 1718 2156 annuatim,
1743 2109 1993 2160 praesentium

462 2166 671 2203 testimonio
691 2166 906 2204 litterarum.
928 2168 1081 2214 Datum,
1099 2173 1165 2205 etc.
1594 2160 1600 2166 ⁸

1164 2344 1275 2352 ἠνιο-

2170 2828 2184 3074 twwoeae-‚n'ff-tn*
2174 2754 2184 2767 Α.
2175 2674 2184 2732 ;-.....
2178 2587 2184 2656 ...Αι
2179 2524 2184 2535 -
