2184 3074
753 299 915 337 conEx
940 298 1185 337 DUNENSIS.
1548 304 1551 307 '
1659 298 1731 336 563

848 463 1086 502 ccxxxvu.

201 574 320 626 Leltre
332 571 376 611 de
393 571 429 610 la
444 577 610 610 comteaese
626 571 670 608 de
689 570 854 609 Flandre
870 584 921 608 au
936 583 1035 622 pape
1052 583 1154 621 pour
1168 571 1199 608 le
1215 570 1371 622 feliciter
1387 571 1431 609 de
1443 584 1508 609 aon
1526 573 1735 609 acenement

760 642 809 667 au
829 631 932 667 irone
942 629 1135 680 pontificat
1151 634 1172 666 ¹.

249 813 488 852 Sanctissimo
505 814 600 865 patri
619 827 661 851 ac
677 813 850 858 domino,
870 813 997 851 divina
1016 814 1250 864 providentia
1269 814 1528 852 Sacrosanctae
1548 816 1733 852 Romanae

201 885 243 910 ac
272 872 497 911 Universalis
527 871 711 909 Ecclesiae
742 885 889 909 summo
921 872 1107 923 pontifici,
1139 872 1219 922 ejus
1251 872 1382 910 devota
1417 873 1490 909 filia
1526 873 1735 923 Margarita,

202 930 231 967 F
233 929 398 968 landriae
414 934 450 966 et
468 930 687 980 Haynoniae
705 929 904 976 comitissa,
923 930 1160 967 devotissima
1179 931 1317 981 pedum
1338 931 1462 972 oscula
1481 930 1685 967 beatorum.

248 988 396 1026 Auditis
426 993 567 1025 vestrae
594 992 741 1026 sanctae
760 988 1007 1038 promotionis
1035 989 1249 1027 rumoribus
1273 989 1337 1040 qui
1364 989 1428 1026 toti
1455 989 1595 1040 populo
1618 989 1737 1026 chris-

201 1047 301 1085 tiano
329 1046 467 1083 cedunt
492 1046 538 1084 ad
565 1045 808 1083 desideratam
829 1046 1003 1084 laetitiam
1026 1052 1060 1084 ct
1086 1047 1224 1098 quibus
1243 1047 1458 1084 rumoribus
1477 1061 1535 1084 me
1552 1046 1737 1084 audivisse

183 1119 276 1152 ,non
295 1105 448 1143 memini
462 1105 647 1152 laetiores,
665 1118 706 1142 ea
725 1105 922 1143 devotione
939 1119 1012 1157 qua
1029 1106 1147 1157 potui,
1164 1106 1299 1158 gratias
1317 1106 1436 1144 obtuli
1455 1105 1570 1143 Jhesu
1589 1104 1736 1143 Christo

199 1163 265 1216 qui
283 1169 442 1202 vestram
463 1167 627 1202 sanctam
649 1164 967 1202 conversationem
994 1165 1194 1216 respiciens
1213 1170 1250 1202 et
1273 1165 1477 1202 bonitatem
1496 1164 1734 1214 conspicuam

199 1236 287 1261 suae
300 1223 484 1261 Ecclesiae
498 1223 655 1274 pastoris
673 1223 804 1260 solatio
819 1223 967 1273 penitus
985 1223 1200 1275 desperatae
1218 1237 1414 1275 personam
1429 1227 1586 1260 vestram
1605 1222 1737 1273 ‹ligua-

201 1287 259 1322 tus
288 1289 341 1322 est
374 1284 573 1335 praeficere
590 1314 598 1330 ‚
630 1289 666 1321 et
694 1297 781 1322 suae
811 1284 959 1322 virtutis
990 1284 1247 1336 magnitudine
1276 1284 1323 1320 ad
1354 1297 1521 1320 summae
1547 1283 1736 1333 dignitatis

201 1341 343 1393 apicem
374 1341 596 1387 sublimare3
627 1346 663 1378 et
696 1342 726 1379 si
755 1341 885 1379 vestris
916 1342 1263 1393 praedecessoribus
1298 1341 1460 1378 romanis
1496 1341 1735 1392 pontificibus

201 1399 344 1450 placere
358 1399 485 1437 studui
495 1399 603 1449 juxta
616 1413 740 1451 posse,
755 1400 947 1438 Sanctitati
965 1400 1115 1439 Vestrae
1129 1413 1214 1438 cum
1228 1400 1330 1438 omni
1347 1399 1549 1437 reverentia
1567 1403 1604 1436 et
1620 1398 1734 1435 ‹levo-

201 1460 302 1498 tione
320 1461 444 1499 debita
469 1462 582 1512 cupio
603 1462 832 1513 peramplius
855 1463 1105 1513 complacere,
1129 1475 1188 1499 me
1214 1467 1251 1499 et
1278 1475 1356 1499 mea
1382 1461 1429 1498 ad
1451 1460 1563 1512 pedes
1586 1460 1734 1498 Vestrae

201 1517 413 1557 Sanctitatis
426 1519 585 1558 offerens
602 1525 639 1558 et
655 1521 702 1558 ad
715 1524 880 1558 vestrum
898 1520 1172 1571 beneplacitum
1191 1534 1234 1557 ac
1252 1524 1498 1571 praeceptum.
1509 1518 1565 1556 Ad
1585 1517 1689 1563 haec,
1703 1517 1732 1555 si

201 1576 335 1627 placet,
353 1578 499 1628 negotia
515 1591 612 1628 quae
626 1578 732 1616 vobis
750 1583 939 1629 exponent
955 1583 1212 1630 procuratores
1233 1578 1304 1615 mei
1324 1591 1392 1629 pro
1411 1591 1469 1614 me
1490 1582 1526 1613 et
1544 1589 1612 1627 pro
1630 1576 1733 1619 meis,

202 1634 337 1673 babere
363 1636 568 1687 dignemini
594 1637 863 1674 commendata.
890 1637 965 1675 Diu
996 1642 1032 1674 et
1058 1650 1233 1688 prospere
1259 1641 1450 1674 conservet
1467 1648 1532 1672 vos
1550 1634 1732 1671 Dominus

202 1693 386 1732 Ecclesiae
401 1700 550 1733 sanctae
567 1709 666 1733 suae.

908 1761 1020 1771 *⁴0*—

836 1893 1092 1932 ccxxxviii.

297 2001 415 2038 Lettre
432 2001 476 2038 de
494 2001 530 2038 la
547 2007 714 2039 comtesse
730 2001 773 2038 de
790 2001 957 2038 Flandre
972 2014 1021 2038 au
1034 2012 1132 2050 pape
1148 2013 1191 2037 en
1208 2000 1343 2050 faveur
1354 1999 1398 2036 de
1416 1998 1629 2036 Gnillaume

600 2060 644 2097 de
662 2061 831 2111 Licques,
849 2060 1026 2098 chanoine
1043 2059 1086 2096 de
1107 2060 1334 2096 Terouanne.

247 2242 339 2278 Cum
362 2241 571 2281 Willelmus
595 2244 641 2281 de
662 2244 806 2291 Liskes,
826 2245 1026 2282 canonicus
1044 2244 1280 2290 morinensis,
1298 2244 1362 2295 qui
1381 2244 1427 2280 de
1445 2244 1534 2280 meis
1553 2243 1727 2294 progeni-

199 2298 340 2336 toribus
357 2301 469 2338 traxit
481 2301 662 2352 originem
677 2307 712 2339 et
724 2302 800 2340 suis
817 2303 974 2340 servitiis
992 2307 1028 2339 et
1043 2302 1213 2352 gratiosis
1232 2302 1370 2339 moritis
1385 2302 1483 2352 apud
1503 2315 1560 2339 me
1578 2307 1723 2351 gratnm

236 2418 243 2432 ¹
266 2418 340 2444 Cette
354 2418 431 2444 lettre
446 2418 486 2444 sut
499 2419 687 2446 vraiscmblabl
690 2428 765 2445 iiiiii
769 2423 777 2446 t
791 2420 912 2446 adr-essee
927 2427 975 2454 par
990 2420 1013 2445 la
1029 2423 1156 2446 comesse
1171 2419 1329 2453 Margum-iu·
1345 2418 1357 2443 ξι
1374 2418 1500 2450 Gregoirc
1514 2419 1546 2444 λ.
