2184 3074
465 293 539 332 372
1014 289 1176 328 eonssx
1199 289 1447 328 DUNENSIS.

468 414 596 447 nostro
614 409 641 446 C
660 409 773 446 libras
794 408 1044 453 Turonenses,
1063 411 1190 443 tenore
1208 406 1457 457 praesentium
1477 407 1735 458 promittentes
1755 409 1857 460 quod
1881 422 1996 460 pecu-

464 468 568 505 -niam
587 479 797 505 concessam
819 469 950 502 mutuo
968 478 1088 515 usque
1106 465 1152 502 ad
1170 477 1354 502 summam
1375 465 1602 516 praedictam
1625 465 1792 516 ejusdem
1817 468 1997 518 pecuniae

468 526 640 563 creditori
671 538 735 562 seu
760 523 1008 561 creditoribus
1033 526 1243 573 praesentes
1268 522 1406 560 litteras
1430 535 1516 560 eum
1540 523 1617 561 suis
1643 523 1774 562 litteris
1797 529 1834 562 et
1858 524 1998 563 instru-

469 589 593 621 mento
618 583 771 634 publico
793 581 881 619 inde
904 581 1202 632 relinquentibus
1229 582 1324 618 sacto
1346 582 1537 623 communi
1562 582 1771 632 integritate
1799 583 1996 621 reddemus

468 645 674 683 secundum
692 642 955 681 conventiones
969 642 1113 680 habitas
1132 642 1229 679 inter
1246 642 1356 693 ipsos.
1373 643 1525 689 Datum,
1541 647 1609 680 ete.

1176 766 1289 777 —-0-—

1179 897 1295 936 ocu.

540 1017 679 1053 Leures
703 1015 747 1052 de
771 1014 1024 1065 saus-conduc?
1047 1013 1204 1051 denudes
1224 1026 1302 1063 par
1326 1013 1365 1051 la
1389 1019 1556 1052 comtesse
1582 1014 1809 1065 Mar-querite
1832 1015 1856 1053 ἁ
1880 1029 1933 1054 un

1083 1072 1127 1109 de
1151 1083 1207 1109 aes
1231 1072 1393 1122 envoyes.

520 1267 707 1306 Universis
735 1266 984 1317 principibus,
1015 1265 1238 1312 baronibus,
1265 1264 1473 1311 nobilibus,
1504 1265 1704 1313 militibus,
1724 1265 1934 1316 justitiariis
1963 1271 2000 1306 et

470 1325 713 1375 potestatibus
737 1324 783 1361 ad
807 1338 902 1376 quos
923 1328 1132 1375 praesentes
1155 1323 1297 1360 litterae
1318 1323 1574 1374 pervenerint,
1593 1323 1812 1376 Margareta,
1833 1328 1901 1363 ete.

518 1384 610 1421 Cum
631 1397 698 1421 nos
725 1383 834 1420 talem
856 1383 1030 1420 nuntium
1050 1387 1217 1419 nostrum
1243 1382 1395 1419 latorem
1422 1382 1669 1433 praesentium
1689 1383 1736 1420 ad
1762 1383 1996 1421 karissimum

469 1443 588 1480 filium
606 1448 774 1480 nostrum
793 1442 850 1487 G,
868 1447 949 1489 etc.‚
968 1442 1006 1479 in
1025 1441 1281 1479 transmarinis
1299 1446 1465 1492 agentem
1494 1441 1678 1492 partibus,
1703 1442 1759 1479 vel
1786 1442 1833 1479 ad
1859 1443 1999 1481 Roma-

468 1515 553 1539 nam
572 1501 712 1538 euriam
738 1501 795 1538 vel
821 1500 910 1537 alibi
936 1500 1236 1546 transmittimus,
1261 1499 1504 1537 Dilectionem
1525 1499 1688 1538 Vestram
1715 1500 1941 1551 requirimus
1964 1505 1999 1539 et

467 1572 639 1610 rogamus
656 1559 832 1609 quatinus
855 1558 990 1609 singuli
1013 1563 1178 1596 vestrum
1205 1558 1341 1604 eidem,
1361 1571 1446 1595 cum
1468 1571 1581 1609 super
1598 1557 1669 1595 hoc
1688 1571 1753 1596 vos
1771 1558 1998 1610 requisierit,

462 1631 634 1655 securum
657 1617 882 1654 conductum
907 1617 1020 1654 eundi
1050 1621 1086 1653 et
1110 1616 1290 1654 redeundi
1317 1621 1353 1653 et
1377 1615 1546 1654 morandi
1575 1629 1641 1666 per
1671 1620 1805 1653 terram
1836 1620 1995 1667 vestram

465 1689 590 1714 amore
609 1676 723 1713 nostri
743 1675 920 1726 praebere
933 1675 1064 1712 velitis.

1194 1782 1308 1792 40—-

1171 1912 1301 1950 CCLll.

518 2032 575 2068 La
601 2036 767 2070 comtesse
794 2030 1017 2080 lllarquerite
1042 2030 1207 2079 exprime
1233 2029 1264 2066 le
1290 2028 1390 2066 desir
1415 2029 1459 2066 de
1484 2029 1644 2066 receuoir
1670 2028 1732 2065 des
1757 2025 1939 2064 nouvelles

589 2085 600 2098 ⁸
1026 2087 1070 2124 de
1096 2087 1132 2124 la
1164 2088 1277 2124 Terre
1300 2087 1437 2129 Sainte.

512 2281 567 2318 De
589 2286 685 2318 statu
705 2281 853 2319 Vestrae
870 2281 1137 2328 Excellentiae,
1162 2294 1273 2331 quem
1295 2280 1482 2318 Dominus
1498 2292 1565 2317 sua
1587 2279 1705 2330 gratia
1723 2289 1943 2328 prosperum
1961 2280 1996 2314 et

461 2339 669 2388 jocundum
694 2341 818 2386 faeiat,
849 2340 978 2376 audire
1009 2340 1128 2377 bonos
1163 2352 1332 2376 rumores
1367 2343 1444 2376 toto
1477 2337 1662 2375 desiderio
1695 2336 1921 2380 affectantes,
1945 2334 1994 2371 ad

466 2396 633 2434 Vestram
662 2397 915 2434 sinceritatem
941 2398 1049 2434 talem
1081 2397 1282 2444 mittimus,
1300 2410 1366 2435 vos
1392 2401 1562 2447 rogantes
1587 2399 1723 2433 attente
1746 2393 1923 2444 quatinus
1946 2391 1993 2428 de

2178 1327 2184 1374 ....,
2159 331 2184 1308 ,ᾼ-ῌ-ῃΜ-ι-Μωψ-ε-
2175 285 2184 319 Α.
2180 185 2184 242 ..
2174 157 2184 174 η
2176 131 2184 146 2*
2181 106 2184 115 a
2182 85 2184 93 ,
