2184 3074
490 334 562 373 424
1015 331 1176 370 CODEX
1201 332 1448 370 DUNENSIS.

492 453 698 503 praedictos
717 456 751 488 et
768 451 813 487 ad
833 462 962 487 eorum
988 449 1179 500 ecclesiam
1207 449 1409 499 pertinere,
1435 451 1623 501 nullisque
1645 451 1920 502 impetitoribus
1941 454 2023 491 aliis

491 511 626 548 debere
652 508 874 559 respondere
903 508 941 544 in
970 508 1105 558 aliquo*
1123 520 1234 557 super
1262 507 1369 544 terris
1403 508 1592 558 aliquibus
1617 509 1664 546 de
1694 510 1910 558 Ossenesse,
1937 525 2022 549 cum

492 582 614 606 coram
634 567 742 604 nobis
760 566 898 603 vocatis
925 565 997 602 hiis
1019 565 1085 615 qui
1111 565 1258 602 fuerant
1283 566 1462 602 evocandi
1481 567 1528 604 de
1549 580 1658 605 causa
1675 572 1712 605 et
1727 581 1858 606 causae
1884 570 2024 607 meritis

492 626 773 677 cognoverimus
790 629 822 661 et
844 623 1094 660 invenerimus
1114 623 1227 660 nullis
1249 623 1525 674 impetitoribus
1547 625 1609 675 jus
1627 631 1850 677 competere,
1878 628 1943 665 sed
1961 632 2025 666 aut

494 684 676 735 legitimae
694 682 892 733 emptionis
910 686 974 718 aut
991 681 1274 732 permutationis
1293 682 1401 719 titulo
1429 695 1494 719 seu
1518 683 1715 721 dicationis
1737 685 1888 723 nomine
1912 691 2025 724 tems

494 741 709 792 hujusmodi
736 740 996 791 acquisivisse,
1026 744 1139 790 prout
1168 740 1206 776 in
1233 740 1364 777 litteris
1392 753 1456 778 seu
1487 741 1741 780 instrumentis
1767 743 1854 781 inde
1880 756 1899 781 a
1924 744 2025 782 dicto

494 806 596 851 patre
614 805 740 837 nostro
758 798 935 836 consectis
953 799 1099 849 plenius
1124 798 1346 836 continetur.
1370 799 1417 836 Et
1441 804 1482 836 ut
1499 813 1612 851 super
1633 801 1844 851 praemissis
1865 807 1901 840 et
1917 815 2026 854 prae-

494 860 614 897 missis
632 858 788 909 singulis
802 858 979 895 adversus
999 857 1206 908 praedictos
1225 858 1396 895 abbatem
1415 863 1451 895 et
1464 863 1688 896 conventum
1706 864 1742 896 et
1759 873 1889 898 eorum
1906 862 2025 899 eccle—

493 920 585 956 siam
596 918 718 955 omnis
733 929 883 967 prorsus
893 921 1007 954 cesset
1020 917 1219 966 querulosa
1232 921 1268 953 et
1281 917 1536 967 calumpniosa
1550 918 1702 955 materia
1715 927 2026 972 quorumcunque

495 983 530 1014 ct
553 976 696 1014 occasio
719 975 950 1026 temporibus
974 975 1209 1021 successivis,
1235 975 1511 1026 praedictisque
1534 976 1643 1014 bonis
1668 977 1745 1014 sive
1757 977 1908 1026 juribus
1923 979 2025 1016 omni

496 1034 762 1085 tranquillitate
792 1033 977 1084 gaudeant
1007 1038 1042 1070 et
1071 1033 1180 1070 etiam
1211 1033 1312 1070 omui
1339 1047 1430 1083 pace
1459 1047 1527 1085 pro
1558 1036 1792 1082 auctoritate,
1823 1048 2027 1084 consensu,

497 1093 815 1139 corroboratione,
841 1097 897 1130 etc
917 1122 2025 1133 ...................

1202 1217 1297 1227 -ηομ

1174 1359 1357 1396 CCXClll.

498 1478 617 1513 Lettre
634 1476 677 1513 de
695 1475 856 1526 I’official
872 1475 915 1512 de
937 1476 1113 1525 Tournay
1137 1489 1216 1512 aux
1234 1478 1377 1525 pretres
1394 1481 1428 1513 et
1443 1475 1655 1525 chapelains
1679 1475 1723 1512 de
1739 1487 1806 1511 son
1825 1474 1960 1512 diocese
1977 1488 2027 1512 au

839 1535 935 1586 sajet
951 1534 1003 1571 du
1019 1539 1208 1571 teatament
1227 1533 1272 1572 de
1288 1534 1425 1571 Daniel
1438 1534 1482 1571 de
1500 1532 1683 1571 Bokerem.

546 1739 723 1777 officialis
745 1740 988 1777 Tornacensis
1012 1739 1188 1776 omnibus
1210 1738 1425 1789 presbiteris
1443 1743 1478 1775 et
1495 1737 1694 1789 capellanis
1713 1737 1752 1775 in
1769 1737 1918 1788 dyocesi
1936 1736 2031 1774 Tor-

502 1798 649 1835 nacensi
669 1798 879 1836 constitutis
897 1798 942 1835 ad
961 1811 1056 1849 quos
1070 1802 1279 1849 praesentes
1298 1797 1439 1834 litterae
1457 1796 1706 1847 pervenerint,
1726 1796 1880 1833 salutem
1899 1795 1939 1832 in
1953 1795 2031 1832 Do-

499 1870 613 1893 mino.

547 1915 705 1951 Gravem
733 1915 1014 1965 queremoniam
1044 1914 1251 1964 recepimus
1277 1913 1420 1950 domini
1450 1913 1615 1950 Danielis
1641 1911 1729 1948 dicti
1755 1912 1803 1948 de
1829 1910 2030 1956 Bokerem,

500 1973 647 2019 militis,
667 1972 775 2010 nobis
797 1973 972 2019 delatam,
995 1973 1247 2010 continentem
1274 1972 1377 2023 quod
1403 1971 1488 2008 licet
1511 1970 1702 2022 quondam
1725 1970 1783 2007 vir
1806 1969 1943 2007 nobilis
1961 1969 2031 2006 do-

499 2031 622 2068 minus
647 2031 691 2068 Y.
715 2031 761 2067 de
779 2031 979 2078 Bokerem,
1006 2032 1130 2078 miles,
1157 2030 1336 2082 praedicti
1364 2030 1507 2067 domini
1533 2029 1696 2066 Danielis
1720 2032 1840 2079 pater,
1866 2031 1951 2065 ante
1973 2028 2030 2065 sui

498 2090 712 2136 decessum,
736 2102 888 2140 compos
914 2103 1002 2127 suae
1024 2090 1158 2127 mentis
1182 2094 1218 2127 et
1242 2089 1413 2135 rationis,
1432 2088 1479 2125 de
1502 2088 1610 2125 honis
1633 2081 1709 2125 suis
1733 2087 1794 2137 pie
1813 2086 2031 2137 disponens,

498 2150 651 2199 cupiens
666 2149 775 2186 saluti
790 2149 935 2185 animae
949 2161 1036 2185 suae
1049 2147 1261 2199 providere,
1276 2150 1536 2184 testamentum
1552 2159 1661 2183 suum
1678 2144 1899 2191 condiderit,
1913 2139 2032 2182 suam-

499 2221 571 2257 que
592 2207 820 2245 ordinaverit
844 2208 1013 2245 ultimam
1033 2208 1279 2253 voluntatem,
1305 2207 1344 2243 in
1371 2219 1446 2256 qua
1469 2206 1593 2256 plures
1619 2205 1837 2242 elemosinas
1858 2209 1894 2241 et
1915 2204 2031 2254 legata

499 2265 669 2315 pluribus
691 2266 762 2315 piis
782 2266 872 2303 locis
894 2271 930 2303 et
955 2266 1231 2303 miserabilibus
1258 2264 1427 2315 personis
1451 2263 1619 2301 contulit.
1635 2267 1671 2299 et
1695 2262 1843 2313 legavit,
1868 2261 2033 2312 dictique

499 2324 555 2360 sui
576 2324 781 2360 testamenti
812 2329 930 2361 certos
956 2325 1156 2375 elegeritsset
1173 2323 1374 2361 instituerit
1388 2326 1619 2368 executores,
1634 2320 1806 2358 videlicet
1817 2319 2029 2371 religiosum

499 2382 620 2418 virum
643 2382 814 2419 abbatem
833 2383 1046 2420 monasterii
1070 2382 1116 2419 de
1138 2382 1304 2427 Thosan,
1327 2381 1524 2418 dominum
1542 2379 1752 2417 Johannem
1770 2379 1816 2416 de
1833 2377 2029 2423 Gandavo,

500 2439 746 2489 presbiterum
765 2440 889 2477 curiae
906 2441 953 2477 de
970 2440 1218 2490 Lisseweghe,
1237 2445 1273 2477 et
1287 2439 1490 2477 Weninum
1511 2438 1557 2475 de
1574 2437 1773 2483 Bokerem,
1787 2436 1926 2487 quibus
1943 2449 2030 2473 exe-
