2184 3074
480 358 552 395 456
1029 351 1188 389 CODEX
1215 350 1460 388 DUNENSlS.

1174 526 1338 564 CCCXV.

484 649 589 687 Bulle
613 648 656 685 de
684 646 844 684 Cle'ment
864 646 902 683 V
925 645 1089 682 adres-see
1112 655 1161 680 au
1185 642 1358 680 cardinal
1382 642 1557 680 Arnould
1582 642 1725 680 Novelli
1751 643 1775 680 ἀ
1799 655 1936 692 propos
1968 642 2012 680 de

532 707 688 744 certain-s
706 703 809 741 abbe's
827 703 973 753 anqlais
994 703 1060 752 qui
1083 701 1249 751 retia-sent
1274 700 1317 737 de
1341 712 1379 737 se
1401 700 1536 738 rendre
1552 713 1602 737 au
1619 699 1784 750 chapitre
1798 700 1952 752 yeneral
1967 700 2012 738 de

534 765 670 802 l’ordre
686 763 730 800 de
749 763 913 800 Citeaux.

532 949 657 985 Frater
676 946 880 993 Arnoldus,
897 946 1133 983 miseratione
1146 945 1273 982 divina
1292 946 1389 983 tituli
1408 945 1562 983 Sanctae
1575 945 1720 983 Priscae
1732 945 1913 996 presbiter
1929 957 2012 982 car-

483 1007 635 1051 dinalis,
654 1005 887 1056 Apostolicae
905 1004 1009 1041 Sedis
1028 1003 1201 1050 nuntius,
1220 1004 1266 1040 ad
1285 1008 1501 1054 perpetuam
1519 1003 1571 1041 rei
1590 1003 1819 1041 memoriam.

532 1065 790 1102 Saerosanctae
804 1064 990 1100 Romanae
1005 1062 1188 1099 Ecclesiae
1198 1075 1310 1113 quem
1325 1061 1576 1099 inscrutabilis
1589 1061 1738 1099 divinae
1752 1061 2008 1112 providentiae

483 1123 638 1161 altitudo
657 1122 837 1159 universis
856 1120 1035 1167 ecclesiis,
1059 1120 1301 1171 religionibus
1328 1125 1363 1157 et
1385 1120 1583 1157 ordinibus
1601 1120 1846 1170 dispositione
1865 1120 2009 1157 incom-

484 1181 654 1219 mutabili
672 1180 846 1231 praetulit
863 1179 1034 1230 regimini
1053 1179 1342 1229 praesidentem,
1357 1183 1502 1230 oportet
1519 1192 1607 1216 cura
1625 1179 1783 1216 sollicita
1801 1183 1836 1216 et
1855 1178 2014 1216 medita—

485 1241 586 1278 tione
603 1239 748 1277 assidua
767 1239 862 1275 inter
875 1242 1013 1275 caetera
1032 1237 1228 1287 providere
1245 1237 1348 1288 quod
1366 1237 1515 1274 ordines
1535 1237 1600 1288 qui
1620 1237 1658 1274 in
1677 1241 1802 1274 sancta
1823 1242 1911 1274 sunt
1927 1235 2015 1273 reli-

486 1299 596 1350 gione
631 1297 774 1334 fundati
800 1301 836 1333 et
865 1310 885 1333 a
911 1296 968 1333 sui
1000 1296 1227 1346 plantatione
1257 1308 1492 1346 progressum
1524 1309 1670 1346 semper
1699 1295 1738 1332 in
1769 1295 1835 1333 Dei
1867 1293 2016 1332 servitio

487 1357 718 1402 habuerunt,
738 1356 775 1392 in
790 1355 890 1406 pacis
904 1354 1171 1405 tranquillitate
1189 1359 1224 1391 et
1237 1354 1389 1391 unitatis
1403 1354 1612 1405 integritate
1629 1367 1671 1391 ac
1688 1354 1759 1391 sub
1783 1353 1908 1391 debita
1925 1353 2017 1391 ohe-

488 1415 624 1452 dientia
652 1413 917 1450 inviolabiliter
941 1417 1216 1449 conserventur.
1245 1412 1339 1450 Sane
1367 1412 1621 1450 sanctissimus
1650 1417 1754 1463 pater
1780 1417 1816 1449 et
1841 1411 2016 1449 dominus

488 1479 612 1510 noster
629 1472 804 1509 dominus
821 1471 989 1508 Clemens
1002 1500 1011 1517 ‚
1027 1471 1152 1507 divina
1167 1470 1401 1521 providentia
1415 1484 1510 1521 papa
1524 1471 1698 1522 quintus,
1716 1470 1914 1521 diligenter
1930 1481 2015 1507 con·

488 1533 653 1570 siderans
671 1530 774 1581 quod
794 1530 886 1567 ordo
906 1529 1159 1566 Cisterciencis
1187 1529 1287 1566 inter
1307 1529 1456 1566 ordines
1478 1534 1639 1566 caeteros
1657 1529 1696 1566 in
1715 1528 1772 1566 sui
1798 1528 2016 1566 fundatione

488 1595 655 1628 sanctum
678 1589 810 1626 habuit
833 1588 1022 1639 religionis
1052 1588 1200 1625 initium
1225 1593 1261 1625 et
1285 1602 1352 1639 per
1377 1593 1511 1626 statuta
1536 1588 1737 1639 regularia,
1762 1587 2017 1625 observantias

490 1649 692 1686 laudabiles
710 1652 743 1684 et
762 1647 1061 1693 consuetudines,
1078 1647 1215 1684 nedum
1230 1660 1297 1697 per
1309 1647 1591 1684 diuturnitatem
1614 1645 1805 1696 temporis,
1825 1645 1889 1683 sed
1907 1645 2017 1683 etiam

489 1721 555 1758 per
579 1706 785 1743 sanctiones
811 1705 1006 1743 canonicas
1037 1710 1072 1742 et
1102 1706 1358 1743 Romanorum
1396 1705 1616 1756 pontificum
1648 1705 1795 1742 diversa
1826 1703 2017 1756 privilegia

490 1765 708 1816 approbata,
735 1777 910 1814 magnum
929 1764 1108 1814 suscepit,
1127 1768 1349 1814 cooperante
1366 1763 1572 1809 Altissimo,
1592 1764 1880 1810 incrementum,
1907 1763 2016 1801 intel-

492 1825 584 1860 lecto
610 1823 710 1874 quod
739 1823 911 1859 nonnulli
941 1823 1092 1859 abbates
1119 1823 1285 1872 ejusdem
1303 1822 1556 1860 Cisterciensis
1575 1822 1718 1860 ordinis
1743 1822 1838 1859 infra
1861 1835 2016 1873 regnum

491 1882 644 1932 Angliae
678 1881 866 1918 constituti
896 1881 942 1918 ab
970 1880 1084 1930 hujus
1113 1881 1290 1918 institutis
1302 1910 1311 1926 ,
1342 1880 1586 1919 observantiis
1616 1885 1652 1918 et
1683 1881 2018 1918 consuetudinibus

491 1940 787 1990 circa‘quaedam
806 1940 954 1976 deviare
977 1945 1170 1983 conantum,
1194 1946 1229 1976 et
1242 1940 1376 1990 jugum
1399 1940 1630 1977 obedientiae
1651 1939 1753 1990 quod
1772 1939 1955 1977 veniendo
1973 1939 2020 1976 ad

491 1998 660 2050 generale
682 1998 904 2048 capitulum,
931 2003 1042 2048 prout
1067 1999 1289 2035 tenebantur
1312 2003 1348 2036 et
1374 2003 1557 2044 tenenturff
1582 1999 1619 2036 in
1643 1998 1866 2036 monasterio
1884 1998 2021 2035 Cister-

493 2057 605 2094 ciensi
630 2061 806 2107 tanquam
838 2057 874 2093 in
894 2070 1022 2094 eorum
1050 2062 1084 2093 et
1110 2057 1252 2094 ordinis
1276 2057 1395 2108 capite
1417 2071 1482 2095 seu
1505 2058 1645 2108 stipite,
1668 2060 1917 2108 agnoverunt,
1934 2055 2021 2107 qui-

493 2116 649 2152 busdam
670 2119 705 2151 et
724 2115 909 2152 interdum
928 2115 1136 2166 procuratis
1151 2115 1427 2167 impedimentis
1445 2130 1487 2154 ac
1505 2117 1720 2167 excogitatis
1738 2115 1934 2153 fraudibus
1949 2128 1970 2152 a
1984 2128 2022 2153 se

494 2174 638 2210 abicere
656 2174 881 2220 moliuntur,
899 2174 1042 2217 volens,
1061 2179 1103 2211 ut
1123 2175 1312 2222 convenit,
1330 2189 1442 2227 super
1460 2176 1531 2213 hoc
1553 2175 1692 2213 salubri
1712 2173 1877 2212 remedio
1895 2173 2023 2224 provi-

494 2233 599 2277 deret·
618 2245 700 2269 suas
716 2232 823 2269 nobis
842 2232 978 2269 direxit
995 2233 1214 2283 apostolicas
1233 2234 1371 2271 litteras
1390 2235 1427 2271 in
1446 2234 1535 2271 haec
1553 2234 1664 2271 verba
1684 2249 1691 2270 :

545 2290 712 2326 Clemens
742 2290 955 2340 episcopus,
979 2304 1105 2328 servus
1134 2304 1325 2329 servorum
1349 2293 1433 2337 Dei,
1461 2293 1594 2330 dilecto
1619 2292 1696 2330 filio
1728 2291 1895 2329 Arnoldo
1925 2290 2021 2328 tituli

497 2348 808 2385 Sanctae‘Priscae
826 2349 1031 2398 presbitero
1050 2350 1246 2397 cardinali,
1267 2351 1498 2401 Apostolicae
1517 2351 1620 2389 Sedis
1640 2350 1788 2397 nuntio,
1810 2350 1965 2388 salutem
1987 2354 2023 2386 et

497 2406 735 2456 apostolicam
753 2407 1061 2444 benedictionem.

547 2465 602 2502 Ad
622 2466 735 2502 nostri
763 2466 987 2515 apostolatus
1010 2468 1179 2517 pervenit
1200 2469 1368 2505 auditum
1388 2468 1489 2519 quod
1510 2468 1680 2506 nonnulli
1705 2468 1856 2506 abbates
1878 2467 2022 2504 ordinis
