2184 3074
461 354 533 392 114
1015 354 1177 392 CODEX
1203 353 1452 392 DUNENSIS.

510 472 709 522 Propterea
733 486 819 509 cum
845 485 1000 508 munera
1026 471 1209 522 quaedam
1237 474 1325 507 sunt
1349 470 1515 517 sordida,
1545 470 1730 520 quaedam
1757 471 1928 518 honesta,
1955 471 2003 509 ab

461 531 563 567 omni
582 531 733 568 sordido
753 530 931 567 immunis
948 535 1002 567 est
1018 529 1193 567 Ecclesia.
1214 530 1462 566 Honestorum
1489 528 1673 580 quaedam
1692 534 1780 567 sunt
1797 530 2003 577 ordinaria,

459 590 643 640 quaedam
669 589 985 626 extraordinaria:
1009 589 1055 625 ad
1079 588 1306 626 ordinariam
1332 588 1629 625 munerationem
1657 601 1782 625 rerum
1808 588 1866 625 vel
1886 588 2004 639 patri-

463 648 676 685 moniorum
696 653 843 685 tenetur
860 648 1043 693 Ecclesia,
1062 647 1109 684 ab
1129 647 1206 684 istis
1225 660 1335 684 nemo
1352 660 1391 684 se
1408 650 1569 684 excusat.

508 708 589 744 Alia
613 712 736 744 autem
757 707 965 758 personalia
989 711 1172 743 vocantur
1203 707 1354 756 angaria
1388 706 1447 743 ‘vel
1477 705 1694 756 perangaria
1721 705 1769 742 ad
1797 719 1892 756 quae
1917 719 2004 757 per-

457 779 569 804 sonae
590 766 857 803 ecclesiasticae
877 779 953 803 non
973 770 1164 812 tenentur,
1180 765 1251 802 nisi
1271 765 1317 801 ad
1335 778 1530 802 murorum
1548 764 1705 815 vigilias.
1724 764 1782 802 Ad
1795 765 2004 803 extraordi—

459 826 578 870 naria,
604 838 851 875 quaecunque
875 825 950 866 sint
974 825 1056 870 illa,
1086 825 1164 861 sive
1197 823 1410 874 pertineant
1427 823 1474 861 ad
1493 823 1684 874 publicam
1702 823 1900 861 utilitatem
1926 824 2003 862 sive

457 883 628 934 pietatem
655 883 713 919 vel
739 883 992 927 voluntatem,
1021 895 1099 920 non
1127 886 1274 919 tenetur
1302 882 1488 929 Ecclesia,
1514 882 1585 919 nisi
1617 882 1834 919 auctoritate
1864 883 2002 920 summi

455 941 643 993 pontificis
681 941 738 979 sui
764 941 946 992 principis
988 941 1064 979 sint
1093 941 1253 988 indicta,
1287 942 1376 992 quia
1409 941 1477 979 ista
1508 945 1597 979 sunt
1625 940 1877 991 superindicta
1907 955 2025 992 quaer

455 1012 601 1049 semper
618 1004 706 1036 sunt
721 999 931 1050 prohibita,
951 999 1022 1037 nisi
1041 1000 1238 1036 accedente
1259 999 1440 1050 principis
1457 999 1659 1036 voluntate.

505 1057 694 1105 Quaedam
723 1062 846 1095 tamen
876 1071 1032 1095 munera
1061 1058 1287 1096 necessitatis
1316 1062 1352 1095 et
1378 1057 1526 1109 pietatis
1550 1057 1745 1108 excipiunt
1774 1057 1925 1108 legistae
1955 1057 2001 1094 ad

457 1115 738 1152 instructionem
770 1116 975 1163 bonorum,
1003 1116 1298 1166 redemptionem
1326 1115 1579 1167 captivorum,
1602 1119 1638 1152 et
1664 1115 1797 1152 dicunt
1821 1113 1924 1166 quod
1955 1115 2003 1152 ad

456 1173 546 1210 haec
567 1178 713 1211 tenetur
738 1175 911 1220 ecclesia3
939 1175 1031 1212 haec
1058 1179 1180 1212 tamen
1208 1175 1384 1211 videntur
1411 1174 1617 1212 immutata.
1645 1173 1703 1211 Ab
1729 1174 1802 1212 hiis
1825 1174 2002 1212 omnibus

456 1233 654 1270 subventio
673 1233 837 1271 ecclesiis
857 1234 1076 1271 auctoritate
1094 1234 1188 1284 regis
1206 1233 1379 1284 imposita
1397 1233 1557 1270 multum
1574 1237 1629 1270 est
1644 1233 1775 1269 aliena.

504 1292 650 1339 Quibus
677 1292 886 1330 rationibus
912 1297 948 1330 et
973 1293 1055 1330 aliis
1087 1306 1181 1343 quas
1212 1293 1383 1343 suppleat
1408 1296 1527 1329 vestra
1553 1291 1755 1342 paternitas
1785 1291 2003 1339 reverenda,

456 1350 616 1401 petimus
639 1355 675 1387 et
700 1351 956 1401 supplicamus
984 1365 1052 1388 nos
1082 1351 1234 1388 abbates
1260 1355 1386 1388 nostro
1412 1355 1448 1387 et
1469 1350 1645 1387 ecclesiae
1672 1354 1820 1387 nostrae
1851 1351 2003 1388 nomine

456 1408 558 1458 quod
585 1409 803 1459 supplicetis
830 1409 1011 1459 majestati
1031 1409 1172 1459 regiae,
1191 1409 1252 1446 cui
1271 1421 1417 1459 semper
1436 1408 1507 1445 suit
1524 1421 1702 1458 magnum
1721 1408 1888 1446 studium
1913 1409 2002 1447 uni-

457 1471 566 1504 tatem
577 1467 811 1517 Apostolicae
830 1468 934 1506 Sedis
953 1472 1216 1515 etnsanctarum
1235 1467 1303 1505 Dei
1324 1467 1561 1504 ecclesiarum
1581 1466 1782 1514 custodire,
1800 1472 1842 1504 ut
1859 1480 1878 1504 a
1897 1472 2000 1506 tanto

456 1539 568 1562 onere
589 1526 856 1576 superinducto
881 1527 1044 1565 ecclesiis
1075 1527 1210 1565 nostris
1236 1527 1388 1564 desistat
1410 1526 1558 1577 penitus
1577 1530 1612 1563 et
1632 1526 1813 1576 quiescat,
1838 1539 1906 1563 nec
1933 1540 2001 1565 nos

456 1585 502 1622 ad
522 1585 559 1621 id
575 1586 805 1636 compellatis
824 1586 888 1624 sed
907 1587 1068 1624 totaliter
1086 1587 1289 1632 desistatis,
1313 1586 1401 1636 quia
1427 1586 1506 1623 sine
1534 1585 1752 1622 auctoritate
1770 1590 1806 1622 et
1825 1585 2001 1623 mandato

457 1644 593 1681 summi
620 1644 808 1693 pontificis
834 1646 941 1695 cujus
968 1650 1056 1683 sunt
1079 1646 1229 1696 penitus
1252 1645 1350 1682 bona
1377 1649 1518 1690 nostra,
1545 1643 1743 1681 monitioni
1770 1649 1806 1681 et
1828 1645 1999 1695 petitioni

456 1706 597 1739 vestrae
614 1716 742 1753 parere
760 1717 836 1741 non
855 1717 1070 1754 possumus,
1086 1717 1153 1741 nec
1167 1704 1366 1751 debemus,
1380 1716 1449 1740 nec
1466 1702 1576 1740 etiam
1595 1702 1866 1748 consentimus;
1884 1702 2000 1741 immo

458 1761 496 1797 in
515 1766 698 1811 quantum
716 1762 761 1799 de
776 1763 861 1812 jure
876 1763 1061 1813 possimus
1081 1762 1370 1800 contradicimus
1390 1775 1436 1798 ne
1454 1761 1500 1814 de
1520 1761 1763 1812 negligentia,
1781 1762 1947 1812 perJurio
1965 1766 2002 1800 et

458 1817 710 1857 inobedientia
729 1822 916 1860 valeamus
933 1821 1224 1872 dampnabiliter
1242 1820 1477 1871 reprehendi.

1175 1928 1286 1937 *Q*

1144 2041 1306 2079 LXXIX.

464 2129 701 2166 Mandement
719 2129 764 2166 de
780 2128 892 2167 l'abbe'
909 2130 953 2167 de
975 2130 1182 2168 Clairvauoe
1205 2143 1274 2168 sur
1301 2131 1351 2168 les
1378 2137 1480 2168 laxes
1505 2131 1788 2181 ecclesiastiques
1814 2130 2001 2168 accorde'es

1043 2202 1092 2226 au
1119 2190 1178 2226 roi
1204 2189 1248 2226 de
1275 2190 1431 2226 France.

508 2350 636 2387 Frater
653 2352 708 2398 G,
720 2352 841 2390 dictus
860 2353 974 2390 abbas
993 2353 1406 2401 Claraevallis,salutem
1421 2359 1456 2391 et
1470 2354 1634 2391 fructum
1649 2353 1882 2391 obedientiae
1900 2353 2002 2390 salu-

458 2413 586 2446 tarem.

509 2468 602 2504 Cum
621 2468 790 2505 omnium
809 2468 1140 2507 ecclesiasticorum
1159 2470 1394 2517 reddituum,
1409 2475 1660 2521 proventuum
1678 2474 1715 2507 et
1731 2469 2000 2507 obventionum
