2184 3074
469 295 545 334 590
1019 292 1179 330 CODEX
1206 293 1449 331 DUNENSIS.

472 415 549 453 bite
565 417 864 466 praegravatum,
882 417 917 450 et
941 413 1075 450 timens
1092 412 1342 450 verisimiliter
1363 425 1412 450 ne
1430 413 1591 464 amplius
1614 417 1787 464 gravetur
1809 415 1849 452 in
1872 419 1996 466 poste-

470 487 553 511 rum
585 478 621 510 et
644 485 690 510 ne
715 476 842 509 contra
869 472 991 522 ipsum
1021 482 1096 508 non
1122 471 1293 516 citatum,
1320 483 1395 508 non
1422 471 1650 519 confessum,
1678 473 1994 513 nonconvietum

469 531 676 582 procedatis
701 543 765 567 seu
782 529 932 581 procedi
952 529 1110 576 faciatis,
1130 529 1312 567 mandetis
1337 533 1399 566 aut
1418 530 1656 580 permittatis,
1674 530 1870 568 occasione
1886 536 1996 582 prae-

470 590 667 626 missorum
690 588 896 634 monendo,
917 587 1275 625 excommunicando
1293 587 1350 624 vel
1367 587 1474 625 aliter
1494 588 1770 639 compellendo,
1789 601 1854 626 seu
1867 589 1994 639 ‘ipsum

469 647 507 683 in
528 659 683 698 persona
701 647 758 684 vel
779 647 817 683 in
835 646 944 684 bonis
962 646 1038 683 suis
1055 645 1304 692 molestando,
1324 649 1451 683 contra
1466 645 1529 696 jus
1549 647 1607 683 vel
1621 647 1805 696 justitiam
1823 650 1886 684 aut
1898 647 1995 697 juris

469 705 599 742 ordine
617 717 692 741 non
711 709 874 751 servato⁷
892 717 956 741 seu
978 703 1178 754 quicquam
1205 703 1374 740 faciendo
1399 704 1454 740 vel
1484 703 1562 740 fleri
1588 704 1800 742 mandando
1819 717 1883 743 seu
1908 715 1995 757 per-

467 763 648 800 mittendo
670 763 772 813 quod
797 763 845 800 sit
867 767 931 800 aut
951 763 1161 800 redundare
1178 763 1295 813 possit
1314 763 1352 799 in
1369 762 1523 813 praefati
1550 764 1692 801 domini
1710 765 1783 801 mei
1801 765 1842 803 L.
1860 766 1995 818 damp—

468 833 574 867 num,
588 820 859 871 praejudicium
874 821 932 857 vel
949 833 1162 871 gravamen,
1182 820 1227 856 ad
1249 821 1372 857 sedem
1402 821 1619 858 Remensem
1647 822 1798 859 nomine
1824 823 1941 874 ipsius
1958 828 1996 861 et

466 892 532 930 pro
551 879 631 929 ipso
652 879 690 916 in
707 879 779 916 hiis
797 879 942 930 scriptis
961 892 1123 930 provoco
1140 884 1176 933 et
1189 879 1336 930 appello
1353 884 1390 917 et
1402 880 1588 930 apostolos
1606 880 1699 917 mihi
1719 880 1798 918 dari
1817 881 1996 920 instanter

467 942 551 988 peto
570 942 605 974 et
623 937 755 974 iterum
775 941 871 988 peto.
890 937 1009 985 Quos,
1029 937 1117 988 quia
1139 937 1232 974 mihi
1252 950 1327 974 non
1346 937 1460 984 datis,
1480 938 1612 975 iterum
1630 938 1677 975 ab
1699 938 1769 976 hoe
1782 941 1995 990 gravamine

467 996 513 1032 ad
531 996 697 1032 eamdem
724 995 848 1032 sedem
875 995 913 1032 in
938 995 1010 1032 hiis
1028 996 1174 1046 scriptis
1196 996 1359 1046 appella,
1378 997 1583 1046 praefatum
1603 997 1798 1034 dominum
1817 1011 1941 1036 meum
1959 1002 1996 1036 et

466 1053 536 1091 sibi
563 1053 800 1091 adhaerentes
819 1067 861 1090 ac
879 1066 945 1090 sua
962 1058 998 1090 et
1014 1053 1085 1091 sibi
1104 1054 1385 1091 adhaerentium
1404 1054 1503 1091 bona
1521 1054 1640 1091 dictae
1658 1055 1754 1092 sedis
1772 1052 1992 1105 protectioni

465 1126 678 1163 supponens
704 1117 739 1149 et
761 1117 968 1163 protestans
993 1112 1039 1149 de
1058 1113 1191 1149 iterum
1210 1113 1450 1163 provocando
1467 1117 1503 1150 et
1519 1113 1742 1164 appellando
1760 1118 1796 1151 et
1813 1125 1993 1164 provoca—

465 1172 602 1208 tionem
630 1184 694 1208 seu
725 1171 1009 1221 appellationem
1037 1170 1270 1217 innovando,
1288 1170 1517 1221 publicando
1543 1175 1579 1208 et
1604 1171 1832 1209 notificando
1850 1173 1910 1210 cui
1933 1174 1992 1211 Vel

464 1229 616 1280 quibus7
635 1229 786 1280 quando
812 1232 847 1265 et
874 1229 940 1266 ubi
959 1228 1071 1265 suerit
1087 1232 1315 1279 oportunum
1343 1232 1379 1265 et
1404 1232 1446 1265 ut
1471 1228 1518 1265 de
1536 1228 1621 1278 jure
1643 1230 1700 1266 vel
1725 1231 1993 1269 consuetudine

462 1288 573 1324 suerit
590 1287 800 1324 faciendum
812 1317 821 1335 ,
839 1288 909 1325 sub
927 1288 1125 1324 astantium
1145 1287 1356 1324 testimonio
1378 1300 1634 1338 personarum.
1658 1289 1791 1326 Actum
1809 1294 1846 1327 et
1863 1289 1991 1328 datum

463 1359 581 1393 anno,
607 1346 830 1392 indictione,
855 1350 999 1392 mense,
1025 1346 1101 1393 die,
1128 1346 1365 1396 pontificatu,
1396 1346 1486 1383 locis
1514 1350 1550 1383 et
1573 1347 1830 1396 praesentibus
1857 1361 1990 1399 supra-

462 1405 570 1442 dictis
584 1398 738 1442 testibu‘s
756 1405 802 1442 ad
821 1404 891 1442 hoc
909 1404 1047 1442 vocatis
1066 1405 1274 1455 specialiter
1290 1408 1325 1442 et
1346 1405 1490 1455 rogatis.
1975 1420 1977 1422 ’

1175 1528 1289 1539 -οοῡ-

1119 1670 1338 1707 CCLXVlll.

514 1789 756 1826 Protestation
775 1789 940 1826 adv-essee
956 1789 979 1825 ἁ
997 1788 1153 1838 Ιέὐιέᾳαε
1170 1788 1213 1825 de
1235 1788 1413 1837 Tournay
1433 1794 1555 1825 contre
1573 1787 1604 1825 le
1616 1793 1814 1837 payement
1828 1787 1937 1824 d’une
1983 1816 1986 1817 γ

1011 1846 1108 1883 dime
1125 1846 1432 1884 extraordinaire.

504 2040 635 2076 Coram
653 2040 777 2086 vobis,
791 2040 990 2077 reverende
1008 2044 1128 2090 pater⁷
1146 2039 1298 2076 domine
1315 2040 1381 2076 Dei
1398 2039 1514 2089 gratia
1532 2037 1775 2075 Tornacensis
1793 2036 1983 2086 episeopo,

456 2111 624 2148 propono
651 2103 686 2135 et
709 2099 793 2135 dico
816 2112 883 2149 ego
903 2102 1123 2149 procurator
1141 2098 1222 2135 talis
1243 2098 1346 2148 quod
1369 2098 1454 2134 licet
1470 2095 1787 2135 totiCisterciensi
1812 2093 1935 2132 ordini
1961 2106 1984 2130 a

456 2155 549 2193 Sede
576 2156 785 2206 Apostolica
813 2157 860 2193 sit
886 2156 1073 2192 indultum
1091 2155 1193 2206 quod
1220 2156 1298 2206 ipse
1322 2155 1415 2193 ordo
1442 2155 1498 2192 vel
1531 2154 1647 2205 aliqui
1678 2154 1725 2190 de
1750 2152 1882 2190 ordine
1906 2161 1983 2188 non

455 2219 648 2251 teneantur
677 2215 722 2251 ad
755 2228 850 2251 onus
879 2215 1036 2264 alicujus
1069 2214 1282 2264 repentinae
1308 2227 1350 2250 ac
1381 2213 1695 2250 extraordinariae
1723 2211 1888 2248 decimae
1918 2221 1982 2247 scu

455 2272 602 2309 alterius
620 2273 837 2319 exactionis,
855 2273 1134 2322 inhibitumque
1151 2272 1284 2309 existat
1301 2285 1367 2323 per
1384 2272 1531 2309 easdem
1557 2268 1806 2320 indulgentias
1831 2279 1982 2305 monas-

455 2331 571 2376 ter-iis7
588 2331 676 2368 locis
696 2335 731 2368 et
748 2332 856 2369 bonis
875 2332 991 2381 ipsius
1007 2331 1149 2368 ordinis
1163 2331 1210 2367 de
1224 2336 1366 2368 caetero
1386 2329 1601 2380 huJusmodi
1618 2329 1800 2366 decimam
1819 2331 1856 2363 et
1869 2337 1981 2362 exae-

455 2389 590 2425 tionem
602 2418 610 2434 ,
626 2402 851 2439 quoeunque
865 2394 1082 2427 censeantur
1100 2390 1264 2435 nomine„
1281 2389 1422 2439 imponi
1438 2402 1502 2426 seu
1517 2388 1614 2438 exigi
1629 2387 1700 2425 sub
1717 2385 1846 2436 quavis
1861 2385 1977 2421 forma
