2184 3074
435 257 509 294 254
989 253 1148 290 CODEX
1177 253 1275 290 DUN
1279 253 1336 289 EN
1342 253 1420 290 SlS.

482 373 537 410 Ex
563 378 665 424 parte
692 376 754 407 tua
781 371 851 407 fuit
875 369 1110 420 propositum
1139 381 1262 405 coram
1290 368 1400 404 nobis
1423 368 1526 418 quod
1550 369 1721 406 nonnulli
1748 369 1912 408 filiorum
1937 376 1973 409 et

434 431 594 468 tiliarum
614 435 779 474 tuorum7
799 428 995 473 abbatum,
1017 427 1288 463 abbatissarum
1314 426 1625 463 monasteriorum
1649 426 1718 463 tibi
1737 427 1894 465 mediate
1914 430 1972 467 vel

434 488 647 525 immediate
669 486 939 535 subjectorum,
966 484 1160 531 monachi,
1186 484 1383 530 moniales,
1410 483 1578 521 conversi
1605 490 1641 522 et
1663 497 1880 532 conversae⁷
1903 500 1972 537 pro

433 546 593 582 violenta
620 557 798 581 manuum
835 543 1035 593 injectione
1060 544 1099 580 in
1125 556 1164 580 se
1191 542 1292 594 ipsos
1317 547 1354 579 et
1378 542 1517 593 seipsas
1540 542 1698 580 invicem
1724 548 1761 580 et
1784 544 1973 595 religiosas

433 604 522 641 alias
541 616 715 654 personas
734 607 770 638 et
788 602 941 638 clericos
959 601 1142 638 seculares
1161 600 1200 637 in
1218 613 1398 637 canonem
1415 600 1509 637 latae
1526 601 1727 639 sententiae
1742 601 1973 650 inciderunt,

432 662 546 712 aliqui
562 674 648 698 vero
667 675 711 697 ex
731 660 821 711 ipsis
839 664 875 696 et
893 659 1041 710 aliquae
1059 672 1128 710 pro
1147 659 1311 695 detectae
1332 659 1504 710 propriae
1523 660 1810 710 conspirationis
1833 662 1971 700 offensa

432 720 606 769 denegata
622 719 688 755 tibi
708 723 744 754 et
761 718 842 754 aliis
858 718 935 755 suis
951 717 1124 768 praelatis
1138 721 1174 754 et
1187 717 1444 768 superioribus
1458 717 1670 756 obedientia
1683 720 1972 770 transgressione

430 781 651 814 statutorum
679 776 797 826 ipsius
822 775 966 812 ordinis
992 780 1028 812 et
1057 775 1215 812 aliorum
1241 776 1476 826 superiorum
1503 789 1657 814 suorum
1684 782 1721 814 et
1743 779 1970 829 regularium

431 835 690 872 mandatorum
717 833 1114 871 excommunicationis
1145 834 1345 871 sententias
1373 834 1613 872 incurrerunt
1633 839 1670 872 et
1703 837 1902 875 sententias
1931 838 1971 875 in

431 895 519 933 tales
537 893 757 945 generaliter
774 893 1046 943 promulgatas³
1061 894 1186 944 plures
1200 893 1310 931 etiam
1325 907 1370 931 ex
1382 894 1434 931 eis
1447 893 1529 931 aliis
1541 894 1614 931 sibi
1632 895 1918 933 assentientibus
1931 898 1971 934 in

431 955 519 1005 ipsis
547 953 679 990 ordine
705 958 741 990 et
771 953 1004 990 monasteriis
1030 954 1290 1003 symoniacum
1317 953 1530 991 habuerunt
1556 954 1781 1005 ingressum,
1808 968 1970 1006 quorum

430 1012 583 1062 quidam
603 1011 656 1048 sic
674 1011 774 1061 ligati
799 1011 949 1048 ordines
972 1017 1212 1062 receperunt,
1235 1012 1496 1050 ministrarunt
1514 1012 1552 1050 in
1571 1012 1661 1064 ipsis
1679 1017 1715 1050 et
1731 1013 1821 1051 alias
1841 1027 1880 1051 se
1898 1014 1971 1051 im-

430 1070 612 1107 miscuere
630 1070 780 1106 divinis.
802 1071 922 1120 Super
938 1070 1079 1120 quibus
1105 1075 1282 1121 tanquam
1304 1075 1432 1121 pastor
1455 1071 1635 1122 providus
1661 1071 1708 1108 de
1732 1072 1970 1110 subditorum

431 1128 776 1172 salute'sollicitusq
809 1142 855 1165 ne
886 1133 1013 1166 contra
1045 1130 1348 1167 constitutionem
1380 1130 1497 1167 felicis
1531 1131 1798 1168 recordationis
1827 1131 1971 1168 domini

431 1187 612 1224 Bonisacii
632 1188 751 1224 octavi
771 1201 888 1238 papae
907 1188 1087 1238 evagandi
1107 1188 1269 1225 habeant
1287 1188 1494 1235 materiam,
1514 1188 1717 1240 supplicari
1741 1189 1878 1227 fecistis
1899 1188 1973 1226 hu-

430 1245 568 1282 militer
586 1246 639 1283 eis
657 1259 724 1297 per
745 1246 876 1284 Sedem
893 1247 1145 1297 Apostolicam
1166 1247 1456 1285 misericorditer
1474 1247 1674 1298 provideri.
1697 1247 1771 1286 Nos
1789 1247 1903 1298 igitur
1927 1261 1974 1286 ex

431 1305 553 1341 favore
579 1305 644 1355 qui
673 1305 842 1356 religioni
862 1305 1030 1352 debetur7
1054 1306 1272 1343 auctoritate
1290 1306 1432 1343 domini
1455 1319 1573 1357 papae
1597 1306 1703 1356 cujus
1725 1306 1974 1357 poenitentiae

429 1377 555 1400 curam
582 1364 763 1414 gerimus7
796 1368 880 1401 tuae
913 1364 1127 1401 discretioni
1156 1365 1425 1402 committimus
1451 1369 1634 1416 quatenus
1662 1365 1861 1416 praedictis
1892 1378 1972 1403 ma-

431 1435 547 1459 nuum
571 1422 814 1471 injectoribus
840 1427 876 1459 et
899 1422 1170 1472 injectricibus,
1197 1423 1262 1473 qui
1285 1428 1321 1460 et
1347 1436 1444 1474 quae
1462 1423 1501 1460 in
1529 1436 1567 1460 se
1588 1423 1765 1470 invicem,
1790 1427 1877 1469 etc.7
1898 1423 1972 1461 illis

431 1495 517 1518 vero
542 1482 607 1532 qui
631 1482 669 1518 in
697 1482 889 1532 religiosos
916 1482 1008 1519 alios
1030 1482 1086 1519 vel
1115 1482 1205 1519 alias
1227 1482 1491 1520 ecclesiasticas
1517 1482 1595 1519 sive
1619 1482 1771 1520 clericos
1791 1482 1972 1520 seculares

432 1554 564 1578 manus
584 1541 795 1578 temerarias
815 1542 1023 1590 injecerunt
1044 1555 1111 1592 per
1129 1546 1163 1578 te
1182 1555 1223 1578 ac
1243 1555 1373 1578 eorum
1393 1542 1575 1592 praelatos
1598 1545 1683 1591 post
1703 1547 1972 1592 competentem

432 1598 717 1636 satisfactionem
739 1599 915 1649 injuriam
934 1601 1051 1651 passis
1070 1600 1274 1637 exhibitam
1294 1614 1336 1637 ac
1354 1600 1436 1637 aliis
1450 1600 1780 1637 excommunicatis
1795 1613 1840 1637 ex
1855 1601 1974 1638 causis

433 1657 629 1707 praedictis
662 1659 827 1708 purgatis
854 1673 921 1709 per
950 1659 1238 1696 satisfactionem
1270 1658 1494 1709 condignam
1521 1658 1598 1695 suis
1627 1659 1838 1696 excessibus
1863 1663 1975 1709 supe'r

433 1715 643 1765 praemissis
670 1716 920 1766 perjuriorum
946 1717 1110 1754 reatibus
1131 1721 1167 1753 et
1193 1717 1471 1766 sacrilegiorum
1498 1715 1647 1753 habitus
1668 1729 1756 1753 suae
1785 1717 1975 1768 religionis

435 1773 623 1810 temeraria
640 1773 873 1820 dimissione!
889 1774 1065 1811 horarum
1085 1775 1349 1811 canonicarum
1364 1774 1579 1820 omissione,
1594 1774 1878 1825 participatione
1890 1789 1975 1812 cum

433 1833 764 1870 excommunicatis
786 1838 1046 1884 praeterquam
1074 1834 1112 1870 in
1139 1833 1295 1870 crimine
1325 1862 1739 1871 ............
1764 1834 1922 1885 Insuper
1944 1835 1974 1872 si

434 1891 526 1942 quid
547 1891 583 1928 vi
605 1892 661 1928 vel
681 1897 783 1928 metu
801 1892 1012 1930 omissionis
1036 1892 1222 1930 bonorum
1241 1906 1396 1930 suorum
1416 1892 1677 1943 temporalium
1696 1892 1786 1929 dicti
1807 1893 1974 1940 abbates,

435 1949 659 1995 abbatissae„
680 1950 875 1997 monachi,
894 1951 1094 1996 moniales,
1113 1951 1280 1988 conversi
1309 1955 1345 1987 et
1370 1963 1586 1997 conversae,
1609 1950 1844 2001 principibus
1867 1964 1975 1988 secu-

434 2009 572 2046 laribus
591 2010 848 2059 persolverunt
865 2011 922 2046 vel
941 2010 1041 2056 aliis„
1061 2015 1188 2047 contra
1207 2011 1510 2047 constitutionem
1538 2010 1839 2058 Bonifacianam‚
1866 2016 1902 2048 et
1923 2012 1975 2049 eis

435 2068 644 2105 subsidium
665 2069 929 2120 impenderunt
947 2076 983 2108 et
1000 2071 1081 2108 aliis
1101 2072 1258 2122 peccatis
1287 2072 1363 2109 suis
1382 2085 1478 2123 quae
1500 2071 1566 2108 tibi
1586 2071 1876 2118 confitebuntur,
1904 2072 1974 2110 nisi

437 2126 519 2162 talia
539 2127 613 2164 sint
638 2133 673 2164 et
694 2129 764 2166 nisi
785 2130 879 2166 forte
903 2143 1031 2167 eorum
1058 2144 1227 2168 excessus
1256 2131 1348 2168 adeo
1375 2131 1545 2168 difficiles
1568 2130 1707 2168 suerint
1730 2131 1788 2167 vel
1806 2143 1976 2168 enormes

435 2185 537 2234 quod
555 2187 687 2224 merito
706 2188 753 2224 sit
770 2202 882 2239 super
899 2189 989 2240 ipsis
1007 2190 1119 2227 Sedes
1139 2190 1367 2227 consulenda
1385 2189 1588 2240 praedicta,
1607 2189 1755 2227 debitae
1767 2189 1819 2227 eis
1833 2189 1976 2226 benefi-

436 2243 533 2279 cium
554 2244 798 2284 absolutionis
824 2253 942 2297 perte
961 2249 1017 2285 vel
1046 2262 1112 2299 per
1137 2249 1252 2286 alium
1280 2262 1342 2286 seu
1368 2249 1458 2285 alios
1483 2261 1578 2299 quos
1599 2248 1647 2284 ad
1672 2247 1744 2284 hoc
1769 2247 1975 2297 reppereris

436 2303 602 2352 ydoneos
617 2305 722 2353 juxta
738 2307 893 2344 formam
912 2308 1096 2346 Ecclesiae
1116 2309 1309 2360 impendas
1328 2309 1396 2346 hac
1414 2309 1494 2346 vice
1511 2313 1548 2345 et
1566 2307 1738 2358 injungas
1753 2308 1811 2343 vel
1827 2307 1973 2358 injungi

438 2362 548 2399 facias
566 2376 632 2412 per
649 2365 796 2401 eosdem
820 2378 947 2402 eorum
972 2367 1028 2403 vel
1058 2370 1184 2404 earum
1212 2367 1367 2404 cuilibet
1392 2380 1504 2417 super
1531 2365 1743 2417 praemissis
1770 2378 1838 2415 pro
1862 2366 1974 2402 modo
