2184 3074
730 254 894 293 conssx
922 254 1162 294 DUNENSlS.
1641 253 1712 289 267

857 440 1033 479 chxu.

172 569 303 608 L'abbe'
318 570 382 608 {lea
401 570 526 607 Dum
551 570 645 607 vend
665 570 689 607 ἀ
707 559 825 621 E'yide
846 569 927 619 Dop
949 569 1049 606 deux
1070 573 1190 606 remes
1209 567 1307 604 l'une
1322 565 1557 616 pevpduelle,
1576 565 1710 603 l’antre

349 629 510 678 vtaqere,
529 627 552 665 ἁ
566 628 729 678 prendre
745 640 814 665 sm·
831 627 869 664 la
888 639 990 665 cenae
1003 627 1048 664 de
1067 627 1160 664 Hem
1176 626 1289 663 siluae
1305 637 1375 662 sm·
1391 624 1524 662 l’Yaer.

221 839 408 877 Universis
426 845 636 891 praesentes
662 841 800 878 litteras
819 840 1042 891 inspecturis
1062 840 1173 877 frater
1189 840 1380 878 Johannes
1398 839 1520 877 dictus
1538 839 1654 876 abbas
1671 843 1707 875 et

170 901 375 936 conventus
401 897 448 935 de
464 897 602 944 Dunis‚
625 898 878 936 Cisterciensis
902 898 1066 944 ordinis,
1092 898 1311 936 Morinensis
1335 897 1523 948 dyocesis,
1549 896 1706 934 salntem

171 955 209 993 in
232 955 395 994 Domino
421 957 696 1008 sempiternam.
721 957 958 996 Universitati
981 960 1122 995 vestrae
1145 957 1398 1008 significamus
1423 955 1526 1008 quod
1549 969 1617 993 nos
1643 969 1707 992 ur-

168 1013 267 1068 genti
287 1013 500 1052 necessitate
517 1014 729 1053 debitorum
749 1020 918 1053 nostrum
937 1015 986 1052 ob
1010 1009 1207 1052 usurarum
1227 1015 1439 1065 voraginem
1466 1018 1502 1051 et
1518 1013 1705 1063 saysinam

170 1072 355 1110 bonorum
383 1078 595 1112 nostrorum
622 1074 831 1122 evitandas2
863 1088 948 1112 cum
978 1075 1067 1112 alias
1095 1075 1270 1111 eeclesiae
1298 1078 1444 1110 nostrae
1471 1072 1706 1109 commodius

170 1143 386 1169 succurrere
404 1130 479 1170 non
497 1145 711 1182 possemus,
729 1133 899 1170 unanimi
914 1145 1097 1170 consensu
1114 1137 1239 1169 nostro
1255 1145 1323 1182 pro
1339 1131 1530 1168 communi
1548 1130 1706 1167 utilitate

170 1194 316 1228 nostrae
345 1191 519 1229 ecelesiae
550 1191 788 1243 vendidimus
813 1191 976 1242 legitime
1005 1191 1140 1229 dilecto
1172 1191 1280 1228 nobis
1307 1191 1344 1228 in
1369 1190 1516 1228 Christo
1540 1188 1705 1239 AEgidio,

169 1249 268 1287 dicto
282 1249 382 1300 Dop,
395 1250 524 1301 oppidi
538 1250 754 1300 Brugensis‚
770 1250 848 1288 filio
866 1249 1004 1300 AEgidii
1024 1249 1113 1286 dicti
1128 1250 1231 1300 Dops
1249 1263 1295 1286 ex
1312 1249 1425 1286 veteri
1446 1247 1558 1294 urbe,
1580 1244 1647 1297 pro
1667 1261 1705 1284 se

169 1313 205 1346 et
221 1309 297 1346 suis
322 1309 564 1356 haeredibus,
586 1315 808 1361 perpetuum
828 1309 1015 1347 redditum
1044 1309 1289 1346 ducentarum
1312 1308 1492 1345 librarum
1519 1311 1555 1343 et
1578 1306 1705 1343 decem

170 1366 350 1405 librarum
379 1367 665 1407 Flandrensium
693 1368 885 1406 annuatim
913 1381 981 1418 pro
1008 1368 1155 1404 duabus
1182 1367 1334 1404 milibus
1360 1371 1396 1403 et
1423 1370 1571 1403 centum
1600 1365 1705 1402 libris

169 1425 460 1463 Flandrensibus
478 1427 587 1464 nobis
605 1427 652 1464 ab
675 1427 805 1464 eodem
823 1426 974 1477 AEgidio
993 1426 1030 1463 in
1050 1430 1242 1462 numerata
1261 1424 1419 1476 pecunia
1437 1423 1601 1474 plenarie
1620 1435 1706 1473 per-

167 1483 313 1530 solutis,
332 1497 444 1535 quem
463 1491 685 1536 perpetuum
708 1485 895 1522 redditum
914 1484 1158 1522 ducentarum
1178 1483 1359 1521 librarum
1387 1487 1422 1519 et
1440 1482 1567 1519 decem
1588 1481 1705 1518 libra-

169 1556 251 1580 rum
267 1543 553 1581 Flandrensium
572 1544 802 1595 assignamus
821 1543 941 1581 eidem
956 1543 1106 1593 AEgidio
1120 1547 1156 1580 et
1174 1543 1250 1580 suis
1270 1541 1493 1578 haeredibus
1512 1539 1704 1577 annuatim

170 1607 350 1653 perpetuo
374 1602 614 1653 capiendum,
642 1601 856 1639 habendum
883 1605 919 1638 et
942 1600 1209 1652 possidendum
1235 1613 1349 1650 super
1372 1604 1514 1636 curtem
1541 1603 1704 1635 nostram

168 1661 215 1698 dc
234 1660 326 1698 Hem
345 1659 454 1698 sitam
468 1668 580 1711 supra
596 1659 753 1697 Ysaram
771 1660 810 1697 in
829 1659 952 1697 officio
967 1659 1150 1696 Furnensi
1162 1688 1170 1704 ,
1189 1658 1396 1709 obligantes
1410 1657 1547 1694 dictam
1563 1661 1705 1693 curtem

167 1733 252 1756 cum
271 1719 448 1757 omnibus
465 1719 573 1757 terris
596 1724 633 1757 et
653 1720 886 1771 pertinentiis
910 1719 987 1757 suis
1012 1718 1132 1755 eidem
1155 1718 1306 1769 AEgidio
1325 1722 1361 1754 et
1384 1717 1461 1755 suis
1482 1716 1705 1754 haeredibus

169 1783 346 1829 perpetuo
360 1791 429 1829 pro
441 1778 542 1816 dicto
557 1783 736 1829 perpetuo
751 1778 899 1815 redditu
914 1791 1040 1815 annuo
1055 1776 1313 1828 persolvendo,
1329 1775 1500 1812 eumdem
1512 1774 1704 1824 AEgidium

171 1836 210 1873 in
236 1836 343 1886 plena
366 1836 598 1887 possessione
623 1835 712 1874 dicti
737 1836 905 1874 redditus
933 1836 1161 1873 inducentes.
1189 1835 1307 1883 Quem
1334 1839 1554 1885 perpetuum
1582 1832 1707 1869 reddi-

172 1898 249 1932 tum
277 1899 446 1932 tenemur
471 1898 508 1932 et
531 1894 784 1946 promittimus
808 1894 929 1932 eidem
954 1893 1104 1945 AEgidio
1129 1897 1164 1930 et
1187 1893 1264 1930 suis
1287 1892 1508 1929 haeredibus
1528 1896 1707 1941 perpetuo

171 1952 327 2003 singulis
343 1953 451 1991 annis
469 1953 611 1991 solvere
628 1953 763 2003 Brugis
777 1954 816 1990 in
836 1953 928 1991 festo
947 1953 1050 1990 Beati
1070 1952 1215 1989 Martini
1237 1950 1434 2001 hyemalis,
1455 1949 1706 1986 renuntiantes

173 2013 210 2049 in
231 2012 442 2063 praemissis
465 2013 673 2064 exceptioni
693 2026 767 2051 non
791 2018 1004 2050 numeratae
1022 2012 1221 2063 pecuniae,
1247 2011 1323 2048 doli
1349 2010 1455 2055 mali,
1477 2006 1550 2052 vis.¹
1571 2013 1707 2053 metus,

174 2071 354 2108 beneficio
372 2071 616 2110 restitutionis
635 2072 674 2108 in
694 2072 897 2123 integrunn
917 2071 1092 2108 omnibus
1113 2070 1239 2121 gratiis
1262 2074 1296 2106 et
1317 2067 1556 2117 indulgentiis
1576 2071 1610 2103 et
1630 2066 1708 2116 pri-

173 2130 315 2179 vilegiis
338 2142 380 2167 ac
401 2130 578 2168 omnibus
605 2131 687 2168 aliis
713 2130 996 2181 exceptionibus
1021 2134 1056 2166 et
1085 2127 1364 2165 defensionibus
1390 2139 1485 2176 quae
1507 2125 1614 2161 uubis
1643 2138 1708 2161 seu

173 2187 346 2225 ecclesiae
372 2192 518 2226 nostrae
543 2194 694 2239 possent
720 2189 894 2239 prodesse
921 2194 956 2225 et
987 2188 1086 2225 dicto
1114 2186 1263 2237 AEgidio
1290 2199 1353 2222 seu
1382 2184 1458 2221 suis
1486 2183 1706 2220 haeredibus

173 2247 321 2293 obesse,
338 2251 374 2284 et
386 2260 482 2298 quae
500 2252 628 2285 contra
642 2261 814 2298 praesens
832 2248 1120 2284 instrumentum
1138 2246 1196 2282 vel
1217 2246 1353 2281 sactum
1374 2244 1411 2280 in
1430 2256 1473 2279 eo
1491 2248 1705 2279 contentum

175 2310 323 2356 possent
340 2306 419 2343 ullo
439 2319 606 2357 unquam
626 2310 790 2357 tempore
808 2306 906 2343 obici
927 2319 991 2342 seu
1011 2304 1181 2356 proponi.
1204 2303 1458 2340 promittimus
1477 2301 1586 2337 etiam
1608 2302 1707 2337 (licto

174 2362 323 2414 AEgidio
342 2363 539 2414 impetrare
558 2364 595 2401 in
616 2363 787 2415 proximo
804 2368 929 2401 nostro
948 2363 1111 2414 capitulo
1127 2361 1287 2413 generali
1313 2362 1449 2397 litteras
1473 2359 1585 2395 nostri
1605 2360 1708 2409 capi-
