2184 3074
725 298 887 337 conEx
911 297 1155 337 DUNENSIS.
1636 298 1708 335 405

841 484 1040 523 chxxv.

179 604 364 642 Demande
392 604 435 642 de
460 605 604 653 prierea
624 615 724 653 pour
745 602 809 640 des
829 602 950 652 freres
971 613 1120 639 convers
1141 603 1208 652 qui
1228 607 1311 639 som
1332 607 1446 638 mores
1472 603 1580 650 apres
1601 602 1708 639 avoir

595 673 682 709 refu
710 659 939 698 l’absolulion
961 659 1005 697 de
1029 659 1128 697 leurs
1146 659 1287 709 ρέοήέε.

223 865 387 903 Salutem
407 870 444 902 et
459 864 644 902 orationes
662 864 700 901 in
719 863 882 900 Domino
900 862 1144 900 salutatorias.

223 923 264 960 In
283 936 438 974 corpore
456 922 611 969 Christi,
629 921 732 973 quod
751 926 806 959 est
826 921 1006 968 Ecclesia,
1025 921 1054 958 si
1075 921 1216 972 patitur
1232 934 1349 958 unum
1366 921 1563 959 menbrum
1575 951 1584 968 ‚
1603 935 1706 959 com-

174 980 368 1032 patiuntur
384 985 524 1018 caetera
542 980 729 1026 membra,
748 984 878 1031 agente
900 979 1078 1017 nimirum
1102 979 1172 1017 hoc
1193 985 1341 1017 sanctae
1359 979 1510 1016 vinculo
1527 980 1704 1017 caritatis.

166 1033 240 1090 'per
263 1039 368 1090 quod
389 1038 517 1076 eadem
541 1038 706 1075 membra
732 1038 770 1074 in
796 1051 913 1074 unum
933 1037 1070 1088 pariter
1088 1042 1371 1074 connectuntur.
1389 1037 1445 1075 De
1468 1051 1546 1088 quo
1572 1037 1649 1089 spei
1671 1044 1703 1075 et

174 1097 332 1135 fiduciae
361 1097 567 1147 plurimum
599 1095 830 1146 colligentes,
862 1095 1048 1133 caritatem
1076 1100 1234 1133 vestram
1266 1095 1444 1132 duximus
1475 1096 1700 1133 exorandam

174 1162 357 1208 quatenus
382 1170 451 1208 pro
481 1156 656 1193 fratribus
688 1156 823 1194 nostris
851 1169 971 1206 nuper
992 1155 1177 1193 defunctis
1203 1169 1356 1194 exorare
1385 1154 1590 1206 dignemini
1617 1162 1660 1193 ut
1684 1169 1702 1193 a

173 1220 408 1267 peccatorum
427 1228 580 1252 suorum
604 1214 762 1252 nexibus
783 1214 1042 1260 absolvantur,
1061 1214 1248 1264 simulque
1261 1227 1458 1265 precamur
1473 1219 1515 1251 ut
1534 1214 1577 1252 fl.
1598 1215 1702 1251 latori

172 1273 420 1324 praesentium
437 1269 698 1323 hospitalitatis
715 1272 871 1323 gratiam
890 1271 1120 1317 exhibentes,
1138 1272 1236 1309 diem
1252 1285 1329 1322 quo
1349 1285 1387 1309 se
1405 1271 1512 1309 vobis
1530 1285 1705 1323 praesen-

173 1332 314 1378 taverit,
341 1331 429 1373 huic
455 1330 606 1368 cedulae
628 1331 824 1368 annotetis.
847 1330 984 1368 Verum
1011 1335 1163 1382 propter
1188 1330 1353 1381 pericula
1378 1330 1585 1380 sigillorum
1610 1344 1705 1381 quae

173 1389 292 1428 solent
304 1389 528 1440 aliquotiens
541 1389 707 1435 evenire2
723 1401 791 1425 nos
805 1388 987 1426 Henricus
1001 1389 1115 1426 abbas
1130 1388 1340 1439 praedictus
1354 1388 1516 1439 sigillum
1537 1395 1702 1426 nostrum

173 1448 219 1486 ad
237 1461 364 1486 causas
383 1447 639 1498 praesentibus
658 1447 788 1484 litteris
806 1447 984 1484 duximus
1002 1447 1278 1498 apponendum.

890 1573 998 1582 ..ιο-

829 1724 1044 1763 CCLXXVI.

563 1842 683 1879 Autre
710 1841 812 1879 lettre
837 1841 1063 1879 demandant
1087 1842 1149 1879 des
1171 1844 1325 1891 prieres.

224 2045 410 2083 Universis
429 2046 602 2084 fidelibus
623 2060 796 2098 praesens
818 2048 997 2098 scriptum
1017 2048 1152 2085 visuris
1170 2047 1207 2084 in
1227 2047 1364 2084 Christi
1383 2059 1539 2097 corpore
1557 2046 1701 2083 mistico

173 2103 273 2152 quod
295 2108 350 2140 est
368 2103 527 2141 Ecclesia
545 2104 771 2150 constitutis,
790 2106 945 2142 salutem
957 2134 966 2151 ,
984 2110 1051 2142 etc.

222 2159 254 2198 Ο
280 2174 392 2211 quam
419 2161 600 2200 immenso
621 2163 762 2200 doloris
787 2163 941 2200 vulnere
967 2163 1128 2200 humana
1153 2162 1367 2214 praecordia
1386 2162 1600 2199 sauciantur
1617 2175 1701 2199 cum

173 2219 294 2256 anima
314 2219 427 2256 invita
446 2233 466 2256 a
484 2220 733 2271 corporalium
753 2221 915 2258 mixtura
934 2221 1151 2258 dissolvitur
1168 2220 1405 2271 qualitatum,
1419 2233 1530 2270 quam
1551 2233 1703 2271 compa-

171 2275 269 2327 ginis
283 2277 498 2326 juncturam
516 2279 593 2316 sola
611 2279 740 2317 mortis
759 2293 883 2317 amara
902 2279 1107 2330 praesentia
1127 2278 1314 2316 horrendo
1336 2277 1506 2327 infringit
1522 2277 1701 2322 divortio.v

173 2339 303 2372 cuncta
328 2336 540 2374 mundanae
564 2338 855 2375 conversationis
885 2338 1019 2389 gaudia
1054 2338 1223 2375 auferens
1249 2338 1287 2374 in
1310 2338 1522 2374 momento!
1551 2337 1598 2374 Et
1619 2337 1704 2387 quis

173 2405 260 2429 sane
278 2393 386 2430 dolor
404 2394 555 2431 uberior
571 2400 635 2432 aut
651 2408 746 2446 quae
765 2396 885 2446 major
898 2396 1064 2442 afflictio,
1080 2409 1165 2432 cum
1182 2395 1272 2432 haec
1286 2408 1385 2432 mors
1400 2395 1514 2445 impia
1529 2395 1703 2432 omnibus
