2184 3074
731 310 890 348 conssx
921 309 1166 348 DUNENSIS.
1643 313 1714 350 245

877 466 1013 504 CLVll.

178 577 310 614 MaiIre
334 578 371 614 G.
393 576 436 613 de
461 577 588 614 Beerst
615 575 728 625 sande
754 589 822 613 une
843 575 1065 624 chapellem'e
1095 576 1189 613 dans
1214 576 1245 612 le
1272 578 1474 613 monaster-e
1489 576 1533 613 de
1556 575 1713 614 Tlcosan.

222 746 373 784 Noverit
401 747 621 786 universitas
647 753 765 785 vestra
795 748 897 799 quod
923 747 1153 785 honorabilis
1184 753 1219 784 et
1245 747 1426 786 discretus
1453 749 1510 786 vir
1539 750 1712 799 magister

174 806 212 843 C.
238 805 284 843 de
310 806 434 853 Berst,
459 813 500 844 ut
518 808 564 844 de
590 807 662 845 hiis
688 821 784 858 quae
810 808 880 845 sibi
913 808 1040 845 divina
1072 807 1252 845 concessit
1270 808 1497 858 benignitas,
1521 809 1654 845 sacen-et
1678 813 1714 845 et

173 864 363 902 ordinaret
388 866 490 916 quod
515 866 586 903 sibi
614 866 766 917 suisque
785 866 1130 917 praedecessoribus
1153 872 1190 903 et
1214 867 1512 904 benefactoribus
1537 867 1712 904 omnibus

173 923 318 961 cederet
334 923 380 961 ad
395 924 567 970 salutem7
581 924 627 961 ad
642 924 821 962 honorem
835 925 1102 976 omnipotentis
1118 925 1182 961 Dei
1193 954 1202 970 ,
1215 925 1397 975 gloriosae
1411 925 1566 975 virginis
1579 925 1713 962 Mariae

173 987 209 1019 et
225 987 438 1019 sanctorum
455 982 624 1019 omnium
647 982 890 1033 capellaniam
915 996 1027 1020 unam
1050 983 1211 1020 instituit
1228 984 1264 1019 in
1285 983 1509 1029 monasterio
1527 989 1653 1020 nostro
1666 983 1713 1020 de

173 1039 339 1086 Thosan,
355 1039 636 1078 deserviendam
655 1046 835 1091 perpetuo
862 1055 928 1091 per
948 1041 1138 1091 ydoneum
1159 1041 1403 1088 monachum,
1423 1042 1537 1079 nostri
1562 1055 1712 1079 monas-

174 1097 254 1137 terii
280 1098 523 1145 sacerdotem,
546 1099 591 1136 ad
620 1099 691 1136 hoc
713 1099 951 1150 singulariter
973 1106 1008 1137 et
1029 1101 1236 1151 specialiter
1261 1101 1518 1151 deputandum
1541 1115 1561 1137 a
1585 1101 1710 1147 nobis,

171 1156 217 1193 ad
235 1169 348 1207 quam
367 1157 609 1208 capellaniam
629 1157 859 1205 habendam,
882 1159 1078 1196 tenendam
1099 1164 1134 1196 et
1151 1159 1432 1196 deserviendam
1452 1165 1649 1210 perpetuo.
1670 1165 1710 1196 ut

172 1215 314 1253 dictum
335 1221 404 1260 est,
422 1216 564 1267 absque
587 1229 698 1254 onere
718 1217 832 1254 nostri
853 1218 1065 1255 monasterii
1086 1218 1278 1268 praelibati
1298 1218 1458 1257 contulit
1479 1218 1587 1255 nobis
1611 1218 1708 1255 idem

171 1273 346 1323 magister
362 1274 450 1311 CCL
473 1274 586 1312 libras
616 1275 879 1322 Flandrenses7
904 1276 1012 1313 certis
1046 1275 1155 1313 bonis
1187 1275 1442 1313 haereditariis
1467 1281 1503 1312 et
1525 1276 1712 1326 perpetuis

171 1333 426 1384 applicandas,
448 1333 650 1385 prudenter
677 1335 870 1372 attendens
896 1335 1001 1386 quod
1028 1335 1093 1385 qui
1121 1334 1167 1371 ad
1189 1347 1283 1371 onus
1304 1334 1467 1384 eligitur,
1487 1333 1613 1384 repelli
1636 1347 1709 1370 non

171 1390 304 1428 debeat
320 1404 340 1428 a
358 1391 540 1434 mercede.
1447 1402 1459 1411 ”

218 1449 292 1487 Nos
311 1449 424 1500 igitur
448 1450 548 1500 piam
577 1449 851 1488 ordinationem
873 1456 910 1487 et
932 1450 1070 1487 bonam
1092 1451 1319 1487 voluntatem
1339 1450 1505 1499 ejusdem
1526 1450 1709 1500 magistri2

171 1512 211 1545 ut
236 1507 394 1558 dignum
422 1513 515 1554 erat,
545 1508 736 1559 cupientes
763 1509 804 1545 in
834 1508 1011 1546 omnibus
1041 1521 1278 1559 promovere,
1300 1508 1570 1545 institutionem
1590 1508 1710 1545 dictae

172 1565 332 1616 capellae
346 1565 384 1602 in
401 1566 623 1604 monasterio
638 1571 765 1604 nostro
783 1566 993 1617 saepedicto
1008 1572 1123 1603 ratam
1138 1571 1174 1603 et
1185 1571 1325 1616 gratam
1343 1566 1536 1612 habentes,
1551 1567 1709 1603 fatemur

172 1635 238 1660 nos
264 1622 380 1660 dictas
399 1623 487 1660 CCL
509 1623 623 1661 libras
651 1637 716 1674 per
738 1637 870 1661 manus
896 1623 1013 1674 ipsius
1029 1625 1137 1674 plene
1159 1629 1195 1660 et
1214 1624 1355 1674 integre
1377 1624 1558 1674 recepisse
1580 1630 1616 1661 et
1639 1624 1707 1661 ha-

173 1672 365 1727 buiss'e‚ac
382 1681 470 1718 inde
488 1681 586 1718 bona
603 1681 814 1719 haerediter
833 1695 950 1732 usque
969 1682 1015 1719 ad
1030 1682 1192 1719 valorem
1206 1682 1304 1719 XXV
1319 1682 1500 1719 librarum
1514 1683 1706 1719 annuatim

171 1745 207 1777 et
223 1745 402 1791 perpetuo
420 1740 458 1777 in
477 1741 600 1778 officio
613 1740 660 1777 de
679 1741 907 1791 Hulstjuxta
928 1741 1050 1778 locum
1067 1741 1132 1792 qui
1148 1741 1286 1778 dicitur
1299 1740 1440 1786 Gaden,
1457 1754 1708 1791 comparasse,

171 1810 264 1847 quas
274 1797 373 1836 XXV
384 1798 498 1836 libras
511 1812 557 1836 ex
571 1812 672 1836 nunc
684 1798 804 1836 dictae
817 1800 978 1849 capellae
991 1800 1230 1850 deputamus,
1247 1799 1502 1850 promittentes
1517 1813 1584 1850 pro
1600 1800 1708 1836 nobis

172 1861 208 1893 et
227 1855 362 1893 nostris
376 1857 652 1894 successoribus
666 1857 703 1894 in
719 1863 940 1908 perpetuum
955 1858 1057 1908 quod
1072 1858 1192 1894 dictae
1206 1858 1366 1908 capellae
1380 1858 1475 1894 bene
1489 1863 1524 1894 et
1538 1858 1710 1894 decenter

171 1914 210 1951 in
225 1919 351 1952 nostro
365 1915 588 1952 monasterio
606 1915 816 1966 saepedicto
836 1916 1014 1954 faciemus
1033 1930 1098 1967 per
1114 1916 1304 1966 ydoneum
1326 1916 1570 1961 monachum,
1591 1916 1706 1953 nostri

172 1974 384 2012 monasterii
398 1974 626 2012 sacerdotem
636 2004 645 2021 ,
660 1975 835 2013 deserviri
851 1976 980 2013 missas
995 1975 1234 2015 celebrando,
1251 1980 1362 2026 prout
1377 1975 1524 2012 devotio
1541 1975 1706 2021 moverit,

172 2032 388 2081 hujusmodi
412 2033 686 2084 deputandum,
705 2034 754 2072 ita
777 2035 880 2085 quod
904 2035 1035 2073 missae
1059 2048 1155 2085 quae
1173 2034 1360 2085 perpetuis
1386 2033 1615 2084 temporibus
1642 2047 1708 2083 per

173 2090 387 2139 hujusmodi
407 2092 634 2129 monachum
653 2092 909 2143 deputandum
926 2098 961 2130 et
979 2093 1195 2130 habendum
1213 2092 1403 2137 continue,
1423 2097 1464 2127 ut
1481 2097 1534 2128 est
1553 2096 1707 2136 tactum,

173 2148 481 2196 celebrabuntur,
508 2150 617 2188 etiam
650 2151 695 2188 de
725 2165 952 2202 quoeunque
983 2151 1121 2189 suerint
1138 2151 1257 2188 dictae
1280 2150 1426 2195 missae,
1453 2150 1583 2187 cedent
1608 2150 1708 2187 dieto

173 2207 349 2257 magistro
375 2207 526 2259 suisque
551 2209 895 2259 praedecessoribus
919 2215 954 2246 et
976 2209 1273 2246 benefactoribus
1301 2209 1338 2245 in
1366 2221 1516 2245 suarum
1547 2207 1710 2244 remedio

174 2265 394 2302 animarum.
414 2266 532 2314 Quem
552 2267 662 2304 etiam
683 2268 898 2319 magistrum
920 2267 1126 2318 recepimus
1150 2272 1185 2303 ct
1204 2267 1403 2317 recipimus
1424 2266 1461 2302 in
1481 2266 1656 2303 omnibus
1674 2270 1710 2302 et

175 2325 331 2376 singulis
346 2326 537 2363 beneflciis
550 2340 646 2376 quae
664 2341 731 2377 per
749 2341 815 2365 nos
830 2328 956 2364 divina
975 2327 1192 2377 dignabitur
1210 2326 1403 2363 clementia
1422 2325 1564 2375 operari
1582 2325 1618 2361 in
1634 2325 1707 2362 vita

177 2383 314 2434 pariter
331 2389 366 2420 et
386 2384 422 2420 in
444 2390 570 2421 morte.

886 2452 983 2460 ...οσ-
