2184 3074
439 254 511 289 512
991 250 1154 287 CODEX
1178 250 1423 289 DUNENSIS.

442 369 533 407 tium
556 382 692 420 papam
716 368 883 413 tertium,
903 367 940 403 in
964 379 1040 417 quo
1064 366 1225 403 concilio
1249 367 1321 404 fuit
1345 372 1524 406 statutum
1551 370 1654 420 quod
1681 370 1722 407 in
1746 370 1812 408 illo
1836 383 1978 411 unone

441 441 560 479 nuper
577 428 624 464 de
641 426 796 464 decimis
814 425 1037 471 continetur,
1060 424 1233 462 videlicet
1249 429 1291 462 ut
1306 425 1354 462 de
1371 431 1515 463 caetero
1533 426 1792 466 Cistercienses
1809 425 1979 467 debr-ris

441 491 524 537 post
541 486 663 536 ipsum
683 483 885 522 concilium
904 483 1142 538 acquirendis
1167 482 1330 521 decimas
1351 483 1491 534 quibus
1512 489 1618 522 antea
1637 485 1883 533 debebantur,
1904 487 1980 524 sol·—

438 549 566 581 verent
579 543 663 593 jure
683 541 875 580 communi
895 541 934 578 in
957 540 1038 578 aliis
1057 541 1262 592 privilegiis
1284 541 1360 579 suis
1385 542 1495 580 salvis
1519 548 1555 580 et
1579 544 1630 581 eis
1653 557 1720 595 per
1741 545 1979 583 ecclesiarum

438 604 617 653 praelatos
635 601 846 653 promptius
865 605 902 638 et
923 600 1140 651 diligentius
1159 601 1417 639 observandis.

485 661 676 698 Praeterea
699 659 791 697 dicit
813 659 918 710 quod
945 663 1062 696 terrae
1087 659 1297 710 praedictae
1325 659 1477 697 illorum
1504 660 1550 697 de
1574 659 1724 698 'rhosan
1748 661 1914 699 existunt
1943 667 1979 699 et

435 719 565 756 merito
583 719 657 756 dici
675 719 812 756 debent
830 718 977 755 novalia
995 731 1060 755 seu
1082 718 1247 764 novales,
1261 722 1297 755 et
1315 731 1374 756 eas
1392 731 1461 769 pro
1481 723 1586 769 parte
1603 719 1650 756 ad
1668 733 1841 770 praesens
1859 734 1973 758 exco-

435 779 516 814 lunt
537 782 573 814 et
598 772 841 814 excoluerunt
866 777 1026 828 propriis
1051 777 1127 814 suis
1148 777 1362 828 sumptibus
1388 782 1424 815 et
1448 778 1661 824 laboribus,
1689 779 1797 830 quasi
1821 792 1974 831 quoque

436 835 612 873 continue
625 840 824 886 postquam
844 836 921 873 suis
936 836 1109 873 manibus
1123 849 1183 873 eas
1198 836 1366 874 excolere
1382 835 1636 887 incoeperunt.
1652 836 1724 874 Pro
1738 842 1843 887 parte
1855 842 1978 875 autem

436 895 506 932 sub
531 894 711 931 laicorum
735 893 908 930 manibus
934 893 1112 931 existente
1138 893 1185 930 ad
1209 907 1383 945 praesens
1408 908 1446 931 se
1469 899 1620 945 sperant
1647 895 1975 945 superexculturos

440 952 597 989 easdem.

486 1011 528 1047 Et
555 1010 647 1047 dicit
671 1009 774 1060 quod
805 1009 986 1046 hactenus
1012 1009 1273 1060 elz-praedicto
1301 1014 1467 1060 tempore
1493 1010 1619 1047 nullus
1645 1024 1909 1049 conversorum
1935 1012 1982 1050 de

440 1068 586 1106 Tbosan
605 1068 651 1105 ad
671 1068 944 1118 praedictarum
967 1072 1148 1104 terrarum
1170 1069 1355 1105 culturam
1382 1073 1418 1105 et
1435 1082 1560 1106 rerum
1581 1069 1821 1107 existentium
1840 1070 1980 1108 ibidem

440 1141 592 1164 suarum
610 1127 816 1164 custodiam
837 1127 1044 1177 positorum
1063 1140 1130 1176 per
1143 1127 1225 1163 illos
1239 1125 1286 1163 de
1298 1126 1447 1163 Thosan
1462 1126 1595 1164 habuit
1607 1128 1980 1166 amministrationem

444 1186 595 1223 liberam
616 1185 866 1230 distrahendi,
885 1185 1071 1230 alienandi
1090 1190 1126 1222 et
1145 1185 1304 1222 faciendi
1323 1185 1467 1236 aliquid
1489 1186 1527 1222 in
1546 1186 1820 1236 praejudicium
1842 1192 1878 1224 et
1896 1200 1981 1238 gra-

441 1259 570 1283 vamen
595 1246 747 1282 illorum
772 1245 818 1282 de
841 1245 1007 1291 Thosan,
1035 1259 1102 1282 nec
1130 1245 1259 1292 habet,
1279 1245 1440 1282 maxime
1465 1245 1554 1296 ipsis
1580 1245 1714 1282 abbate
1735 1250 1772 1282 et
1795 1250 1981 1283 conventu

442 1306 700 1356 ignorantibus
716 1311 751 1342 et
766 1319 840 1342 non
857 1305 1084 1342 habentibus
1098 1310 1219 1342 ratum
1235 1305 1499 1356 praejudiciale
1513 1305 1658 1355 aliquid
1675 1305 1765 1342 dum
1783 1305 1980 1342 sciverunt.

446 1364 514 1400 l'cr
531 1377 762 1414 consequens
780 1377 932 1414 quoque
951 1377 1027 1400 non
1050 1363 1179 1409 habet,
1195 1376 1263 1400 nec
1285 1363 1417 1399 habuit
1433 1376 1478 1399 ex
1497 1362 1686 1413 praedicto
1707 1368 1874 1414 tempore
1891 1375 1981 1399 con-

398 1416 403 1421 ·
441 1436 631 1459 versorum
666 1423 832 1474 ipsorum
867 1422 1003 1473 aliquis
1033 1426 1250 1473 potestatem
1263 1451 1271 1467 ,
1304 1421 1514 1458 dominium
1541 1421 1598 1457 vel
1624 1421 1895 1471 possessionem
1922 1423 1978 1459 vel

444 1482 743 1532 praescriptionis
768 1481 918 1518 titulum
942 1481 988 1517 de
1010 1494 1049 1517 re
1076 1481 1201 1531 aliqua
1227 1479 1501 1530 praejudiciali,
1534 1479 1642 1516 dictis
1675 1479 1981 1516 Cisterciensibus

443 1541 701 1591 ignorantibus
716 1541 780 1586 eis,
797 1555 863 1577 nec
878 1546 997 1577 ratum
1015 1540 1252 1585 habentibus,
1273 1540 1308 1576 in
1330 1552 1525 1589 personam
1542 1538 1704 1588 aliquam
1720 1538 1776 1574 vel
1791 1538 1980 1575 ecclesiam

445 1599 700 1636 transferendi.
1145 1605 1147 1607 '

490 1659 676 1695 Praeterea
696 1658 907 1708 dicitquod
932 1658 1020 1694 dicti
1047 1657 1262 1694 Gandenses
1285 1657 1347 1706 jus
1376 1660 1592 1706 personatus
1619 1655 1676 1691 vel
1701 1654 1878 1691 rectoriae
1904 1667 1981 1705 quo

440 1718 621 1769 populum
642 1723 768 1767 regant
786 1731 850 1754 scu
874 1731 997 1768 regere
1020 1717 1161 1768 possint
1180 1722 1215 1753 et
1233 1716 1408 1761 debeant,
1430 1729 1474 1751 cx
1493 1714 1683 1765 praedicto
1710 1718 1876 1764 tempore
1902 1727 1977 1751 non

440 1778 667 1822 habuerunt,
688 1790 755 1813 nec
769 1776 907 1813 habent
926 1777 963 1813 in
980 1776 1103 1826 aliqua
1125 1775 1361 1812 ecclesiarum
1382 1773 1653 1824 praedictarum
1673 1772 1975 1822 parrochialium.

440 1836 483 1873 Et
497 1836 588 1872 dicit
604 1836 707 1886 quod
725 1835 834 1872 dictis
850 1835 1113 1872 Gandensibus
1132 1834 1277 1870 nullum
1293 1834 1355 1883 jus
1375 1831 1552 1882 competit
1570 1831 1665 1867 infra
1684 1830 1867 1867 dictarum
1889 1843 1976 1880 par-

440 1894 651 1930 rochiarum
671 1893 847 1930 terminos
863 1893 1067 1943 praediales
1081 1892 1243 1929 decimas
1259 1890 1489 1941 percipiendi
1504 1894 1567 1926 aut
1580 1888 1745 1940 petendi,
1759 1887 1974 1939 praesertim

439 1953 485 1988 ab
510 1953 581 1989 illis
599 1952 646 1989 de
663 1952 810 1989 'rhosan
830 1952 1028 2002 praedictis
1047 1965 1141 2002 quos
1160 1952 1288 1988 asserit
1307 1950 1397 2001 ipsis
1416 1948 1679 1986 Gandensibus
1701 1946 1895 1984 antedictis
1913 1951 1976 1983 aut

439 2011 519 2047 aliis
533 2011 823 2061 quibuscunque
838 2011 999 2047 decimas
1016 2024 1089 2047 non
1107 2010 1240 2046 debere
1255 2023 1296 2046 ac
1311 2009 1416 2045 nullo
1430 2013 1597 2058 tempore
1615 2005 1800 2051 debuisse,
1815 2005 1976 2042 maxime

439 2070 483 2105 (lc
504 2069 699 2106 novalibus
719 2069 823 2106 terris
839 2069 1038 2119 praedictis
1052 2082 1120 2119 pro
1136 2073 1301 2119 tempore
1315 2080 1392 2118 quo
1406 2079 1534 2103 eorum
1550 2064 1742 2102 laboribus
1755 2068 1792 2100 et
1805 2062 1976 2113 expensis

440 2127 618 2178 propriis,
638 2128 734 2164 sicut
752 2132 891 2164 tactum
914 2132 968 2164 cst
992 2141 1103 2178 supra
1116 2156 1124 2172 ,
1144 2127 1312 2163 excultae
1331 2126 1500 2170 fuerunt,
1516 2128 1580 2160 aut
1604 2122 1713 2159 etiam
1735 2134 1803 2172 per
1825 2120 1973 2158 eosdem

440 2187 475 2222 in
497 2191 684 2235 posterum
704 2186 940 2233 excolentur,
957 2186 1067 2223 ctiam
1087 2186 1172 2222 licet
1188 2184 1391 2235 aliquando
1410 2187 1547 2220 trarrae
1566 2180 1776 2232 praedictae
1794 2193 1861 2230 per
1875 2179 1974 2230 ipsos

439 2245 549 2280 laicos
567 2244 775 2281 existissent
790 2249 854 2281 aut
872 2245 983 2281 modo
1001 2244 1114 2281 simili
1134 2245 1196 2280 fiet
1213 2243 1367 2280 forsitan
1387 2242 1420 2278 ic
1438 2242 1619 2277 futurum.

488 2303 675 2339 Praeterea
689 2303 779 2339 dicit
791 2303 894 2353 quod
908 2303 997 2340 dicti
1007 2303 1221 2340 Gandenses
1235 2301 1300 2352 qui
1315 2299 1518 2351 aliquando
1532 2312 1554 2335 a
1567 2309 1831 2335 conversorum
1845 2296 1973 2346 aliquo

439 2360 711 2410 praedictorum
737 2361 783 2397 de
809 2361 992 2398 fructibus
1015 2361 1287 2411 praedictarum
1312 2364 1495 2396 terrarum
1518 2359 1702 2394 cultarum
1725 2368 1792 2405 per
1815 2353 1899 2390 illos
1927 2353 1973 2390 de
