2184 3074
467 335 541 373 488
1018 331 1179 370 CODEX
1204 332 1451 372 DUNENSlS.

1157 507 1320 544 CCCXL.

779 626 896 663 Lettre
915 625 1065 662 relative
1088 626 1111 662 ἁ
1131 624 1167 673 la
1185 624 1342 662 decresse
1365 625 1457 663 d'un
1475 611 1688 663 monaster-e.

521 818 613 855 Cum
633 830 699 855 nos
722 831 839 854 unum
858 817 904 854 de
922 817 1114 854 monachis
1135 817 1264 855 vestris
1289 831 1355 868 per
1373 818 1512 855 litteras
1536 822 1673 855 vestras
1691 818 1739 855 ad
1758 832 1826 856 nos
1845 820 2000 857 missum

471 889 538 926 per
563 880 708 926 tempus
726 875 879 926 aliquod
902 875 1172 912 detinuerimus
1194 879 1229 912 et
1250 875 1373 912 adhue
1395 875 1644 923 detineamus,
1662 877 1858 928 paratique
1873 890 2002 915 sumus

472 934 628 971 ulterius
653 933 836 979 detinere,
868 938 904 970 et
932 946 1051 984 nuper
1076 933 1180 983 prior
1196 932 1337 974 ‚domus
1362 938 1503 971 vestrae
1526 947 1594 984 per
1615 933 1755 972 litteras
1778 948 1863 973 suas
1888 936 2002 973 alium

474 992 606 1030 domus
636 996 777 1029 vestrae
809 991 1035 1029 monachum
1065 991 1111 1028 ad
1143 1004 1210 1029 nos
1238 991 1379 1029 miserit
1407 992 1523 1043 gratia
1555 993 1832 1040 commorandi,
1850 1007 2004 1045 praesu-

474 1055 614 1087 mentes
645 1050 751 1087 vobis
783 1050 973 1100 cognitum
1010 1063 1084 1087 non
1116 1063 1194 1087 esse
1224 1063 1288 1087 seu
1318 1050 1432 1087 fuisse
1459 1063 1526 1101 per
1556 1050 1808 1088 detentionem
1842 1051 2004 1090 duorum

474 1110 707 1160 aliquatenus
737 1122 804 1146 nos
836 1105 997 1160 grabati,
1027 1109 1271 1159 compellente
1303 1122 1455 1160 quoque
1480 1122 1548 1146 nos
1572 1113 1670 1157 certa
1701 1110 1916 1148 necessitate
1939 1111 2006 1148 de-

475 1168 592 1205 sectus
605 1172 641 1204 et
658 1167 784 1218 inopia
803 1181 917 1218 quam
936 1168 1101 1218 patimur
1117 1167 1164 1204 de
1177 1181 1343 1214 annona,
1363 1168 1558 1205 accedente
1577 1168 1730 1219 insuper
1747 1169 1794 1206 ad
1812 1170 2004 1207 cumulum

476 1225 564 1263 mali
582 1226 685 1276 quod
703 1239 891 1263 annonam
915 1230 1079 1263 nostram
1102 1226 1203 1263 unde
1225 1226 1346 1263 vivere
1364 1226 1603 1274 deberemus,
1621 1226 1668 1263 de
1683 1228 1847 1278 grangiis
1871 1229 2006 1267 nostris

475 1285 521 1321 ad
543 1284 729 1322 abbatiam
748 1288 899 1335 propter
917 1289 1132 1335 pyratarum
1151 1285 1361 1336 periculum
1380 1285 1563 1322 deducere
1588 1298 1663 1322 non
1682 1286 1863 1333 valemus,
1883 1287 2006 1338 ipsum

475 1356 587 1394 quem
609 1343 811 1380 malueritis
836 1343 883 1380 de
905 1343 1069 1389 duobus,
1093 1343 1138 1380 ad
1157 1343 1281 1381 sinum
1305 1343 1539 1381 Patet-nitatis
1561 1343 1710 1382 Vestrae
1734 1344 1791 1381 vel
1809 1358 1886 1396 quo
1901 1345 2008 1389 vobis

476 1401 670 1452 placuerit,
690 1402 993 1439 transmittemus.

1184 1524 1307 1535 <0¹⁶—

1153 1656 1332 1694 CCCXLl.

606 1773 724 1809 Lettre
742 1771 891 1808 relative
907 1772 928 1807 ἀ
948 1785 999 1808 tm
1018 1771 1201 1821 reliqieuae
1217 1771 1351 1820 envoy&
1367 1770 1463 1808 dans
1481 1783 1533 1808 un
1552 1776 1657 1807 autre
1674 1771 1887 1807 monastero.

529 1966 758 2012 Venerabili,
773 1972 839 2003 etc.
855 1967 1026 2004 Latorem
1043 1966 1293 2017 praesentium
1313 1965 1539 2003 monachum
1561 1969 1724 2002 vestrum
1745 1963 1793 2001 ad
1811 1976 1879 2001 nos
1894 1963 2010 2014 gratia

480 2024 735 2062 commorandi
754 2038 799 2061 ex
817 2029 920 2074 parte
938 2028 1057 2061 vestra
1078 2024 1336 2061 transmissum
1361 2024 1478 2074 parati
1507 2036 1636 2060 sumus
1660 2022 1834 2059 detinere.
1852 2022 2011 2068 Verum,

479 2085 568 2135 quia
594 2084 692 2121 idem
718 2083 867 2121 dolebat
890 2097 929 2121 se
956 2083 1170 2120 infirmitate
1197 2083 1299 2134 gravi
1325 2082 1432 2120 vobis
1456 2087 1493 2119 et
1515 2081 1664 2127 vestris,
1686 2084 1729 2117 ut
1752 2080 1916 2127 dicebat,
1934 2092 2008 2118 non
2030 2116 2033 2121 s

480 2143 667 2193 incognita
701 2142 883 2188 laborare,
916 2155 1028 2193 quam
1058 2142 1167 2178 etiam
1199 2145 1352 2192 propter
1380 2140 1555 2177 victualia
1589 2144 1714 2176 nostra
1746 2143 1783 2175 et
1812 2138 2011 2189 praecipue

480 2206 632 2251 propter
658 2206 788 2251 potum
818 2205 987 2238 nostrum
1016 2201 1222 2238 infirmitati
1250 2213 1338 2238 suae
1363 2199 1591 2237 contrarium
1617 2198 1657 2235 in
1689 2202 1834 2234 tantum
1857 2197 2012 2235 asseruit

482 2264 712 2310 aggravatam
736 2264 776 2296 ut
798 2260 994 2297 nobiscum
1017 2260 1171 2297 ulterius
1194 2264 1305 2306 stare,
1330 2272 1397 2295 nec
1421 2262 1548 2295 nostro
1573 2256 1728 2306 collegio
1751 2260 1896 2307 poterat
1916 2255 2012 2292 inte-

482 2330 578 2354 resse
597 2332 604 2353 :
626 2330 692 2354 nos
713 2317 832 2354 eidem
856 2318 1119 2368 compatientes
1142 2322 1178 2354 et
1198 2317 1372 2367 precibus
1397 2316 1473 2354 suis
1495 2316 1790 2366 acquiescentes,
1805 2318 2012 2365 praesentes

483 2376 620 2412 litteras
654 2375 882 2413 dimissorias
911 2376 1031 2413 eidem
1066 2376 1243 2413 duximus
1279 2373 1553 2420 concedendas,
1589 2386 1720 2411 verum
1750 2372 2010 2410 paternitatem

483 2433 647 2471 Vestram
666 2434 825 2484 benigne
846 2439 1015 2484 rogantes
1037 2435 1214 2485 quatinus
1235 2447 1320 2471 eum
1339 2438 1490 2484 paterne
1507 2432 1695 2483 suscipere
1713 2443 1755 2468 ac
1770 2430 1817 2468 de
1834 2431 1915 2480 ipso
1932 2429 2011 2468 dis-
