2184 3074
724 269 883 308 conssx
912 269 1157 308 DUNENSIS.
1637 269 1708 306 357

179 387 307 432 altera,
326 399 470 424 necnon
485 400 597 438 super
609 387 784 425 omnibus
802 387 1079 434 securitatibus,
1094 387 1349 430 firmitatibus,
1365 386 1588 438 appenditiis
1606 386 1708 423 sactis

178 449 215 481 et
244 445 436 492 faciendis,
464 445 574 483 etiam
601 451 636 483 et
654 445 894 497 promittendi
913 459 956 483 ac
968 445 1138 496 jurandi,
1158 450 1270 496 prout
1286 446 1456 496 superius
1480 450 1534 483 est
1557 458 1709 495 expres-

178 515 278 549 sum,
292 503 394 554 quod
416 508 544 542 contra
570 503 607 540 id
633 504 735 555 quod
759 508 974 549 tractatum,
992 503 1133 542 dictum
1153 517 1215 541 seu
1235 503 1448 541 ordinatum
1468 508 1522 540 est
1541 502 1707 546 tractari,

180 574 243 598 seu
265 560 338 598 dici
361 566 396 598 et
419 561 583 599 ordinari
603 561 792 612 continget
817 573 929 612 super
945 574 1052 612 pace,
1067 561 1328 598 reformatione
1342 561 1460 612 pacis,
1484 561 1623 611 treugis
1644 573 1707 597 seu

181 619 356 669 hostagiis
369 619 586 670 praedictis,
605 620 817 657 nullatenus
835 618 1003 665 venient,
1022 632 1090 657 nec
1107 619 1355 665 consentient,
1373 621 1504 670 lneque
1522 619 1709 670 patientur

179 677 282 728 quod
300 677 436 728 aliquis
461 682 525 714 aut
552 677 667 728 aliqui
687 682 814 714 contra
834 677 926 714 illud
945 677 1001 714 vel
1021 677 1081 714 illa
1100 677 1237 724 veniet,
1259 677 1356 714 dicet
1373 690 1436 714 seu
1463 691 1502 715 se
1528 681 1708 728 opponet,

180 734 341 780 venient,
354 734 479 772 dicent
495 748 559 772 seu
577 748 616 772 se
629 739 834 786 opponent3
848 735 925 772 etsi
949 735 1144 784 contigerit
1158 735 1302 786 aliquos
1320 740 1384 772 aut
1401 735 1562 786 aliquem
1581 740 1707 772 contra

181 791 368 843 praedicta
380 792 437 836 vel
455 792 580 843 aliqua
597 793 872 843 praedictorum
885 792 1012 829 venire
1025 805 1090 829 seu
1104 793 1230 829 venire
1243 793 1348 839 velle,
1364 794 1464 844 quod
1481 793 1588 835 absit,
1602 805 1711 843 prae-

183 850 272 888 dicti
300 850 563 887 constituentes
590 851 707 888 dictos
741 851 1060 888 contravenientes
1086 864 1150 888 seu
1177 851 1214 887 in
1233 855 1422 901 posterum
1454 849 1709 887 contravenire

181 909 347 947 volentes
377 908 672 959 constringerent
705 908 826 945 modis
857 908 1034 945 omnibus
1067 908 1207 959 quibus
1238 914 1388 959 possent
1410 913 1451 946 ut
1467 922 1487 945 a
1512 908 1709 959 praedictis

184 965 418 1013 desisterent,
437 966 714 1017 obligandoque
733 979 772 1003 se
784 966 992 1017 praedictos
1015 967 1171 1013 nobiles,
1190 967 1389 1018 ignobiles,
1408 972 1520 1004 totam
1539 980 1710 1004 commu·

181 1026 333 1063 nitatem
352 1025 579 1076 praedictam
599 1029 635 1062 et
649 1037 777 1062 omnes
793 1029 829 1062 et
841 1025 1007 1074 singulos
1025 1024 1145 1062 dictae
1161 1025 1436 1062 communitatis
1455 1025 1500 1062 ad
1516 1025 1586 1062 hoc
1605 1026 1706 1076 quod

179 1083 297 1128 dictos
319 1083 473 1120 rebelles
491 1083 804 1134 constringerent,
823 1096 867 1119 eo
886 1083 998 1119 modo
1015 1084 1091 1134 quio
1116 1084 1249 1120 melius
1267 1083 1456 1120 videbitur
1472 1084 1657 1135 expedire,
1674 1088 1710 1121 et

179 1140 281 1190 quod
300 1140 370 1192 ipsi
388 1145 499 1177 erunt
515 1153 600 1178 cum
614 1141 810 1191 praedicto
829 1141 1079 1178 illustrissimo
1098 1154 1182 1191 rege
1199 1146 1235 1178 et
1250 1141 1421 1178 assistent
1439 1141 1558 1178 eidem
1580 1145 1707 1179 contra

178 1197 332 1235 rebelles
347 1198 512 1235 nolentes
531 1198 569 1234 in
587 1198 786 1249 praedictis
802 1199 1029 1245 consentire,
1048 1212 1115 1236 nec
1131 1212 1172 1236 ea
1187 1199 1394 1245 observare,
1411 1199 1468 1236 vel
1487 1212 1528 1236 ea
1546 1199 1710 1236 volentes

179 1256 380 1306 iufringere
408 1260 441 1292 et
470 1256 668 1306 praecipue
696 1260 825 1292 contra
857 1256 1082 1306 praedictam
1110 1269 1256 1307 pacem,
1277 1261 1422 1307 treugas
1454 1269 1518 1293 seu
1544 1255 1709 1306 hostagia

180 1319 314 1353 temere
343 1315 532 1352 venientes
562 1315 619 1351 vel
651 1315 804 1365 aliquod
835 1315 1122 1366 praemissorum
1134 1344 1143 1362 ,
1175 1315 1500 1366 promittendoque
1524 1328 1593 1366 pro
1620 1315 1709 1366 ipsis

178 1372 354 1410 omnibus
371 1377 407 1409 et
427 1385 556 1410 eorum
575 1372 730 1423 singulis
749 1372 908 1410 fideliter
925 1377 961 1410 et
979 1373 1246 1410 inviolabiliter
1262 1373 1467 1419 observare,
1483 1373 1708 1423 firmumque

178 1435 217 1468 et
233 1431 353 1468 ratum
374 1430 412 1467 in
430 1435 650 1482 perpetuum
670 1431 806 1468 habere
823 1436 860 1468 et
878 1436 1006 1468 ‘tenere
1025 1432 1206 1482 quicquid
1233 1445 1301 1482 per
1317 1431 1434 1468 dictos
1453 1435 1710 1482 procuratores

180 1489 237 1525 vel
255 1501 385 1526 eorum
403 1489 559 1526 alterum
578 1502 690 1540 super
702 1489 913 1540 praemissis
926 1490 982 1526 vel
1001 1490 1127 1540 aliquo
1141 1489 1428 1540 praemissorum
1445 1490 1580 1526 sactum
1602 1488 1710 1525 fuerit

178 1545 256 1583 sive
273 1546 431 1592 dictum,
449 1547 520 1583 sub
541 1547 767 1596 obligatione
785 1560 985 1598 corporum
1009 1547 1206 1593 heredum,
1223 1560 1494 1592 successorum,
1508 1546 1710 1597 possessio·

179 1616 283 1651 num,
300 1604 486 1642 bonorum
509 1605 678 1642 omnium
698 1605 895 1642 mobilium
915 1610 951 1642 et
969 1606 1219 1643 immobilium
1239 1619 1392 1643 suorum
1409 1605 1658 1655 praesentium
1675 1609 1711 1641 et

178 1662 412 1707 futurorum,
430 1675 472 1699 ac
499 1662 655 1700 faciendi
681 1663 806 1700 omnia
823 1667 859 1700 et
873 1663 1020 1713 singula
1039 1677 1135 1714 quae
1157 1664 1252 1701 circa
1271 1663 1326 1700 vel
1355 1676 1396 1700 ea
1419 1663 1604 1714 tangentia
1629 1663 1711 1700 fue·

178 1720 254 1758 rint
271 1725 468 1771 oportuna.
489 1721 691 1758 praemissa
709 1726 831 1758 autem
850 1722 1027 1758 omnia-et
1047 1722 1192 1772 singula
1210 1722 1381 1773 superins
1398 1734 1569 1772 expressa
1585 1733 1708 1758 coram

179 1779 342 1828 praefato
362 1783 488 1816 nostro
509 1779 652 1816 notario
671 1779 769 1816 dicta
788 1784 825 1816 et
842 1780 934 1816 facta
958 1785 1033 1817 rata
1052 1780 1231 1817 habemus
1258 1793 1299 1817 ac
1321 1780 1445 1826 firma,
1470 1783 1506 1816 et
1521 1779 1573 1816 eis
1598 1778 1709 1815 fldem

179 1835 401 1874 adhibemus
424 1849 466 1873 ac
485 1837 515 1874 si
540 1837 633 1873 sacta
651 1842 772 1874 essent
791 1850 914 1874 coram
933 1837 1042 1874 nobis
1066 1838 1143 1875 sive
1159 1838 1267 1875 dicta.
1290 1838 1331 1874 ln
1355 1850 1515 1888 quorum
1540 1836 1708 1873 omnium

180 1894 432 1932 testimonium
473 1895 731 1945 praesentibus
764 1892 895 1932 litteris
925 1895 1088 1945 sigillum
1124 1896 1233 1933 sedis
1258 1895 1500 1932 Tornacensis
1532 1894 1708 1931 duximus

179 1952 454 2002 apponendum.
469 1955 602 1990 Actum
616 1958 652 1990 et
663 1954 791 1991 datum
805 1954 939 2004 Brugis
958 1954 996 1990 in
1012 1954 1132 2004 burgo
1146 1954 1333 2004 praedicto
1345 1982 1353 1998 ,
1368 1966 1466 1990 anno
1480 1958 1515 1989 et
1528 1952 1588 1988 die
1602 1964 1711 2002 prae-

179 2009 300 2055 dictis,
322 2010 359 2047 in
379 2011 585 2061 praesentia
600 2011 695 2056 talis,
712 2011 795 2049 talis
810 2015 846 2048 et
861 2011 942 2048 talis
956 2012 1103 2049 testium
1118 2012 1164 2048 ad
1185 2011 1255 2048 hoc
1272 2011 1479 2062 specialiter
1491 2015 1706 2047 vocatorum

179 2073 215 2104 et
238 2073 466 2118 rogatorum,
483 2073 596 2119 prout
613 2069 812 2119 praemissa
838 2069 964 2106 omnia
989 2074 1025 2105 et
1053 2069 1198 2119 singula
1229 2068 1400 2119 superius
1429 2072 1574 2105 narrata
1601 2067 1709 2104 nobis

179 2125 306 2164 retulit
325 2125 446 2163 dictus
470 2126 636 2163 notarius
652 2126 736 2163 viva
761 2140 864 2173 voce,
883 2127 943 2164 cui
971 2127 1009 2163 in
1035 2126 1245 2177 praemissis
1263 2131 1299 2163 et
1316 2126 1354 2163 in
1374 2125 1577 2175 majoribus
1596 2125 1709 2162 fldem

180 2184 384 2234 plenariam
402 2184 634 2223 adhibemus.

888 2309 999 2320 -οοο-
