2184 3074
443 326 512 363 154
991 322 1154 360 CODEX
1178 322 1427 360 DUNENSIS.

441 443 655 493 specialius,
683 442 779 478 sicut
804 439 1093 490 praesumimus,
1123 437 1357 475 vendicando
1382 442 1524 488 quanto
1550 439 1698 488 plenius
1732 453 1819 491 erga
1842 440 1977 477 Christi

440 514 621 551 pauperes
639 505 675 537 et
691 498 899 550 specialiter
911 496 1143 534 verecundos
1163 495 1382 533 habundare
1399 509 1468 546 pro
1481 496 1624 534 viribus
1641 497 1855 544 consuevit,
1870 498 1978 535 annis

440 559 616 609 singulis,
642 571 706 608 per
730 569 858 594 omnes
881 559 1027 592 nostrae
1053 554 1212 591 viciniae
1236 554 1452 605 parrochias
1469 559 1506 591 et
1527 555 1617 592 alibi
1637 556 1877 606 pauperiores
1894 570 1981 607 per—

440 618 593 668 quirens
607 615 762 653 sollicite
777 619 813 651 et
827 614 1032 650 nuditatem
1053 614 1217 662 ipsorum
1234 617 1359 663 tegens
1378 613 1570 650 vestiendo
1583 617 1620 650 et
1635 614 1826 652 calciando
1836 643 1845 659 ,
1859 627 1981 665 quan-

442 679 521 712 tum
551 678 756 725 suppetunt
786 686 874 710 suae
908 675 1036 722 portae
1066 671 1165 708 bona
1196 671 1422 708 sufficienter
1454 672 1603 709 eosdem
1641 673 1707 724 qui
1739 673 1794 710 sic
1823 673 1982 711 fideliter

442 733 750 771 amministrando
769 745 915 782 semper
939 730 1100 768 intendit
1116 736 1158 767 ut
1181 730 1252 767 sub
1271 731 1353 781 ipso
1378 731 1477 768 dicta
1501 736 1608 781 porta
1625 731 1724 769 bona
1742 733 1887 769 favente
1903 731 1983 769 Dm

442 792 544 828 mino
559 791 744 841 ampliatis
764 791 802 826 in
821 790 937 840 duplo
955 788 1128 840 pluribus
1147 801 1260 839 quam
1278 789 1336 825 sui
1356 788 1655 839 praedecessores
1673 794 1860 840 poterant,
1879 794 1984 828 curat

442 850 635 887 annuatim
655 847 946 886 misericorditer
963 846 1177 898 providere,
1193 851 1228 883 et
1246 846 1332 883 licet
1349 846 1387 883 in
1407 851 1507 884 tanta
1522 848 1628 898 copia
1646 848 1743 885 sicut
1755 848 1983 899 quandoque

442 909 592 946 solitum
614 913 668 945 est
685 908 764 944 fieri
779 907 886 958 panis
902 919 977 943 non
991 905 1239 943 distribuatur
1257 905 1415 952 ibidem,
1430 906 1501 943 hoc
1516 906 1716 957 peripsum
1735 919 1812 944 non
1829 911 1901 953 est,
1919 906 1983 944 sed

442 982 508 1019 per
530 980 700 1004 annonae
726 966 931 1012 desectum,
955 978 1067 1016 quem
1094 977 1203 1002 suum
1227 965 1494 1002 monasterium
1518 964 1675 1002 sustinet
1691 977 1768 1002 non
1786 964 1983 1015 gaudendo

443 1027 482 1063 in
500 1026 674 1063 Zelandia
694 1025 771 1062 suis
789 1024 918 1070 bonis,
937 1028 973 1061 et
992 1027 1145 1074 propter
1165 1023 1362 1074 dispendia
1386 1024 1550 1074 plurima
1575 1036 1671 1074 quae
1690 1023 1815 1074 ipsu‘m
1834 1035 1985 1061 monas·-

442 1085 576 1122 terium
598 1084 810 1121 afflixerunt
830 1083 951 1120 acrius
977 1087 1013 1120 et
1037 1083 1231 1134 affligunt,
1258 1083 1360 1134 quod
1385 1083 1539 1134 quidem
1566 1083 1834 1120 monasterium
1853 1095 1983 1120 omnes

443 1156 555 1193 panes
573 1143 637 1193 qui
657 1142 981 1179 distribuebantur
998 1141 1045 1178 ad
1062 1141 1143 1191 ejus
1161 1145 1308 1191 portam
1327 1141 1505 1178 exhibere
1523 1141 1666 1178 solebat
1683 1145 1719 1178 et
1735 1141 1859 1178 adhuc
1876 1139 1985 1178 exhi-

442 1201 504 1238 bet
518 1205 677 1251 quantos
693 1204 824 1251 potest.

1150 1273 1271 1283 ψ

1161 1416 1270 1453 XCll.

669 1534 775 1572 Bulle
793 1533 1048 1572 d’Aleaeandre
1066 1533 1128 1571 IV
1133 1545 1177 1570 en
1194 1533 1331 1583 faveur
1351 1533 1414 1570 des
1432 1533 1567 1570 Freres
1586 1533 1763 1570 mineurs.

492 1727 702 1764 Alexander
730 1727 944 1778 episcopus,
977 1732 1044 1765 etc.
1075 1728 1250 1765 Coelestis
1280 1740 1385 1764 amor
1414 1727 1555 1778 patriae
1587 1731 1728 1765 mentes
1761 1732 1901 1765 vestras
1932 1728 1986 1766 sic

446 1787 615 1823 allexisse
650 1786 900 1836 prospicitur,
937 1791 978 1823 ut
1013 1787 1119 1837 quasi
1156 1787 1228 1823 hoc
1262 1787 1384 1824 solum
1420 1785 1528 1823 vobis
1563 1785 1807 1822 delectionem
1849 1786 1989 1824 tribuat

445 1845 548 1896 quod
571 1845 719 1881 divinae
736 1845 918 1881 voluntati
945 1845 991 1882 sit
1011 1845 1188 1896 placitum
1213 1849 1250 1882 et
1276 1845 1431 1882 salutem
1458 1844 1622 1894 proferat
1643 1844 1865 1880 animarum.
1891 1845 1988 1882 Hinc

446 1909 500 1941 est
516 1905 617 1955 quod
633 1918 700 1941 nos
719 1905 857 1941 intuitu
876 1905 1146 1942 sincerissimae
1160 1904 1368 1941 devotionis
1387 1908 1529 1941 vestrae
1548 1917 1590 1940 ac
1603 1903 1760 1941 obtentu
1777 1903 1902 1941 dilecti
1920 1903 1987 1940 tilii

389 1995 393 1999 .
447 1965 562 2002 nostri
576 1966 602 2001 Ι.
618 1969 706 2001 tunc
721 1965 844 2002 Sancti
860 1965 1048 2001 Laurentii
1066 1965 1103 2001 in
1121 1964 1261 2002 Lucina
1275 1964 1483 2015 presbyteri
1498 1963 1709 2010 cardinalis,
1719 1964 1797 2014 qui,
1810 1968 1986 2015 tanquam

446 2024 557 2061 vestri
582 2023 725 2060 ordinis
746 2028 938 2074 promotor
961 2023 1150 2070 assiduus,
1177 2023 1409 2060 necessitates
1441 2020 1752 2059 monasteriorum
1778 2026 1987 2060 vestrorum

447 2083 555 2120 nobis
580 2087 790 2119 reverenter
812 2083 1000 2133 exposuit,
1026 2087 1062 2119 et
1079 2096 1191 2133 super
1209 2082 1282 2119 illis
1301 2086 1448 2119 nostrae
1468 2081 1694 2132 provisionis
1713 2081 1895 2118 auxilium
1915 2081 1988 2119 im-

447 2141 627 2192 ploravit,
645 2141 752 2178 vobis
771 2141 988 2178 auctoritate
1010 2141 1262 2191 praesentium
1287 2140 1524 2190 indulgemus
1544 2144 1587 2176 ut
1605 2139 1802 2177 hominum
1821 2140 1986 2177 saecula-

447 2201 544 2237 rium
559 2201 605 2237 ad
619 2207 782 2237 vestrum
803 2201 995 2238 servitium
1015 2201 1343 2246 commorantium,
1362 2200 1544 2251 quamdiu
1564 2204 1652 2237 sunt
1669 2200 1706 2236 in
1725 2203 1846 2236 vestro
1865 2200 1988 2236 famu-

448 2260 542 2304 latu,
568 2259 675 2296 liceat
700 2260 954 2297 sacerdotibus
972 2260 1018 2297 de
1045 2260 1175 2297 vestris
1197 2259 1461 2305 conventibus,
1484 2271 1579 2309 quos
1598 2271 1663 2295 vos
1685 2257 1753 2295 filii
1771 2257 1923 2295 abbates
1939 2257 1986 2295 ad

448 2317 519 2354 hoc
545 2317 711 2366 ydoneos
741 2318 922 2355 duxeritis
952 2318 1204 2369 deputandos,
1237 2317 1490 2355 consessiones
1519 2317 1649 2354 audire
1679 2320 1715 2354 et
1740 2316 1986 2367 poenitentias

446 2377 622 2414 salutares
648 2377 699 2413 eis
725 2377 939 2428 injungere,
961 2383 1073 2428 prout
1098 2377 1305 2416 secundum
1332 2377 1529 2414 dominum
1550 2376 1714 2413 viderint
1741 2375 1913 2426 expedire
1943 2389 1987 2413 ac

447 2439 587 2473 caetera
612 2435 855 2473 ecclesiastica
879 2441 1125 2483 sacramenta,
1149 2450 1235 2474 cum
1262 2449 1409 2473 necesse
1435 2435 1564 2481 fuerit,
1588 2434 1775 2471 exhibere.
1808 2433 1866 2471 Ad
1897 2433 1986 2471 haec
