2184 3074
434 354 483 391 30
992 348 1154 386 CODEX
1179 348 1424 386 DUNENSIS.

438 469 583 507 abbatis
601 468 724 507 Sancti
742 467 904 504 Bavonis
922 467 960 503 in
980 466 1159 503 Gandavo
1176 466 1419 516 suscepimus,
1445 466 1677 504 continentes
1698 467 1802 518 quod
1827 468 1906 519 ipse
1926 467 1974 504 de

438 541 588 566 assensu
606 526 758 577 capituli
778 526 836 562 sui
853 529 889 562 et
909 525 1211 575 presbyterorum
1234 524 1358 562 Sancti
1385 524 1594 571 Michaelis,
1621 524 1723 562 salvo
1743 525 1830 575 jure
1853 539 1918 563 suo
1939 529 1975 563 et

439 586 613 624 ecclesiae
639 597 726 622 suae
748 588 783 620 et
804 583 903 620 salvo
924 583 1009 632 jure
1030 582 1249 633 parrochiae
1276 583 1528 629 sacerdotum,
1553 582 1714 632 benigne
1737 583 1908 621 concedit
1933 587 1976 620 ut
2018 590 2021 593 “

439 650 542 682 extra
555 643 775 680 Gandavum
790 641 1055 678 monasterium
1071 640 1289 677 monialium
1305 641 1557 678 Cisterciensis
1571 641 1714 678 ordinis
1728 646 1975 689 construatur,

441 704 489 740 ita
503 701 606 752 quod
620 701 666 737 de
680 699 786 737 terris
800 712 896 750 quae
910 699 1071 735 decimas
1085 699 1227 735 solvere
1242 703 1530 743 consueverunt,
1548 699 1690 736 dictum
1709 701 1975 738 monasterium

440 762 485 798 de
503 765 623 797 cetero
642 758 803 795 decimas
821 757 900 794 sine
923 756 1218 793 contradictione
1242 756 1428 806 persolvat
1448 760 1484 793 et
1506 761 1619 794 terras
1646 757 1684 794 in
1708 757 1825 795 fundo
1852 758 1976 796 Sancti

440 818 600 857 Bavonis
619 816 724 853 nullo
742 816 890 866 penitus
908 815 1020 851 modo
1034 814 1114 851 sine
1127 827 1310 851 consensu
1324 814 1469 852 abbatis
1485 814 1608 852 Sancti
1623 816 1784 853 Bavonis
1798 816 1977 867 acquirat.

441 880 478 917 Si
494 892 586 930 quas
601 881 722 914 autem
739 881 852 913 terras
871 876 909 912 in
925 875 1043 912 fundo
1060 875 1183 912 Sancti
1201 874 1362 912 Bavonis
1381 875 1668 925 comparaverit,
1686 876 1978 926 recognitionem

441 936 639 988 emptionis
661 934 768 984 juxta
793 933 1100 971 consuetudinem
1127 932 1302 969 ecclesiae
1326 932 1450 970 Sancti
1477 933 1638 970 Bavonis
1662 934 1866 984 persolvat,
1884 933 1981 971 sicut

441 995 586 1033 easdem
605 999 718 1031 terras
734 994 861 1043 laycus
875 996 1134 1043 comparasset.
1153 991 1250 1040 Quia
1263 1004 1351 1028 vero
1367 991 1483 1028 dictas
1498 995 1613 1029 terras
1627 992 1674 1029 ab
1693 992 1775 1043 ipso
1794 1005 1979 1043 possessas

442 1067 517 1091 non
539 1052 728 1102 continget
744 1050 855 1087 vendi
875 1050 1027 1087 forsitan
1048 1050 1096 1086 ita
1114 1050 1326 1100 frequenter
1343 1063 1385 1086 ac
1403 1049 1432 1086 si
1452 1063 1511 1086 eas
1530 1049 1634 1099 layca
1652 1063 1809 1101 persona
1828 1054 1979 1097 teneret,

441 1111 690 1163 saepedictum
707 1109 971 1147 monasterium
989 1109 1208 1146 monialium
1223 1108 1328 1145 dabit
1343 1114 1547 1146 memorato
1565 1109 1691 1146 abbati
1709 1110 1872 1161 aliquem
1891 1122 1980 1147 cen-

442 1184 523 1208 sum
542 1183 710 1207 annuum
730 1169 777 1205 ab
798 1169 879 1219 ipso
898 1169 1031 1205 abbate
1049 1168 1320 1219 imponendum
1339 1173 1376 1205 et
1399 1168 1613 1205 taxandum.
1638 1169 1804 1219 Laycum
1828 1182 1981 1220 quoque

442 1242 565 1267 coram
591 1228 724 1265 abbate
748 1227 936 1264 tenebitur
956 1226 1199 1272 substituere,
1225 1226 1290 1277 qui
1315 1226 1362 1262 de
1385 1226 1494 1263 dictis
1519 1226 1625 1264 terris
1650 1226 1829 1264 relevium
1854 1226 1980 1264 abbati

443 1289 561 1325 solvat
585 1291 620 1324 et
642 1286 688 1323 de
710 1286 886 1323 omnibus
905 1285 950 1322 ad
966 1285 1028 1335 jus
1046 1285 1152 1322 fundi
1171 1285 1445 1336 pertinentibus
1461 1285 1703 1335 respondeat,
1723 1299 1765 1322 ae
1785 1285 1815 1323 si
1835 1286 1981 1323 easdem

445 1351 557 1384 terras
575 1346 703 1395 laycus
721 1343 936 1395 possideret.
953 1345 1008 1381 De
1026 1344 1132 1381 terris
1149 1357 1302 1394 quoque
1321 1344 1358 1380 in
1378 1348 1484 1394 prato
1502 1344 1549 1380 de
1567 1344 1667 1381 Herk
1687 1373 1837 1381 ......
1853 1344 1983 1394 jacen—

444 1405 544 1442 tibus
562 1403 699 1441 habitis
717 1403 774 1439 vel
794 1403 1042 1453 acquirendis,
1056 1415 1125 1453 pro
1143 1403 1313 1453 quolibet
1326 1403 1482 1440 bonario
1497 1416 1650 1440 censum
1666 1416 1729 1440 sex
1743 1403 1982 1451 denariorum

444 1465 548 1501 dabit
569 1463 694 1500 abbati
717 1463 824 1500 annis
851 1462 1006 1512 singulis
1025 1462 1063 1498 in
1082 1462 1174 1499 festo
1193 1462 1315 1499 Sancti
1337 1462 1509 1499 Bavonis.
1534 1462 1579 1499 Et
1597 1461 1625 1499 si
1645 1475 1737 1512 quas
1755 1466 1869 1499 terras
1887 1474 1984 1512 quae

444 1522 569 1560 abbati
587 1522 728 1559 solvere
744 1521 906 1558 decimas
926 1525 1213 1566 consueverunt,
1233 1520 1270 1556 in
1290 1525 1390 1557 ortos
1414 1521 1471 1557 vel
1493 1521 1659 1571 pomeria
1682 1521 1906 1558 converterit
1925 1521 1983 1557 vel

445 1581 622 1619 aedificiis
635 1580 888 1631 occupaverit,
904 1580 1110 1630 dampnum
1130 1579 1217 1616 inde
1235 1579 1456 1629 proveniens
1478 1579 1602 1616 abbati
1630 1579 1819 1616 tenebitur
1841 1583 1979 1616 restau-

445 1654 542 1686 rare,
557 1640 586 1677 si
602 1643 740 1676 tantam
758 1643 889 1675 terram
909 1639 948 1675 in
967 1638 1175 1688 praedictos
1192 1651 1282 1674 usus
1301 1638 1544 1688 assumpserit
1560 1637 1662 1688 quod
1682 1638 1833 1675 evidens
1852 1637 1985 1688 damp-

447 1712 537 1736 num
556 1698 642 1734 inde
659 1697 881 1748 proveniens
900 1697 1019 1733 abbas
1036 1696 1197 1733 noluerit
1222 1696 1415 1732 sustinere.
1440 1696 1512 1732 Pro
1535 1696 1878 1746 recompensatione
1897 1708 1985 1733 vero

448 1757 547 1794 illius
563 1756 714 1807 dampni
730 1756 954 1806 saepefatum
967 1755 1231 1792 monasterium
1242 1758 1491 1805 competentes
1501 1754 1667 1791 redditus
1682 1755 1719 1791 in
1735 1755 1852 1791 fundo
1862 1754 1986 1792 Sancti

448 1815 608 1853 Bavonis
632 1814 756 1851 abbati
780 1814 967 1850 tenebitur
988 1813 1191 1863 assignare,
1210 1817 1264 1858 et,
1287 1813 1315 1849 si
1344 1812 1496 1862 quando
1515 1812 1612 1848 idem
1634 1813 1898 1849 monasterium
1919 1812 1987 1850 lia-

448 1868 579 1912 buerit
592 1873 837 1918 abbatissam,
861 1873 999 1909 litteras
1020 1872 1137 1923 ipsjus
1159 1871 1204 1908 de
1225 1871 1488 1908 ratihabitione
1511 1875 1712 1908 memorata
1732 1871 1857 1908 abbati
1879 1871 1986 1909 exhi-

448 1933 535 1970 bere
553 1931 704 1968 debebit
723 1935 886 1967 tenorem
906 1930 1206 1981 praecedentium
1227 1930 1470 1967 continentes.

497 1991 571 2028 Nos
589 1990 703 2041 igitur
720 1989 801 2040 paci
821 1994 857 2026 et
873 1989 1092 2026 concordiae
1110 1989 1383 2039 praedictarum
1403 1989 1640 2026 ecclesiarum
1659 1989 1824 2026 volentes
1842 1989 1878 2025 in
1898 2002 1984 2040 pos-

449 2054 567 2086 terum
599 2048 795 2099 providere
809 2077 818 2094 ,
845 2048 1049 2098 praefatam
1081 2048 1358 2085 concessionem
1391 2052 1428 2085 et
1457 2048 1683 2099 praedictam
1712 2047 1985 2085 ordinationem

450 2112 544 2145 ratas
563 2111 599 2144 et
615 2111 734 2157 gratas
754 2106 936 2143 habemus
958 2111 994 2143 et
1015 2107 1216 2156 praesentis
1243 2107 1371 2157 scripti
1398 2106 1607 2156 patrocinio
1634 2106 1923 2143 communimus.
1949 2105 1986 2144 Si

449 2179 536 2203 vero
562 2179 673 2215 super
697 2165 778 2202 aliis
803 2165 968 2202 articulis
999 2165 1064 2215 qui
1092 2165 1263 2215 superius
1291 2178 1365 2201 non
1394 2169 1481 2202 sunt
1506 2164 1686 2215 expressi,
1716 2164 1812 2201 inter
1841 2164 1987 2202 easdem

450 2224 618 2260 ecelesias
636 2223 803 2273 quaestio
823 2224 981 2268 oriatur,
1001 2237 1068 2260 nos
1087 2223 1402 2274 conquerentibus
1420 2237 1531 2274 super
1550 2223 1622 2260 hiis
1641 2223 1789 2273 plenam
1804 2222 1988 2272 justitiam

451 2281 727 2328 exhibebimus,
742 2286 777 2318 et
791 2282 887 2318 inter
901 2282 997 2332 ipsas
1016 2282 1186 2319 ecclesias
1205 2295 1333 2332 pacem
1353 2287 1388 2319 et
1405 2281 1642 2319 concordiam
1662 2280 1876 2317 curabimus
1895 2292 1987 2317 con-

451 2353 613 2384 servare,
629 2339 713 2389 jure
731 2340 905 2376 ecclesiae
923 2340 1046 2377 Sancti
1067 2340 1228 2387 Bavonis
1246 2345 1282 2377 et
1303 2340 1388 2390 jure
1408 2340 1660 2377 Cisterciensis
1678 2338 1821 2376 ordinis
1842 2351 1989 2389 semper

451 2398 563 2435 salvo.
582 2398 630 2436 Ut
648 2397 738 2434 haec
754 2402 876 2434 autem
895 2399 1001 2435 firma
1025 2403 1281 2449 permaneant,
1301 2404 1509 2450 praesentes
1533 2399 1672 2436 litteras
1694 2397 1807 2435 scribi
1832 2397 1987 2434 fecimus

452 2460 487 2493 et
504 2456 614 2507 sigilli
635 2456 749 2493 nostri
769 2457 977 2494 munimine
994 2458 1174 2495 roborari.
1194 2460 1327 2496 Actum
1339 2487 1348 2505 ,
1367 2463 1434 2496 etc.
