2184 3074
436 326 508 364 588
928 326 1085 364 TABLE
1110 327 1202 365 DES
1227 318 1477 365 MATOEREs.

436 480 553 518 Letlre
572 481 615 518 de
631 481 802 517 cre'ance.
824 494 826 496 ’
857 509 864 516 .
980 508 1847 520 ...............

435 540 554 577 Lettre
572 540 615 576 de
632 539 967 576 recommandation
984 552 1085 589 pour
1102 552 1154 576 zm
1172 553 1358 591 messaqer
1374 540 1512 592 charqe
1527 541 1571 578 de
1588 540 1762 580 chercher
1785 542 1847 580 des

486 598 646 648 harenqs
672 627 1847 640 ....................

436 658 553 693 Letcre
571 657 732 693 d'amitie'
734 686 1849 699 ...................

435 716 672 752 Nomination
691 715 734 752 de
752 715 899 764 deputes
917 715 1072 767 charqe's
1090 716 1133 753 de
1151 720 1282 754 traiter
1299 730 1384 755 avec
1402 718 1433 755 le
1449 720 1510 756 roi
1525 719 1568 756 de
1586 720 1730 757 France
1778 751 1783 757 .
1840 750 1845 756 .

434 774 615 811 Pouvoirs
636 774 773 810 donnes
786 786 865 823 par
881 773 994 811 l'abbe'
1013 774 1056 811 de
1085 773 1233 812 Thosan
1254 788 1356 825 pour
1376 778 1506 814 traiter
1526 778 1570 815 de
1594 778 1630 815 la
1649 780 1744 828 paim
1765 792 1849 817 avec

483 832 514 868 le
533 833 591 869 roi
606 832 649 868 de
666 833 809 869 France
853 861 1848 875 .................

434 891 665 928 Mandement
682 891 815 941 relatis
824 905 874 929 au
888 898 1085 942 payement
1102 892 1146 929 de
1163 904 1200 930 ce
1217 894 1284 943 qui
1299 900 1351 931 est
1366 894 1419 931 da
1438 907 1488 931 au
1501 896 1561 932 roi
1572 896 1615 933 de
1627 897 1784 934 France.
1839 927 1845 933 .

434 950 485 987 La
505 955 674 986 comtesse
690 950 916 999 Marquerice
934 950 978 987 de
995 950 1161 988 Flamlre
1178 951 1344 989 ordonne
1360 952 1421 990 des
1441 954 1585 1002 prieres
1606 955 1629 991 ἀ
1655 954 1846 993 l'occasion

481 1008 525 1045 de
544 1008 778 1045 l’ave'nemem
794 1009 837 1045 de
855 1009 1031 1059 Gre'qoire
1047 1009 1089 1046 Χ
1093 1039 1099 1045 .
1159 1039 1166 1046 .
1221 1039 1227 1047 .
1285 1007 1296 1046 .’
1346 1040 1847 1051 .........

435 1069 551 1104 Lettre
572 1068 616 1104 de
638 1067 674 1104 la
700 1073 868 1105 comtesse
893 1068 936 1105 de
962 1069 1128 1106 Flandre
1153 1082 1204 1106 au
1227 1082 1323 1120 pape
1343 1083 1446 1120 pour
1470 1071 1502 1108 Ie
1529 1072 1686 1122 feliciter
1710 1073 1754 1110 de
1780 1086 1847 1111 son

481 1127 691 1163 ave'nement
707 1139 757 1162 au
777 1127 879 1163 trane
891 1127 1085 1177 pontifical
1099 1156 1844 1168 .............

432 1185 550 1221 Letlre
579 1184 622 1221 de
649 1183 684 1221 la
711 1189 880 1221 comtesse
904 1184 948 1222 de
973 1185 1139 1222 Flandre
1165 1199 1215 1223 au
1236 1199 1333 1236 pape
1355 1199 1399 1224 en
1421 1188 1557 1237 faveur
1572 1188 1618 1226 de
1635 1189 1848 1227 Guillaume

481 1243 524 1280 de
541 1243 710 1293 Licques,
730 1242 910 1280 chanoine
928 1243 972 1280 de
994 1244 1212 1282 Te'rouanne
1224 1273 1850 1285 ...........

431 1303 484 1338 La
510 1306 679 1338 comlesse
702 1300 747 1338 de
769 1301 934 1338 Flandre
958 1303 1130 1339 remercie
1154 1303 1185 1340 le
1206 1315 1302 1352 pape
1324 1305 1500 1355 Gre'qoire
1525 1305 1567 1342 X
1583 1305 1626 1342 de
1649 1319 1687 1343 ce
1709 1306 1801 1356 qu’il
1823 1320 1847 1343 a

476 1361 548 1410 fait
565 1372 609 1396 en
626 1359 763 1409 faveur
779 1359 822 1396 de
839 1372 895 1396 ses
909 1360 1118 1411 petits-fils,
1138 1361 1289 1407 Robert,
1308 1369 1421 1400 comte
1441 1363 1485 1400 de
1503 1364 1656 1409 Nevers,
1675 1370 1709 1402 et
1734 1366 1845 1410 Jean,

471 1419 601 1467 pre'vdt
617 1417 660 1454 de
678 1416 835 1467 Bruqes.
881 1447 888 1454 .
943 1447 950 1454 .
1006 1447 1013 1455 .
1066 1447 1074 1455 .
1154 1448 1845 1460 ............
1859 1439 1865 1443 -

428 1478 483 1514 La
501 1481 670 1513 comtesse
688 1475 731 1512 de
749 1476 914 1514 Flandre
931 1477 1083 1514 accorde
1105 1490 1178 1515 une
1197 1481 1353 1528 pensiore
1378 1479 1421 1517 de
1442 1486 1522 1517 cent
1544 1480 1653 1518 livres
1671 1482 1694 1518 ἁ
1718 1481 1847 1519 Ysem-

476 1534 586 1579 hard,
602 1535 744 1571 notaire
761 1534 812 1571 du
827 1547 923 1584 pape
974 1564 1351 1573 .......
1391 1553 1398 1561 ,
1402 1566 1717 1576 ......
1760 1569 1781 1581 μ.
1835 1568 1844 1577 .

428 1594 671 1644 Μανραενίιε,
693 1598 862 1630 comtesse
886 1593 930 1630 de
952 1594 1133 1640 Flandre,
1159 1600 1192 1631 et
1213 1607 1280 1632 son
1295 1595 1357 1645 fils
1377 1596 1454 1636 Gui
1471 1599 1686 1635 remercient
1704 1598 1735 1635 le
1748 1610 1846 1648 pape

478 1651 653 1701 Gre'qoire
669 1651 711 1687 Χ
727 1651 871 1688 d'avoir
887 1651 1009 1689 donne'
1025 1653 1061 1690 la
1081 1665 1169 1690 cure
1186 1653 1229 1691 de
1245 1654 1369 1692 Gassel
1385 1655 1409 1691 ἀ
1427 1655 1510 1692 leur
1526 1655 1720 1705 chapelain
1735 1657 1845 1695 Guil-

477 1710 599 1746 laume
615 1709 659 1746 de
678 1710 712 1746 V
716 1711 859 1760 erlainq
905 1740 1842 1754 ................

428 1770 546 1806 Lettre
565 1769 848 1819 destonsolation
852 1799 1844 1813 .................

427 1828 608 1864 Pouvoirs
626 1828 764 1865 donne's
782 1830 804 1866 ἀ
822 1829 883 1867 des
901 1830 1186 1869 ambassadeurs
1208 1834 1359 1883 envoye's
1378 1846 1422 1870 en
1442 1833 1657 1884 Allemaqne
1709 1864 1716 1871 .
1771 1864 1777 1871 .

429 1887 544 1923 Lettre
560 1886 603 1923 de
620 1886 656 1923 la
674 1893 842 1925 comtesse
858 1889 901 1925 de
915 1890 1079 1927 Flandre
1091 1903 1142 1927 au
1153 1903 1248 1941 pape
1261 1905 1305 1929 en
1318 1892 1455 1942 faveur
1471 1893 1514 1930 de
1531 1892 1644 1930 l'abbe'
1659 1893 1703 1931 de
1719 1893 1841 1931 Clair—

477 1959 578 1983 vaux
605 1975 1845 1990 .....................

428 2004 545 2040 Lettre
574 2004 617 2041 de
646 2005 793 2050 Pierre,
820 2007 949 2057 e'veqae
974 2008 1152 2055 d’Arras,
1178 2023 1229 2047 aa
1253 2023 1350 2060 pape
1375 2024 1420 2048 en
1445 2011 1581 2062 savem·
1606 2012 1649 2049 de
1676 2013 1771 2049 Jean
1797 2012 1843 2049 de

478 2062 660 2108 Flandre,
684 2064 814 2112 pre'vdt
834 2065 878 2102 de
904 2066 1065 2117 Bru-qes,
1092 2070 1159 2117 qui
1181 2069 1396 2106 demandait
1420 2070 1456 2107 la
1478 2067 1629 2120 pre'viite'
1653 2070 1697 2108 de
1719 2071 1846 2108 Saint-

479 2124 592 2157 Amat
609 2122 652 2158 de
671 2123 803 2173 Douay
844 2152 1845 2166 .................

430 2180 550 2216 Letlre
572 2179 615 2216 de
639 2180 675 2217 la
693 2187 861 2219 comcesse
885 2183 928 2220 de
951 2184 1116 2222 Flandre
1139 2186 1162 2222 ἀ
1188 2199 1240 2223 tm
1262 2186 1436 2224 cardinal
1459 2200 1502 2224 en
1521 2188 1657 2238 savem·
1672 2188 1716 2225 de
1736 2188 1845 2226 Guil-

479 2238 616 2284 laume,
637 2239 815 2277 chanoine
832 2241 876 2278 de
897 2242 1113 2280 Te'rouanne
1155 2273 1841 2284 ............

430 2298 550 2334 Leltre
575 2297 618 2334 de
643 2298 678 2334 la
701 2305 870 2337 comtesse
895 2302 1122 2352 Marquerile
1155 2316 1206 2340 au
1230 2304 1347 2354 doyen
1374 2310 1406 2342 et
1431 2317 1480 2342 au
1510 2305 1676 2354 chapilre
1700 2305 1744 2342 de
1778 2306 1846 2343 Τέ-

479 2368 659 2401 νοιιαηηθ,
679 2370 729 2394 au
747 2358 843 2407 sujet
859 2359 948 2396 d'un
970 2360 1151 2410 differend
1164 2367 1265 2399 entre
1277 2363 1395 2400 Marie
1408 2363 1445 2400 d’
1452 2363 1485 2400 Y
1480 2375 1568 2412 pres
1585 2369 1616 2400 et
1632 2363 1844 2401 Guillaunae

481 2413 524 2450 de
542 2414 674 2459 Heule,
695 2414 875 2453 chevalier
913 2447 1289 2456 .......
1309 2451 1314 2453 .
1344 2450 1843 2458 .........

1902 444 1956 463 91581
1965 446 1970 456 2

1898 1423 1971 1460 564

1897 1540 1968 1578 565

1898 1747 1970 1815 566

1831 1865 1839 1872 .
1895 1836 1967 1874 567

1922 1954 1966 1992 ib.

1896 2130 1968 2168 568

1895 2247 1967 2286 569

1920 2422 1964 2459 ib.
