2184 3074
452 281 456 289 “
475 272 548 310 306
1029 270 1190 308 CODEX
1215 270 1462 309 DUNENSlS.

474 395 509 427 et
526 395 678 441 propter
697 394 866 427 curatum
894 402 957 425 seu
985 392 1162 424 rectorem
1183 386 1397 423 habendum
1418 388 1454 423 in
1478 388 1700 437 parrochiali
1725 384 1895 435 ecclesia!
1914 402 2008 440 quae

473 462 539 499 per
556 453 711 484 mortem
731 448 786 484 sui
807 446 958 483 rectoris
979 446 1088 482 fuerit
1105 444 1287 490 desolata,
1316 445 1476 482 liberum
1502 445 1548 481 ad
1572 446 1713 483 curiam
1739 447 1768 483 T
1770 459 2007 484 ornacensem

472 519 567 556 quae
584 510 638 542 est
661 506 707 542 dc
724 505 894 542 districtu
922 503 1075 540 illustris
1099 503 1281 553 principis
1303 503 1445 540 domini
1474 503 1638 554 Philippi
1662 504 1758 554 regis
1780 504 2008 542 Francorum

471 564 612 600 aditum
643 567 803 613 nequeat
828 562 981 607 habere,
1009 574 1077 598 nec
1103 574 1306 607 recessum7
1334 561 1381 597 de
1411 561 1550 611 quibus
1580 561 1756 599 omnibus
1786 562 2008 612 supradictis

471 621 731 672 unusquisque
749 622 912 658 decanus
930 620 967 657 in
984 633 1052 657 suo
1069 620 1252 657 decanatu
1270 619 1411 670 populo
1431 620 1512 656 vice
1525 625 1561 657 et
1575 620 1727 658 nomine
1741 622 1904 672 episcopi
1919 622 2009 659 sole—

471 680 533 716 bat
551 680 746 729 providere
764 684 800 716 et
815 683 999 730 praestare
1013 678 1189 728 juvamen
1201 708 1210 724 ,
1229 683 1265 715 et
1283 679 1368 715 talia
1387 683 1423 715 et
1441 679 1650 716 consimilia
1669 680 1716 716 al)
1734 681 1898 731 antiquis
1915 687 2008 719 tem-

470 737 624 787 poribus
651 751 718 787 per
742 737 901 775 decanos
927 737 1239 774 christianitatum
1267 737 1454 787 provideri
1482 742 1518 774 et
1545 737 1623 774 fieri
1654 745 1945 785 consueverunt,
1972 745 2007 776 et

470 795 570 832 unde
595 809 681 832 cum
706 796 828 832 omnis
851 796 1014 846 populus
1039 803 1156 832 terrae
1174 795 1371 832 Flandriae
1397 800 1434 832 et
1451 795 1660 846 specialiter
1677 796 1952 848 burgimagistri
1972 803 2008 834 et

469 853 632 899 scabini7
660 858 811 904 totaque
837 854 1086 891 communitas
1114 854 1224 890 villae
1244 853 1446 904 Brugensis
1472 854 1536 904 qui
1562 867 1708 904 semper
1730 854 1846 905 parati
1863 859 1954 892 sunt
1971 861 2005 892 et

469 917 615 961 paratos
644 926 681 949 se
706 913 869 949 offerunt
895 926 979 949 cum
999 913 1130 949 effectu
1155 912 1331 949 adversus
1355 926 1483 949 omnes
1509 912 1556 948 de
1582 926 1620 950 sc
1645 918 1914 964 conquerentes
1938 914 2004 964 qui

467 974 595 1006 contra
628 970 727 1020 ipsos
758 970 918 1021 experiri
950 970 1083 1017 velint,
1113 974 1208 1008 stare
1234 971 1310 1016 juri
1338 983 1462 1007 coram
1480 983 1548 1008 suo
1573 970 1701 1020 judice
1724 971 1915 1008 ordinario
1940 984 2004 1008 seu

468 1041 591 1065 coram
617 1029 908 1079 quibuscunque
928 1028 1121 1078 judicibus
1146 1042 1374 1079 quacunque
1395 1029 1612 1066 auctoritate
1638 1029 1898 1079 fungentibus,
1920 1042 2005 1067 sen·-

468 1087 566 1123 tiunt
589 1100 627 1123 se
653 1100 698 1123 ex
732 1086 928 1137 praedictis
952 1086 1160 1123 rationibus
1185 1091 1220 1123 et
1241 1086 1322 1124 aliis
1347 1087 1429 1124 loco
1453 1091 1489 1123 et
1511 1091 1678 1137 tempore
1702 1087 1941 1126 ostendendis
1970 1093 2006 1125 et
2043 1100 2048 1105 “

466 1145 699 1182 declarandis
726 1145 892 1182 indebite
919 1150 1046 1182 contra
1071 1146 1133 1195 jus
1158 1150 1195 1182 et
1215 1145 1396 1195 justitiam
1424 1150 1460 1183 et
1480 1146 1576 1195 juris
1599 1146 1732 1183 ordine
1756 1145 1834 1183 >non
1859 1152 2002 1184 servato

467 1203 715 1254 praegravari,
731 1204 952 1254 dominique
966 1204 1244 1255 burgimagistri
1259 1208 1296 1240 et
1308 1204 1450 1241 scabini
1465 1217 1508 1241 ac
1521 1204 1770 1241 communitas
1782 1204 1891 1241 villae
1904 1217 2007 1255 prae-

466 1261 585 1298 dictac
604 1262 758 1298 timeant
782 1276 826 1299 ex
845 1263 1044 1313 praedictis
1070 1267 1105 1299 et
1130 1262 1211 1299 aliis
1233 1262 1500 1300 verisimilibus
1518 1267 1554 1300 et
1574 1263 1835 1314 probabilibus
1854 1262 2005 1314 conjec-

467 1320 560 1356 turis
578 1320 681 1370 quod
701 1321 798 1357 idem
819 1321 995 1358 dominus
1013 1321 1210 1372 episcopus
1228 1334 1293 1358 seu
1314 1321 1407 1358 alter
1425 1322 1576 1358 nomine
1603 1322 1720 1372 ipsius
1739 1322 1777 1358 in
1798 1323 1897 1372 ipsos
1913 1322 2005 1359 bur-

464 1378 715 1428 gimagistros,
742 1379 914 1416 scabinos
938 1384 973 1416 et
998 1380 1302 1416 communitatem
1327 1379 1553 1430 praedictam
1579 1379 1626 1416 de
1650 1380 1746 1417 sacto
1770 1380 1817 1416 ad
1839 1380 2002 1417 savorem

465 1438 619 1475 illustris
637 1439 732 1489 regis
748 1439 926 1489 praedicti
947 1452 1011 1476 seu
1036 1452 1189 1476 suorum
1215 1443 1252 1476 et
1275 1439 1313 1475 in
1339 1439 1468 1476 odium
1491 1443 1609 1476 terrae
1627 1439 1838 1484 Flandriae,
1865 1444 1902 1476 et
1918 1451 2003 1489 spe-

465 1495 607 1533 cialiter
625 1497 662 1533 in
683 1497 811 1533 odium
832 1497 1206 1547 burgimagistrorum
1226 1503 1262 1534 et
1279 1497 1517 1534 scabinorum
1538 1510 1581 1534 ac
1599 1497 1877 1534 communitatis
1895 1497 2003 1534 villae

466 1555 684 1605 Brugensis,
703 1556 767 1606 qui
788 1569 934 1606 semper
949 1556 1067 1606 parati
1087 1561 1176 1593 sunt
1193 1561 1229 1592 ct
1246 1560 1394 1606 paratos
1413 1569 1451 1592 se
1469 1556 1630 1592 offerunt
1653 1569 1738 1592 cum
1757 1555 1888 1592 effectu
1910 1561 2005 1592 stare

463 1613 538 1661 juri
566 1627 688 1650 coram
719 1627 785 1651 suo
808 1614 936 1663 judice
961 1614 1153 1650 ordinario
1171 1627 1234 1651 seu
1263 1627 1491 1664 quocunque
1513 1613 1586 1650 alio
1610 1613 1756 1663 Judice,
1781 1626 2006 1664 quacunque

467 1672 683 1709 auctoritate
706 1674 893 1723 fungatun
919 1673 1095 1710 adversus
1120 1686 1248 1710 omnes
1272 1673 1319 1709 de
1348 1686 1386 1709 sc
1414 1677 1682 1723 conquerentes
1705 1673 1771 1723 qui
1797 1677 1925 1709 contra
1943 1670 2004 1710 eos

469 1731 584 1766 velint
613 1731 649 1767 in
680 1731 806 1782 aliquo
837 1733 1018 1782 experiri5
1049 1733 1268 1769 sententiam
1301 1732 1486 1768 interdicti
1517 1745 1581 1769 seu
1612 1732 2006 1769 excommunicationis

468 1790 706 1840 promulgare
737 1790 904 1826 intendat
939 1804 1002 1827 scu
1034 1792 1152 1828 facere
1181 1791 1426 1841 promulgari,
1463 1791 1587 1827 villam
1623 1804 1664 1827 ac
1702 1790 2004 1827 communitatem

468 1849 673 1898 praedictas
693 1850 888 1886 interdicto
902 1850 1148 1887 ecclesiastico
1166 1850 1426 1900 supponendo.

515 1909 592 1958 Ego
611 1908 764 1945 Michael
793 1909 1021 1959 praedictus,
1048 1909 1221 1954 clericus,
1243 1914 1464 1960 procurator
1487 1908 1671 1945 dictorum
1698 1907 2006 1958 burgimagistro-

468 1979 570 2011 rum„
590 1966 828 2003 scabinorum
849 1980 890 2003 ac
909 1967 1199 2013 communitatis,
1215 1967 1441 2018 praedictae,
1457 1967 1608 2004 nomine
1620 1966 1876 2017 procuratorio
1890 1971 1927 2002 ct
1938 1979 2006 2016 pro

468 2025 576 2062 (lictis
595 2026 758 2063 dominis
779 2027 885 2071 meis¹¹
905 2027 1066 2064 sentiens
1086 2027 1186 2078 ipsos
1203 2027 1376 2064 dominos
1393 2040 1494 2063 meos
1513 2026 1550 2063 in
1570 2025 1780 2076 praemissis
1795 2025 2007 2062 indebiteet

466 2090 592 2120 contra
608 2085 670 2134 jus
688 2091 723 2122 et
735 2085 918 2135 justitiam
939 2087 1190 2136 praegravari,
1211 2101 1279 2136 pro
1297 2086 1406 2123 dictis
1423 2086 1585 2123 dominis
1611 2086 1701 2122 meis
1721 2089 1756 2121 et
1774 2085 1845 2122 sibi
1867 2084 2006 2121 adhae-

467 2143 634 2179 rentibus
652 2148 687 2179 et
705 2143 904 2180 adhaerere
921 2144 1133 2181 volentibus
1151 2149 1279 2181 contra
1298 2145 1439 2181 dictum
1457 2143 1699 2181 reverendum
1718 2148 1859 2194 patrem
1875 2147 1912 2179 et
1923 2142 2003 2192 eJ'us

465 2200 641 2247 vicarios,
661 2202 689 2238 si
710 2215 774 2239 sua
790 2203 1016 2239 crediderint
1033 2203 1222 2249 interesse,
1242 2207 1278 2240 et
1302 2217 1431 2240 omnes
1455 2216 1616 2254 quorum
1637 2202 1788 2238 interest
1805 2215 1868 2238 seu
1889 2201 2003 2237 inter-

466 2273 543 2296 esse
561 2265 694 2310 potest2
721 2261 756 2297 in
786 2261 857 2298 hiis
883 2261 1029 2312 scriptis
1055 2262 1099 2298 ad
1127 2261 1258 2299 Sedem
1279 2262 1528 2312 Apostolicam
1547 2273 1710 2311 provoco
1730 2265 1766 2296 et
1788 2258 1950 2309 appello,
1968 2263 2003 2295 et

465 2319 650 2367 apostolos
677 2318 767 2354 mihi
794 2319 872 2354 (lari
899 2319 1077 2356 instanter
1102 2325 1186 2370 peto
1209 2320 1395 2356 etiterum
1416 2325 1511 2370 pcto.
1531 2319 1602 2366 Qui
1624 2331 1740 2368 quum
1767 2316 1859 2353 mihi
1887 2316 2003 2353 dene-

464 2381 599 2425 gantur
616 2390 677 2412 seu
699 2390 772 2413 non
793 2377 1059 2421 coum-(lunum
1078 2378 1211 2415 iterum
1232 2379 1276 2415 ad
1293 2378 1459 2415 eamdem
1473 2378 1603 2415 Sedem
1627 2375 1778 2413 nomine
1797 2387 1871 2425 quo
1888 2388 1997 2424 supra
