2184 3074
739 283 901 321 coDEx
927 282 1171 322 DUNENSIS.
1646 282 1712 319 4⁰¹

861 464 1064 503 cccxxii.

278 580 522 620 Protentation
540 581 602 620 des
620 583 842 619 mona-seem
859 582 904 619 de
919 581 1088 619 Flandre
1104 588 1227 620 contre
1244 582 1282 619 la
1298 582 1391 619 leode
1407 582 1452 619 de
1467 582 1504 619 la
1521 581 1620 619 dime

394 639 694 678 extraordinarii-e
708 639 877 677 aecor-dee
889 651 966 690 par
982 639 1015 677 le
1028 652 1125 690 pape
1141 640 1164 677 ἁ
1183 639 1356 690 Philippe
1374 639 1406 677 le
1424 639 1499 678 Bel.

230 854 272 891 ln
297 853 448 892 nomine
473 854 625 892 Domini
644 867 763 893 einen.
782 855 908 892 Pateat
926 855 1107 892 universis
1131 868 1303 905 praesens
1331 854 1619 892 instrumentum
1640 866 1712 903 pu-

182 911 325 950 blicum
343 911 564 963 inspecturis
590 912 693 963 quod
710 925 816 951 anuo
839 912 1048 950 Nativitatis
1067 913 1218 950 Domini
1237 913 1288 950 Μ(1
1303 913 1405 950 CCC⁰
1421 911 1486 957 X0,
1507 911 1710 948 indictione

181 969 294 1017 villu
312 970 551 1021 pontificatus
567 971 790 1009 sanctissimi
816 971 930 1022 patris
953 975 989 1008 et
1013 971 1155 1008 domini
1175 971 1317 1008 domini
1343 970 1556 1016 Clementis,
1583 969 1708 1006 divina

179 1028 398 1079 providente
415 1029 608 1067 clementia
627 1043 743 1080 papae
758 1030 900 1081 quinti,
919 1044 1018 1068 anno
1037 1030 1186 1081 quinto,
1202 1030 1337 1068 mensis
1356 1029 1442 1067 maii
1462 1028 1634 1066 intrantis
1650 1027 1710 1064 die

179 1088 356 1134 secunda,
375 1088 464 1126 hora
482 1101 736 1139 vesperarum,
755 1089 794 1127 in
809 1091 1014 1140 praesentia
1029 1090 1100 1127 mei
1117 1089 1340 1140 infrascripti
1357 1088 1490 1126 notarii
1510 1093 1543 1124 et
1559 1086 1707 1124 testium

178 1146 474 1197 subscriptorum
493 1147 540 1184 ad
558 1147 631 1185 hoc
646 1148 685 1184 in
704 1148 957 1186 testimonium
976 1153 1191 1185 vocatorum
1209 1154 1244 1184 et
1256 1147 1464 1198 specialiter
1479 1151 1707 1196 rogatorum,

179 1205 422 1255 personaliter
441 1219 659 1256 comparens
681 1206 876 1256 religiosus
891 1206 951 1244 vir
972 1207 1084 1244 frater
1104 1236 1112 1243 .
1130 1236 1136 1243 .
1154 1236 1161 1244 .
1178 1236 1186 1252 ,
1206 1205 1411 1244 monachus
1431 1203 1642 1242 monasterii
1662 1202 1708 1238 de

177 1263 343 1310 Thosan,
373 1264 624 1303 Cisterciensis
647 1265 806 1311 ordinis,
832 1266 1076 1304 Tornacensis
1099 1265 1286 1316 dyocesis,
1315 1269 1534 1316 procurator
1558 1262 1708 1313 religio—

178 1333 304 1359 sorum
329 1322 493 1359 virorum
518 1323 662 1360 domini
688 1323 832 1361 abbatis
856 1330 892 1361 et.
916 1329 1121 1362 conventus
1140 1323 1416 1374 monasteriitet
1441 1321 1583 1359 ordinis
1603 1325 1707 1357 ante—

175 1379 265 1417 dicti
283 1394 350 1430 per
366 1381 504 1419 litteras
518 1395 602 1420 suas
616 1382 738 1432 sigillo
753 1382 1027 1433 praedictorum
1041 1383 1280 1420 dominorum
1294 1382 1440 1419 abbatis
1453 1386 1489 1418 et
1502 1384 1706 1417 conventus

175 1451 252 1488 quo
269 1443 427 1476 utuntur
443 1440 691 1478 communiter
711 1441 906 1491 sigillatas,
925 1446 1037 1491 prout
1055 1441 1173 1492 prima
1193 1440 1284 1478 facie
1307 1438 1525 1490 apparebat,
1544 1436 1705 1488 legitime

174 1497 411 1544 constitutus,
438 1498 568 1536 habuit
591 1513 658 1550 per
679 1500 826 1538 easdem
855 1500 993 1538 litteras
1018 1501 1108 1538 haec
1133 1500 1366 1550 infrascripta
1395 1503 1430 1535 et
1457 1497 1526 1534 alia
1555 1497 1704 1533 nomine

176 1556 430 1604 procuratorio
458 1557 615 1595 faciendi
642 1559 793 1596 nomine
818 1559 1004 1597 dictorum
1021 1587 1032 1598 .
1050 1588 1059 1598 .
1079 1590 1085 1597 .
1106 1559 1250 1597 abbatis
1275 1564 1310 1595 et
1335 1562 1540 1595 conventus
1568 1560 1603 1591 et
1636 1568 1703 1606 pro

175 1613 263 1663 ipsis
281 1619 316 1650 et
336 1614 502 1665 ipsorum
522 1617 751 1654 monasterio·
765 1622 979 1668 potestatem
995 1618 1200 1669 plenariam
1215 1622 1251 1654 et
1269 1616 1496 1654 mandatum.
1516 1614 1596 1664 lpse
1616 1627 1704 1664 pro-

174 1671 356 1709 vocationi
374 1677 409 1710 et
429 1674 667 1724 appellationi
685 1688 708 1712 a
725 1675 921 1724 religiosis,
941 1676 1215 1713 venerabilibus
1233 1680 1269 1712 et
1291 1674 1458 1711 discretis
1475 1672 1564 1709 viris
1589 1671 1703 1709 Sanc-

175 1736 296 1768 torum
316 1731 413 1769 Petri
433 1731 479 1769 de
496 1732 746 1784 oudenburg,
763 1734 933 1772 Andreae
946 1735 1054 1784 juxta
1072 1736 1231 1785 Brugas,
1248 1733 1371 1771 Sancti
1388 1731 1595 1776 Benedicti,
1613 1731 1704 1767 Bar—

174 1788 348 1826 tholomei
377 1790 423 1827 de
445 1790 601 1829 Echoud
626 1791 665 1830 in
692 1793 823 1842 Brugis
848 1798 884 1830 et
909 1794 1040 1831 Beatae
1063 1793 1197 1831 Mariae
1211 1792 1257 1829 de
1272 1822 1279 1828 .
1297 1821 1304 1829 .
1321 1821 1328 1828 .
1349 1790 1472 1828 Sancti
1504 1789 1700 1838 Augustini

170 1847 312 1885 ordinis
330 1850 638 1888 monasteriorum
652 1851 850 1889 abbatibus
867 1881 999 1897 ......
1018 1851 1202 1889 abbatissa
1221 1849 1432 1888 monasterii
1451 1850 1604 1886 Sanctae
1622 1848 1698 1883 Go-

170 1905 327 1952 delivae,
342 1907 519 1957 praedicti
536 1909 679 1946 ordinis
692 1909 815 1947 Sancti
838 1910 1042 1956 Benedicti,
1059 1923 1126 1961 pro
1141 1924 1179 1947 sc
1194 1915 1230 1946 et
1244 1909 1320 1946 suis
1335 1907 1594 1949 conventibus,
1611 1918 1696 1942 nec·

170 1977 244 2001 non
269 1970 305 2002 et
330 1979 350 2002 a
376 1965 518 2003 decano
543 1972 579 2004 et
604 1967 768 2018 capitulo
791 1968 915 2006 Sancti
939 1968 1152 2013 Domitiani,
1172 1967 1380 2018 praeposito
1408 1966 1539 2003 Boutae
1565 1963 1698 2000 Mariae

169 2022 405 2060 ecclesiarum
439 2023 476 2061 in
503 2025 655 2075 Brugis,
678 2038 720 2062 ac
744 2040 765 2063 a
794 2026 990 2077 Brugensi,
1022 2025 1332 2076 Oudenburgensi
1359 2030 1395 2061 et
1420 2021 1694 2072 Ardcburgensi

168 2081 477 2119 christianitatum
501 2083 650 2121 decanis
673 2084 839 2133 ejusdem
864 2085 1049 2135 dyocesis,
1076 2098 1143 2135 pro
1167 2084 1296 2134 seipsis
1315 2088 1351 2120 et
1368 2083 1443 2119 suis
1463 2080 1695 2131 presbiteris,

167 2140 366 2190 capellanis
383 2147 420 2178 et
435 2143 689 2180 ecelesiasticis
708 2145 875 2194 personis
895 2144 933 2181 in
953 2145 1028 2182 suis
1048 2143 1228 2188 ecclesiis,
1248 2142 1489 2179 decanatibus
1508 2145 1543 2176 ct
1560 2138 1691 2176 officiis

169 2196 240 2234 sibi
266 2198 441 2248 subjectis
468 2205 503 2237 et
532 2200 696 2251 ipsorum
722 2203 890 2248 nomine,
916 2208 952 2239 et
969 2217 1036 2253 pro
1062 2201 1294 2238 monasteriis
1313 2206 1347 2237 ct
1364 2199 1526 2236 ecclesiis
1545 2210 1694 2234 corum-

167 2255 267 2302 dem,
286 2270 327 2293 ac
346 2257 453 2294 etiam
473 2271 540 2308 pro
558 2260 733 2297 omnibus
751 2266 786 2297 et
799 2260 954 2311 singulis
973 2261 1043 2297 sibi
1063 2259 1349 2297 adhaerentibus
1368 2263 1403 2294 ct
1420 2258 1618 2294 adhaerere
1636 2269 1696 2291 vo-

168 2313 328 2352 lentibus
353 2315 390 2352 in
414 2316 484 2354 hac
505 2322 624 2368 parte,
652 2323 778 2355 contra
804 2319 1052 2356 venerabilem
1077 2319 1199 2355 virum
1224 2317 1439 2367 magistrum
1461 2315 1693 2352 willelmum

166 2372 210 2408 ‹le
228 2372 406 2420 Gisortio,
424 2374 727 2414 archidiaconum
749 2379 875 2428 Algiae
893 2379 930 2416 in
950 2379 1100 2416 ecelesia
1122 2377 1354 2415 Lexovicnsi.
1375 2376 1438 2426 qui
1459 2389 1497 2412 se
1515 2374 1608 2425 gerit
1627 2387 1693 2423 pro

1500 2435 1541 2472 5¹
