2184 3074
494 329 566 366 468
1040 324 1134 362 COD
1141 323 1201 360 Ex
1230 323 1324 361 DUN
1331 322 1471 360 ENSlS.

496 445 654 495 quilibet
661 447 823 480 vestrum
835 442 872 478 in
887 441 963 478 suis
973 439 1183 477 civitatibus
1197 443 1233 475 et
1242 438 1465 488 dyocesibus
1474 437 1520 474 ad
1529 438 1648 474 dictos
1662 437 1759 475 diem
1769 441 1804 475 et
1817 438 1940 476 locum
1950 442 2022 475 stu-

498 505 804 547 deatconvocare,
819 505 862 537 ut
871 499 1031 550 capitula
1044 497 1217 534 videlicet
1232 510 1300 547 per
1311 500 1568 547 procuratores
1583 496 1761 546 ydoneos,
1774 496 1925 534 abbates
1932 510 2020 535 vero

498 560 740 612 personaliter
762 563 888 595 nostro
914 570 951 594 se
979 556 1116 594 eisdem
1139 555 1200 592 die
1223 559 1260 592 et
1275 555 1356 591 loco
1373 555 1593 605 conspectui,
1605 559 1888 605 repraesentent.
1906 554 2020 593 Vobis

498 619 764 657 nichilominus
783 617 930 654 vicariis
950 615 1171 652 venerabilis
1189 614 1311 651 fratris
1329 614 1444 651 nostri
1463 614 1506 651 G.
1524 614 1592 651 Dei
1611 613 1727 665 gratia
1751 613 2022 652 Cameracensis

497 678 659 728 episcopi
682 690 782 714 nunc
799 676 837 712 in
861 674 1011 712 remotis
1030 673 1191 724 agentis,
1210 685 1354 709 necnon
1373 672 1513 709 decano
1531 677 1567 709 et
1583 672 1746 723 capitulo
1767 671 2022 709 suessionensi

495 736 579 773 sede
593 733 845 774 Suessionensi
864 737 1014 769 vacante
1032 736 1158 768 tenore
1173 730 1305 768 damus
1325 730 1573 781 praesentium
1589 730 1626 767 in
1642 730 1825 767 mandatis
1838 735 2021 781 quatenus

495 806 560 830 vos
579 792 725 838 vicarii,
735 791 938 842 capitulum
954 791 1214 827 Cameracense
1227 793 1263 826 et
1275 789 1426 826 abbates
1441 801 1515 826 non
1530 792 1719 839 exemptos
1734 792 1875 825 vestrae
1893 787 2024 824 civita-

497 852 542 888 tis
563 857 598 888 et
615 851 799 900 dyocesis,
820 863 883 886 vos
897 862 1002 893 vero,
1017 848 1154 885 decane
1171 852 1207 885 et
1223 847 1427 898 capitulum
1447 846 1727 892 Suessionense,
1745 859 1857 896 super
1872 845 2024 882 abbates

495 923 569 946 non
588 913 777 958 exemptos
796 912 936 944 vestrae
955 906 1113 943 civitatis
1130 911 1166 942 et
1183 905 1369 956 dyocesis,
1388 910 1430 942 ut
1451 918 1573 942 coram
1605 904 1712 942 nobis
1736 904 1875 941 eisdem
1901 903 1962 940 die
1986 907 2022 940 et

495 970 575 1006 loco
606 967 865 1018 compareatis,
890 966 1094 1017 capitulum
1124 978 1211 1002 vero
1234 978 1300 1016 per
1320 968 1576 1015 procuratores
1603 964 1787 1013 ydoneos,
1810 967 1846 1000 et
1871 962 2022 1000 abbates

495 1027 746 1077 personaliter,
761 1030 802 1062 ut
816 1026 957 1062 dictum
973 1029 1027 1062 est
1040 1025 1226 1075 superius,
1245 1024 1472 1070 convocetis,
1490 1028 1526 1060 et
1544 1037 1609 1061 vos
1627 1022 1753 1060 vicarii
1771 1021 2023 1073 personaliter,

494 1098 559 1123 vos
580 1085 842 1123 Suessionense
861 1085 1065 1135 capitulum
1089 1097 1154 1134 per
1178 1084 1344 1134 ydoneos
1366 1088 1638 1134 procuratores,
1666 1081 1804 1119 ibidem
1827 1080 1938 1118 dictis
1963 1079 2024 1117 die

494 1148 529 1180 et
547 1144 628 1180 loco
643 1143 909 1180 nichilominus
925 1142 1111 1179 intersitis.
1133 1141 1174 1179 ln
1193 1142 1340 1192 signum
1359 1145 1482 1178 autem
1504 1140 1667 1177 mandati
1695 1139 1810 1177 nostri
1829 1139 1964 1189 recepti
1989 1143 2025 1175 et

494 1201 701 1238 executioni
720 1201 866 1238 debitae
883 1200 1095 1237 demandati
1115 1200 1235 1250 sigilla
1251 1203 1371 1236 vestra
1388 1212 1453 1236 vos
1468 1212 1595 1236 omnes
1613 1203 1649 1235 et
1665 1198 1801 1248 singuli
1817 1197 2021 1248 praesenti·

495 1260 565 1297 bus
584 1259 724 1296 faciatis
742 1258 918 1309 appendi.
937 1259 1075 1295 Datum
1087 1287 1095 1303 ,
1114 1262 1181 1295 etc.

543 1318 682 1355 Harum
702 1317 816 1368 igitur
833 1317 1050 1354 auctoritate
1068 1316 1274 1353 litterarum
1293 1315 1398 1352 vobis
1420 1314 1640 1351 mandamus
1661 1318 1844 1364 quatenus
1865 1313 2025 1364 quilibet

494 1381 658 1414 vestrum
677 1376 723 1412 ad
741 1375 892 1412 abbates
911 1388 986 1412 non
1007 1379 1197 1425 exemptos
1216 1373 1273 1411 sui
1292 1373 1506 1419 decanatus,
1525 1372 1554 1410 si
1582 1385 1644 1410 eos
1662 1372 1829 1409 invenire
1845 1372 2025 1422 potuerit,

494 1435 660 1485 alioquin
678 1434 723 1471 ad
744 1434 964 1471 monasteria
984 1446 1048 1470 sua
1067 1433 1309 1483 personaliter
1323 1431 1488 1478 accedat,
1506 1436 1541 1468 et
1558 1431 1727 1477 abbates,
1741 1435 1784 1468 ut
1800 1444 1838 1468 se
1855 1430 1901 1468 ad
1916 1443 2024 1481 prae·-

494 1494 612 1531 dictos
631 1494 728 1530 diem
749 1497 784 1530 et
801 1493 924 1530 locum
944 1506 1017 1529 una
1036 1492 1232 1529 nobiscum
1255 1490 1468 1541 conspectui
1487 1489 1677 1527 reverendi
1696 1489 1810 1540 patris
1829 1494 1865 1526 et
1881 1489 2026 1527 domini

496 1552 610 1589 nostri
635 1552 778 1589 domini
805 1551 923 1598 Petri,
949 1551 1140 1589 Remensis
1165 1549 1453 1600 archiepiscopi,
1473 1548 1716 1599 personaliter
1735 1553 2025 1598 repraesentent,

495 1624 697 1647 convocare
723 1615 758 1647 et
784 1610 873 1647 alias
899 1609 1154 1660 supradictum
1176 1608 1391 1645 mandatum
1410 1607 1617 1644 executioni
1638 1606 1783 1643 debitae
1799 1605 1944 1643 studeat
1959 1606 2025 1643 de-

498 1669 684 1705 mandare.

1212 1734 1329 1744 ...φα-..-

1155 1855 1373 1898 CCCXXlll.

496 1956 616 1992 Lem-e
629 1955 672 1991 de
691 1956 765 1992 Gm'
778 1955 821 1991 de
839 1956 1074 2004 flammare,
1098 1960 1207 1992 comte
1225 1954 1268 1991 de
1282 1954 1464 1999 Flandre,
1485 1967 1534 1991 au
1548 1954 1720 1992 cardinal
1735 1955 1865 1991 Benoit
1878 1955 2027 1991 Ca’e’etan

887 2027 937 2050 au.
955 2015 1051 2064 sujet
1068 2014 1119 2050 du
1142 2015 1237 2065 sie'qe
1255 2013 1439 2063 episcopal
1455 2014 1499 2051 de
1516 2015 1635 2064 Lie'qe.

544 2199 759 2235 Reverendo
787 2199 823 2235 in
849 2199 996 2236 Christo
1024 2200 1118 2250 patri
1151 2213 1193 2236 ac
1225 2200 1378 2236 domino
1411 2200 1592 2251 spirituali
1624 2199 1777 2236 domino
1808 2197 2026 2237 Benedicta..

497 2256 561 2293 Dei
580 2257 714 2306 gratia,
734 2257 840 2294 titulo
859 2258 974 2295 sancti
994 2259 1140 2295 Martini
1159 2259 1376 2308 presbytero
1403 2258 1600 2304 cardinali,
1619 2257 1661 2295 G.
1689 2270 1810 2294 comes
1833 2255 2027 2294 Flandriae

495 2319 530 2351 ct
548 2316 712 2352 marchio
734 2316 1010 2363 Namurcensis,
1029 2318 1184 2354 salutem
1204 2322 1240 2354 et
1257 2330 1342 2354 cum
1361 2318 1462 2354 omni
1483 2317 1685 2354 reverentia
1703 2320 1867 2367 paratam
1887 2314 1924 2351 in
1943 2326 2026 2350 om-

496 2373 606 2410 nibus
625 2374 669 2410 ad
691 2374 806 2423 ipsius
825 2375 1055 2425 beneplacita
1072 2376 1313 2413 voluntatem.

545 2432 597 2468 De
615 2437 754 2469 vestrae
774 2433 1010 2483 benignitatis
1031 2434 1219 2471 affluentia
1245 2435 1393 2484 plenam
1414 2438 1580 2483 gerentes
1598 2432 1789 2477 fiduciam,
1817 2430 1863 2467 ad
1890 2430 2023 2480 ipsam,
