2184 3074
735 310 895 348 CODEx
921 309 1081 348 DUNEN
1087 308 1166 346 SlS.
1640 311 1711 348 469

187 442 254 480 pro
273 429 408 467 nostris
426 434 461 466 et
479 433 690 465 nostrorum
711 427 884 477 negotiis,
905 431 1006 464 tanto
1031 426 1240 463 fiducialius
1267 427 1490 464 recurrimus
1511 432 1651 478 quanto
1674 427 1710 463 iu

182 489 320 527 eisdem
350 490 466 540 ipsam
493 488 732 526 favorabilem
759 499 905 538 semper
930 486 1141 523 invenimus
1167 490 1202 523 et
1233 486 1441 536 benignam.
1469 487 1560 524 Cum
1589 486 1713 538 itaque

184 547 395 586 Leodiensis
409 547 560 585 ecclesia
574 546 681 596 cujus
696 558 768 596 pax
781 550 817 583 et
830 545 951 582 honor
963 549 1075 595 atque
1091 544 1213 582 bonus
1231 548 1345 581 status
1365 544 1472 581 nobis
1490 549 1577 582 sunt
1595 545 1710 590 cordi7

183 619 249 645 nec
275 606 476 652 immerito,
498 605 575 655 jam
601 603 705 655 quasi
732 603 876 640 vacavit
896 603 1095 654 plusquam
1122 615 1190 653 per
1218 602 1441 648 triennium,
1461 616 1527 653 per
1550 602 1709 640 duorum

180 665 380 702 electorum
408 662 649 708 discordiam,
675 661 776 699 unde
803 662 881 712 ipsa
910 660 1079 707 ecclesia,
1108 665 1180 697 tam
1201 660 1238 697 in
1258 660 1524 710 temporalibus
1541 673 1652 711 quam
1673 661 1709 697 in

179 725 436 778 spiritualibus
462 725 660 762 laesionem
679 724 819 775 patitur
837 728 872 761 et
897 737 970 760 non
995 723 1183 761 modicum
1209 723 1493 772 detrimentum,
1511 725 1710 771 nostraque

179 783 323 822 intersit
341 783 480 821 ibidem
499 783 640 820 honum
660 782 796 820 habere
815 782 1019 832 praelatum
1040 797 1047 818 :
1068 795 1135 818 nos
1153 781 1218 832 qui
1245 781 1410 831 ejusdem
1438 781 1611 818 ecelesiae
1633 781 1710 817 seo-

179 842 279 880 dales
297 854 426 879 sumus
444 845 480 878 et
498 841 592 878 infra
611 841 787 878 terminos
806 840 922 891 ipsius
940 840 1108 890 dyocesis
1128 844 1294 877 nostrum
1318 840 1528 877 comitatem
1552 839 1711 876 Namur-

179 914 324 939 oensem
351 905 533 946 tenemus,
561 899 835 936 considerantes
862 899 1012 936 alterius
1036 899 1235 935 electorum
1262 898 1434 935 videlicet
1458 897 1599 935 domini
1629 897 1709 943 W.‚

179 957 378 1009 praepositi
398 958 638 996 Lovaniensis
658 957 898 1003 industriam,
916 957 1145 994 honestatem
1168 957 1282 1003 vitae,
1301 956 1502 993 claritatem
1522 955 1578 992 sui
1597 969 1710 1006 gene-

117 1040 122 1045 ,
179 1016 247 1063 ris,
263 1028 407 1053 necnon
423 1015 659 1053 eminentiam
676 1015 850 1052 scientiae
866 1028 939 1065 qua
954 1015 1093 1065 pollere
1107 1014 1254 1060 dicitur,
1269 1014 1432 1051 Vestram
1448 1014 1707 1051 Paternitatem

178 1075 416 1112 reverendam
435 1075 632 1112 affectuose
650 1074 876 1125 requirimus
897 1079 933 1111 et
955 1087 1127 1124 rogamus
1152 1078 1333 1124 quatenus
1356 1073 1484 1109 divino
1510 1072 1646 1109 intuitu
1674 1077 1709 1108 et

179 1138 391 1172 nostrorum
418 1134 674 1185 precaminum
702 1133 928 1179 interventu,
955 1133 1079 1170 habita
1103 1132 1396 1170 consideratione
1421 1131 1464 1168 ad
1493 1131 1707 1182 praemissa7

178 1193 318 1230 dictum
339 1193 590 1244 praepositum
609 1197 645 1229 et
662 1191 877 1229 electionem
897 1191 943 1228 dc
962 1204 999 1228 se
1017 1192 1146 1228 sactum
1163 1190 1497 1227 recommendatam
1520 1189 1706 1234 habentes,

180 1252 319 1302 ipsum,
337 1252 450 1288 immo
471 1265 538 1288 nos
559 1251 596 1287 in
616 1251 695 1301 ipso
714 1255 894 1301 quantum
918 1250 964 1286 ad
987 1249 1201 1287 electionem
1227 1248 1461 1298 hujusmodi,
1480 1248 1578 1298 apud
1602 1244 1709 1284 sanc-'-

179 1310 362 1348 tissimum
382 1314 523 1361 patrem
541 1314 577 1347 et
594 1309 788 1346 dominum
808 1313 975 1346 nostrum
995 1308 1246 1345 favorabiliter
1259 1307 1462 1358 dignemini
1478 1319 1704 1357 promovere.

179 1368 373 1406 Credimus
388 1368 571 1419 siquidem
588 1368 743 1405 firmiter
755 1372 791 1404 et
804 1372 970 1404 tenemus
983 1367 1085 1418 quod
1100 1380 1166 1417 per
1179 1366 1257 1415 ejus
1273 1365 1491 1402 industriam
1506 1370 1541 1402 et
1556 1378 1707 1402 suorum

179 1426 380 1473 auxilium,
399 1426 481 1477 paci
504 1431 540 1463 et
566 1426 824 1476 tranquillitati
852 1439 893 1462 ac
919 1425 1066 1462 utilitati
1096 1425 1211 1475 ipsius
1238 1424 1410 1461 ecclesiae
1437 1423 1650 1460 Leodiensis
1676 1427 1708 1458 et

179 1485 244 1522 toti
263 1486 404 1536 patriae
421 1485 538 1535 magis
558 1498 671 1535 quam
690 1498 756 1535 per
773 1484 853 1534 ejus
871 1483 1121 1521 adversarium
1140 1483 1272 1519 debeat
1289 1481 1493 1532 provideri2
1509 1482 1591 1531 jura
1612 1494 1709 1531 ‘1¹¹0-

179 1556 253 1594 que
277 1548 314 1580 et
335 1543 612 1592 jurisdictiones
634 1543 753 1580 dictae
775 1543 947 1580 ecclesiae
972 1541 1198 1585 conservari,
1217 1554 1282 1578 nec
1302 1539 1512 1577 mirandum
1539 1540 1586 1576 sit
1609 1538 1707 1589 apud

180 1615 260 1647 vos,
280 1606 384 1652 pater
401 1615 494 1647 care,
514 1601 615 1652 quod
634 1615 701 1652 pro
719 1602 833 1638 altero
851 1602 965 1638 electo
983 1601 1136 1637 domino
1154 1599 1325 1636 Guidone
1345 1603 1477 1649 nepote
1491 1602 1618 1635 nostro
1633 1610 1706 1633 non

181 1673 352 1711 rogamus
371 1660 459 1710 quia
478 1659 660 1710 sapientes
679 1659 794 1697 nostri
813 1664 849 1696 et
866 1660 902 1695 in
919 1659 1003 1708 jure
1022 1658 1128 1709 periti
1148 1658 1212 1708 qui
1239 1658 1362 1694 sciunt
1385 1668 1597 1707 processum
1622 1668 1709 1692 suae

180 1718 369 1756 electionis
387 1722 423 1754 et
439 1718 548 1755 etiam
569 1717 1031 1757 modunrconffimationis
1053 1722 1086 1753 et
1108 1715 1298 1766 quomodo
1321 1728 1359 1752 se
1377 1715 1460 1764 eligi
1480 1713 1708 1765 procuravit,

181 1777 289 1814 nobis
307 1781 476 1814 asserunt
493 1790 560 1827 pro
578 1777 760 1814 constanti
780 1777 950 1814 eumdem
970 1776 1116 1827 penitus
1136 1776 1280 1812 nullum
1303 1775 1366 1823 jus
1388 1774 1524 1811 habere
1550 1774 1587 1810 in
1615 1774 1710 1810 elec-

180 1835 279 1872 tione
297 1835 499 1886 praedieta‚
520 1839 556 1872 et
573 1835 622 1880 si,
642 1835 743 1885 quod
762 1834 874 1878 absit„
894 1834 1087 1872 Leodiensi
1108 1834 1368 1884 praeficeretur
1384 1833 1571 1878 ecclesiam
1592 1845 1658 1869 nos
1675 1837 1707 1867 et

180 1899 312 1932 terram
345 1898 507 1931 nostram
541 1893 766 1931 incessanter
796 1894 1031 1944 impugnaret
1062 1906 1129 1943 pro
1156 1892 1317 1931 viribus,
1349 1895 1460 1942 prout
1489 1891 1568 1940 ejus
1598 1903 1708 1940 opera

179 1952 350 2003 exemplo
362 1952 566 2002 perniciosa
582 1965 678 2003 quae
691 1957 818 1988 contra
833 1965 899 1988 nos
918 1955 953 1988 et
972 1956 1104 1987 terram
1121 1955 1283 1987 nostram
1303 1949 1402 1995 fecit,
1421 1954 1615 1999 postquam
1636 1948 1710 1985 illi-

180 2010 360 2048 centiatus
378 2010 424 2047 de
442 2009 544 2047 curia
563 2010 730 2056 recessit,
744 2010 934 2046 evidenter
946 2009 1163 2055 ostendunt,
1179 2021 1405 2059 quamquam
1419 2007 1525 2044 vobis
1539 2012 1573 2044 et
1588 2007 1711 2043 euriae

183 2067 405 2118 suggesserit
429 2068 531 2118 quod
558 2081 626 2118 pro
652 2067 753 2105 bono
779 2068 879 2118 pacis
907 2067 1120 2104 Leodiensis
1141 2067 1314 2104 ecclesiae
1332 2071 1367 2102 et
1388 2065 1527 2115 patriae
1553 2063 1712 2101 habebat

187 2139 332 2163 necesse
351 2125 502 2172 reverti,
521 2126 624 2176 quod
647 2127 800 2163 omnino
825 2132 878 2163 est
903 2126 1129 2164 contrarium
1154 2124 1309 2162 veritati.
1329 2123 1524 2161 Provideat
1541 2122 1654 2172 igitur
1674 2121 1711 2158 in

187 2186 257 2223 hoc
279 2199 365 2223 casu
385 2185 438 2223 sic
456 2185 606 2223 Vestrae
621 2186 896 2223 Dominationis
917 2186 1129 2236 prudentia,
1154 2185 1243 2221 dum
1266 2190 1429 2234 tempora
1455 2188 1543 2220 sunt
1568 2182 1614 2219 ad
1643 2182 1712 2218 hoe

186 2249 291 2295 apta,
311 2257 357 2281 ne
375 2257 442 2294 per
459 2244 606 2294 culpam
625 2244 713 2281 dicti
733 2244 877 2295 nepotis
896 2244 1027 2290 nostri,
1047 2256 1114 2281 nos
1131 2248 1195 2279 aut
1219 2247 1341 2279 nostra
1355 2241 1440 2291 jura
1463 2241 1499 2277 in
1523 2244 1711 2291 posterum

186 2302 434 2348 offendantur,
453 2307 489 2339 et
507 2315 554 2339 ne
570 2307 722 2353 propter
739 2302 915 2339 offensam
935 2301 1149 2351 hujusmodi
1169 2299 1447 2345 vindicandam,
1467 2303 1593 2335 contra
1619 2298 1713 2335 Leo-

187 2361 351 2398 diensem
371 2360 580 2406 ecclesiam,
605 2373 716 2410 quam
737 2360 893 2397 revereri
913 2365 948 2397 ct
970 2359 1123 2410 diligere
1141 2359 1312 2396 volumus
1334 2362 1368 2394 et
1397 2362 1576 2402 tenemur,
1604 2356 1711 2393 nobis

187 2419 311 2456 invitis
325 2418 433 2455 detur
447 2418 596 2455 materia
613 2418 838 2468 insurgendi.
859 2418 903 2455 Et
920 2422 1016 2454 certe
1033 2417 1180 2454 eredere
1200 2429 1273 2453 nou
1294 2428 1501 2466 possumus,
1520 2427 1587 2451 nec
1604 2413 1712 2450 delie—
