2184 3074
465 338 535 374 172
1015 330 1074 367 CO
1081 330 1174 367 DEX
1204 329 1448 367 DUNENSIS.

463 450 599 485 factum
625 461 698 484 non
720 446 855 491 extitit,
874 445 935 482 sed
958 445 1003 481 ad
1024 445 1209 494 impensas
1234 443 1359 493 potius
1383 442 1640 488 subditorum7
1659 442 1797 492 quibus
1818 443 1927 479 etiam
1954 442 2000 479 de

463 512 607 557 recepta
626 506 672 542 ab
687 505 825 542 eisdem
842 507 988 540 moneta
1002 503 1127 539 valore
1141 502 1267 538 debito
1282 501 1497 538 defraudata
1515 500 1709 537 'occasione
1722 500 2000 538 ordinationum

462 570 498 602 et
515 569 737 601 statutorum
756 562 844 598 dicti
862 561 1004 598 domini
1029 562 1124 611 regis
1148 561 1420 597 restitutionem
1442 559 1582 596 nullam
1604 559 1705 606 fecit,
1725 572 1792 596 nec
1811 560 1929 596 facere
1948 563 2003 596 est

462 624 666 674 pollicitus,
685 635 806 671 neque
825 621 910 666 fuit,
930 624 1082 671 propter
1099 620 1202 670 quod
1222 619 1268 656 ad
1287 619 1469 655 decimam
1488 618 1718 668 praedictam
1733 617 1822 654 dieti
1837 617 1952 655 abbas
1967 621 2003 654 et

461 686 664 722 conventus
684 693 757 716 non
779 683 962 720 tenentur,
985 691 1051 715 nec
1069 683 1196 714 contra
1216 678 1316 728 ipsos
1337 677 1425 714 dicti
1446 689 1664 728 proccessus
1683 676 1763 713 fieri
1782 679 2000 727 potuerunt,

462 753 545 776 cum
578 738 778 788 praemissa
808 737 1019 787 praedictus
1049 737 1226 773 dominus
1252 735 1475 773 Benedictus
1504 735 1542 772 in
1569 735 1806 772 concessione
1837 734 2002 786 decimae

463 797 698 845 hujusmodi„
717 796 745 832 si
771 809 884 846 quam
910 795 1012 842 fecit,
1030 795 1280 832 consideravit
1300 799 1336 831 et
1360 795 1398 831 in
1422 794 1755 831 considerationem
1775 793 1948 838 adduxit}
1966 797 2003 830 et

460 859 612 905 propter
638 854 708 891 hoc
738 859 773 890 et
801 867 875 890 non
902 854 950 890 ob
978 853 1087 890 aliam
1118 867 1265 890 causam
1295 853 1432 889 dietam
1461 852 1642 889 decimam
1673 851 2002 902 concessit7prout
2032 861 2041 869 ·

460 914 569 949 etiam
590 913 626 949 in
646 913 754 950 dictis
772 913 920 949 videtur
945 912 1074 948 litteris
1097 912 1300 958 contineri,
1318 911 1419 961 quod
1439 924 1524 947 cum
1546 911 1713 962 impensa
1731 923 1864 960 magna
1879 909 2002 960 ’ipsius

461 971 603 1008 domini
626 971 721 1022 regis
745 975 913 1007 monetae
939 970 1107 1006 reductio
1135 969 1350 1020 procederet
1373 983 1415 1005 ac
1433 969 1536 1006 fieret
1556 967 1779 1019 supradicta.
1798 968 1888 1005 ltem
1913 981 2003 1018 pro<

459 1043 581 1066 cessus
597 1029 773 1079 praedicti
791 1028 868 1064 fieri
884 1041 957 1064 non
973 1032 1187 1078 potuerunt,
1209 1041 1275 1064 nec
1295 1027 1524 1073 debuerunt⁷
1541 1040 1609 1064 uec
1622 1026 1761 1071 valent,
1777 1030 1818 1062 ut
1831 1025 2003 1076 praedic-

461 1093 539 1124 tum
570 1091 636 1133 est„
667 1087 845 1136 quoniam
877 1086 906 1123 si
938 1087 1059 1123 bonae
1091 1086 1292 1129 memoriae
1322 1085 1497 1122 dominus
1526 1084 1750 1122 Benedictus
1781 1084 1871 1121 olim
1906 1096 2002 1134 papa

460 1149 670 1199 praedictus
705 1149 887 1185 decimam
920 1147 1021 1184 dicto
1052 1148 1205 1185 domino
1237 1147 1312 1198 regi
1345 1147 1590 1193 concesserit,
1618 1143 1690 1183 sibi
1723 1146 1903 1183 decimam
1936 1159 2004 1196 per

460 1207 655 1244 biennium
686 1206 867 1243 concessit
891 1219 910 1242 a
938 1206 1029 1242 sesto
1056 1205 1266 1243 Nativitatis
1299 1205 1452 1242 Domini
1481 1204 1776 1250 numerandum7
1802 1204 1905 1254 quod
1933 1203 2004 1240 suit

462 1266 675 1303 immediate
700 1266 863 1302 secundo
893 1265 975 1302 idus
1002 1266 1106 1308 maii
1129 1265 1367 1316 pontificatus
1392 1264 1481 1301 dicti
1509 1263 1652 1301 domini
1684 1262 1875 1301 Benedicti
1903 1275 2002 1299 anno

460 1324 594 1375 primo.
618 1324 725 1360 Nunc
750 1328 872 1360 autem
899 1323 1040 1360 dictum
1067 1324 1262 1360 biennium
1294 1323 1359 1359 diu
1381 1327 1436 1359 est
1463 1323 1646 1373 elapsum
1672 1336 1738 1372 per
1761 1321 1865 1372 quod
1891 1321 2002 1358 etiam

460 1383 600 1420 dictum
623 1383 819 1419 biennium
847 1387 992 1419 moneta
1019 1371 1206 1432 praedicta
1234 1382 1279 1418 ad
1307 1382 1469 1418 valorem
1495 1386 1531 1418 ct
1554 1381 1701 1431 pondus
1724 1381 1896 1418 debitum
1916 1393 2001 1417 eum

461 1442 590 1478 effectu
611 1442 763 1478 reducta
791 1455 866 1478 non
894 1442 978 1486 suit
999 1455 1066 1478 nec
1089 1446 1157 1478 est
1178 1455 1246 1478 nec
1267 1441 1336 1477 alia
1361 1454 1428 1491 per
1453 1441 1595 1477 dictum
1620 1439 1815 1476 biennium
1841 1438 2006 1490 perdidit

461 1514 611 1537 cursum
632 1514 760 1547 suum,
780 1504 932 1551 propter
950 1500 1052 1550 quod
1077 1500 1264 1550 liquidum
1285 1504 1339 1536 est
1356 1500 1458 1550 quod
1477 1513 1544 1550 per
1561 1499 1703 1535 dictum
1725 1497 1919 1535 biennium
1939 1510 2004 1534 seu

462 1558 639 1609 praedicti
660 1558 802 1595 biennii
821 1559 965 1595 decima
986 1558 1055 1608 ipsi
1074 1558 1229 1595 domino
1249 1558 1324 1609 regi
1345 1571 1419 1594 non
1439 1558 1616 1603 debetur,
1636 1570 1721 1594 cum
1745 1557 1866 1593 dictus
1885 1556 2005 1592 Bene-

462 1617 582 1654 dictus
604 1617 786 1654 decimam
806 1617 1023 1666 hujusmodi
1044 1617 1228 1653 aestimari
1249 1630 1313 1654 seu
1334 1617 1448 1653 taxari
1476 1616 1636 1652 voluerit
1649 1616 1757 1665 juxta
1781 1615 2004 1652 taxationem

464 1677 595 1712 saetam
620 1689 687 1726 pro
707 1676 881 1713 solvenda
907 1676 1051 1712 decima
1075 1676 1251 1726 deputata
1273 1675 1444 1712 subsidio
1465 1675 1598 1712 Terrae
1617 1674 1771 1712 Sanctae
1790 1674 1827 1710 in
1846 1670 2006 1711 conciiio

464 1734 717 1783 Lugdunensi,
733 1739 768 1771 et
781 1748 961 1784 perquam
978 1735 1151 1785 iniquum
1171 1738 1266 1771 esset
1283 1739 1318 1770 et
1332 1733 1528 1770 intentioni
1545 1733 1634 1769 dict-i
1655 1732 1799 1769 domini
1818 1732 2005 1770 Benedicti

463 1792 690 1829 contrarium
705 1807 773 1843 pro
786 1793 974 1843 praedicto
993 1793 1145 1830 biennio
1165 1793 1257 1830 solvi
1277 1793 1458 1829 decimam
1475 1793 1522 1829 ad
1537 1791 1758 1838 taygationem
1779 1791 2005 1842 praedictam

463 1855 498 1887 et
516 1851 721 1888 secundum
740 1852 903 1888 valorem
924 1857 959 1888 et
977 1852 1125 1902 pondus
1140 1852 1338 1902 antiquum
1355 1856 1390 1887 et
1404 1851 1572 1887 debitum
1585 1880 1593 1896 ‚
1609 1864 1675 1900 per
1688 1850 1788 1900 quod
1810 1850 2004 1887 biennium

464 1914 610 1946 moneta
628 1910 814 1960 praedicta
831 1911 877 1947 ad
895 1911 1058 1947 valorem
1078 1915 1114 1947 et
1133 1910 1281 1960 pondus
1300 1910 1467 1946 debitum
1488 1914 1522 1946 et
1540 1909 1738 1961 antiquum
1756 1908 1907 1946 reducta
1930 1923 2005 1946 non

466 1968 550 2015 suit
571 1982 639 2005 nec
669 1969 740 2005 alia
771 1982 921 2006 cursum
949 1970 1089 2015 amisit
1112 1974 1148 2006 et
1174 1983 1240 2019 per
1270 1969 1372 2019 quod
1399 1968 1593 2005 biennium
1619 1967 1797 2018 praedicti
1829 1968 1944 2005 abbas
1971 1973 2007 2006 et

466 2031 668 2064 conventus
688 2041 756 2077 pro
775 2028 1018 2078 proventibus
1038 2033 1072 2065 et
1091 2028 1301 2065 redditibus
1324 2028 1399 2065 suis
1426 2027 1681 2065 ecclesiasticis
1701 2031 1886 2064 monetam
1906 2041 2007 2065 reee-

466 2089 601 2135 perunt
619 2085 777 2122 debilem
797 2091 832 2122 et
851 2087 974 2123 valore
992 2091 1027 2123 et
1046 2086 1211 2136 pondere
1230 2086 1395 2136 legitimo
1414 2085 1680 2122 defraudatam.

479 2144 603 2179 .Item
628 2157 701 2180 non
723 2145 934 2190 xaluerunt
955 2159 1022 2182 nec
1042 2146 1166 2182 valent
1185 2145 1360 2182 antedicti
1381 2158 1591 2195 processus
1610 2144 1803 2194 quoniam
1823 2143 1889 2181 etsi
1910 2143 2006 2181 infra

466 2201 659 2238 biennium
679 2202 909 2252 praedictum
928 2217 947 2240 a
969 2204 1060 2241 festo
1080 2203 1288 2241 Nativitatis
1308 2204 1442 2240 Beatae
1456 2203 1590 2239 Mariae
1607 2202 1768 2252 Virginis
1785 2202 1884 2238 uitro
1898 2215 2007 2252 prae-

467 2259 573 2296 terito
592 2266 738 2297 moneta
765 2262 952 2311 praedicta
974 2262 1019 2298 ad
1043 2262 1206 2298 valorem
1231 2266 1266 2298 et
1288 2261 1435 2311 pondus
1453 2260 1648 2311 antiquum
1670 2260 1822 2296 reducta
1847 2260 2006 2309 expendi

467 2323 502 2354 et
520 2318 589 2354 alia
609 2318 787 2368 inceperit
805 2320 960 2369 perdere
974 2334 1124 2357 cursum
1147 2334 1275 2366 suum,
1295 2320 1396 2370 quod
1417 2325 1538 2356 tamen
1559 2319 1597 2355 in
1616 2318 1761 2364 effectu,
1779 2322 1821 2355 ut
1838 2318 2009 2368 praemit-

468 2377 576 2422 titur„
602 2391 676 2414 non
701 2383 754 2414 est
774 2393 924 2426 verum7
946 2380 1214 2417 nichilominus
1241 2385 1363 2417 tamen
1395 2379 1466 2415 hoc
1490 2378 1612 2415 evenit.
1636 2382 1719 2427 post
1746 2377 1890 2413 obitum
1917 2377 2006 2414 dicti

469 2435 612 2472 domini
630 2437 830 2474 Benedicti.
