2184 3074
466 233 539 270 454
1013 228 1174 267 CODEX
1200 229 1449 268 DUNENSIS.

470 348 536 384 teri
555 345 710 391 suerint,
729 345 828 395 ipsos
846 357 941 399 quos
956 344 994 380 in
1014 342 1085 380 hiis
1100 342 1248 393 seriptis
1268 355 1417 379 exnunc
1431 346 1474 379 ut
1490 347 1627 380 extunc
1645 356 1666 380 a
1685 343 1823 382 divinis
1839 356 1996 396 suspen-

471 406 594 443 dimus
608 434 617 450 ,
636 409 672 441 et
695 404 725 441 si
754 403 848 453 layci
878 402 1032 447 fuerint,
1058 402 1158 452 ipsos
1182 414 1278 451 quos
1295 414 1444 438 exnunc
1468 405 1512 438 ut
1536 406 1674 439 extunc
1697 402 1735 439 in
1755 401 1829 439 biis
1852 403 1998 454 scriptis

472 464 853 508 excommunicamus,
869 461 1096 498 denuntietis
1113 460 1265 511 publice
1281 469 1480 512 suspensos
1497 465 1533 498 et
1549 462 1888 499 excommunicatos
1906 472 2001 508 esse,

474 523 543 560 nisi
563 534 710 559 eausam
725 519 1002 571 praetenderint
1018 532 1142 556 coram
1157 519 1265 556 vobis
1278 519 1463 556 efficacem
1476 531 1592 570 quare
1610 532 1685 556 non
1698 519 1860 557 debeant
1870 519 2003 557 adhoc

475 581 566 631 cogi.
587 579 695 628 Quod
715 579 744 616 si
762 577 1056 629 praetenderint,
1076 577 1198 627 ipsum
1226 577 1283 613 vel
1301 577 1400 627 ipsos
1425 577 1543 614 citetis
1567 590 1690 614 coram
1714 577 1822 615 nobis
1846 577 2003 614 Tornaci

474 640 519 677 ad
537 639 635 675 diem
650 641 918 688 competentem
937 649 1000 673 seu
1018 636 1096 673 dies
1115 639 1365 686 eom'p'et'entes
1379 636 1424 673 ad
1444 637 1672 673 voluntatem
1687 636 1813 674 latoris
1827 649 2003 687 praesen-

445 693 448 695 *
475 698 567 735 tium
599 709 746 733 eausam
774 694 990 744 hujusmodi
1018 699 1278 745 praetensuros
1307 699 1343 731 et
1369 695 1530 732 facturos
1557 695 1659 745 quod
1690 694 1782 732 ordo
1811 695 2005 732 dictaverit

474 756 638 794 rationis.
657 755 814 792 Nomina
839 767 927 790 vero
962 754 1208 800 monitorum,
1234 767 1516 804 suspensorum,
1535 753 1943 790 excommunicatorum
1969 758 2006 790 et

474 814 668 851 citatorum
685 813 793 850 nobis
811 812 969 849 fideliter
986 811 1057 849 sub
1073 816 1195 849 vestro
1208 812 1330 862 sigillo
1345 812 1574 858 rescribatis,
1593 816 1730 849 vestras
1745 811 2003 862 rescriptiones

475 873 546 910 hiis
566 872 821 923 praesentibus
839 871 969 908 litteris
987 871 1141 908 minime
1166 872 1377 923 infigentes,
1396 876 1432 909 et
1459 885 1519 909 eas
1538 885 1612 908 non
1633 871 1877 922 praesumatis
1895 870 2004 908 modo

475 931 627 982 aliquod
651 931 807 977 violare,
834 935 978 967 tantum
999 930 1086 966 inde
1107 930 1279 967 facientes
1313 944 1359 967 ne
1376 930 1422 967 de
1448 930 1699 967 inobedientia
1718 943 1738 967 a
1757 929 1881 976 nobis,
1901 929 2004 980 quod

475 991 587 1037 absit,
607 990 756 1041 possitis
774 989 945 1040 redargui
963 990 1020 1026 vel
1040 989 1178 1039 puniri.
1198 989 1238 1026 ln
1259 989 1330 1026 hiis
1344 994 1466 1027 autem
1489 989 1713 1040 exequendis
1730 1002 1828 1027 unus
1842 993 2004 1026 vestrum

476 1049 588 1086 alium
617 1049 672 1086 vel
701 1049 792 1086 alios
811 1061 885 1085 non
906 1053 1101 1098 exspectet.
1126 1049 1166 1085 In
1187 1049 1293 1099 cujus
1312 1049 1363 1085 rei
1383 1049 1650 1095 testimonium,
1669 1053 1736 1086 etc.

1198 1171 1291 1184 -0-

1181 1315 1311 1352 cccn.
1360 1357 1368 1365 ,

770 1431 958 1468 Demande
975 1431 1019 1468 de
1031 1432 1175 1480 prieres
1189 1443 1290 1480 pour
1306 1430 1368 1467 des
1384 1429 1504 1480 freres
1522 1430 1671 1480 defurit-3
1689 1431 1715 1466 ¹.

530 1634 717 1672 Universis
735 1634 889 1671 Sanctae
906 1634 1031 1671 Matris
1050 1634 1234 1670 Ecclesiae
1252 1633 1339 1670 filiis
1356 1633 1402 1670 ad
1423 1646 1517 1684 quos
1535 1638 1744 1684 praesentes
1763 1633 1904 1671 litterae
1924 1646 2010 1684 per-

478 1693 647 1730 venerint
662 1692 837 1729 omnibus
855 1693 925 1729 sub
943 1692 1184 1742 professionis
1203 1691 1333 1728 habitu
1348 1691 1495 1729 Christo
1513 1704 1600 1728 vero
1617 1691 1692 1742 regi
1711 1691 1958 1729 militantibus
1975 1696 2011 1728 et

479 1765 545 1802 per
569 1750 801 1788 obedientiae
816 1751 1004 1787 ⁴tramitem
1033 1750 1232 1801 repatriare
1250 1750 1461 1787 volentibus
1480 1751 1592 1787 frater
1609 1751 1665 1797 R.,
1686 1754 1766 1797 ete.,
1785 1750 1835 1787 ita
1854 1750 2011 1788 viriliter

479 1810 515 1846 in
536 1810 717 1860 praesenti
736 1808 832 1845 vitae
846 1809 964 1845 stadio
983 1808 1160 1845 dimicare
1178 1813 1221 1845 ut
1237 1813 1404 1845 aeternae
1422 1809 1518 1845 vitae
1532 1808 1702 1845 bravium
1717 1812 2004 1858 consequantur.

528 1868 713 1916 Quoniam
741 1871 893 1918 propter
917 1881 1080 1904 mensam
1114 1868 1264 1904 vetitam
1289 1867 1400 1917 primi
1423 1867 1586 1918 parentis
1618 1871 1654 1904 et
1678 1867 1757 1916 eJus
1787 1866 2009 1904 inobedien-

481 1928 567 1964 tiam
600 1939 698 1963 mors
734 1926 886 1963 intravit
919 1927 957 1963 in
987 1926 1115 1963 orbem
1146 1931 1347 1972 terrarum,
1375 1925 1459 1962 faeti
1492 1938 1621 1962 sumus
1645 1938 1772 1962 omnes
1804 1925 1913 1962 morti
1940 1925 2008 1963 tri-

481 1984 640 2029 butarii.v
671 1997 739 2021 nee
771 1989 825 2021 est
857 1985 911 2021 in‘
933 1984 1001 2021 hae
1031 1985 1127 2021 valle
1155 1984 1391 2021 lacrimarum
1427 1984 1492 2034 qui
1523 1983 1652 2020 mortis
1685 1982 1798 2033 hujus
1829 1983 2009 2033 impetum

480 2046 597 2083 valeat
620 2047 804 2083 ullatenus
830 2047 981 2093 evitare,
1008 2059 1135 2083 saevae
1161 2046 1260 2083 enim
1290 2046 1417 2083 mortis
1442 2045 1584 2082 exactio
1603 2058 1623 2082 a
1648 2044 1805 2095 singulis
1826 2044 2008 2082 tributum

479 2106 603 2143 exiens
646 2106 739 2142 nulli
775 2106 918 2156 parcit,
954 2107 1064 2143 sortes
1101 2111 1137 2142 et
1166 2105 1326 2152 debiles,
1359 2105 1503 2143 nobiles
1533 2109 1569 2142 et
1598 2104 1805 2155 ignobiles,
1835 2116 1940 2141 senes
1969 2107 2006 2140 et

475 2163 628 2212 juvenes
659 2164 947 2214 prosternendo,
976 2177 1051 2201 non
1080 2164 1198 2214 parcit
1224 2164 1367 2214 generi,
1397 2163 1518 2210 sexui,
1549 2176 1618 2200 nec
1639 2162 1768 2209 aetati,
1793 2162 1857 2200 sed
1882 2165 2009 2199 contra

478 2226 628 2258 cunctos
652 2222 919 2259 inexorabilem
940 2224 1034 2260 ferre
1056 2223 1276 2260 sententiam
1293 2225 1499 2270 consuevit,
1518 2222 1623 2273 quia,
1638 2235 1723 2259 cum
1743 2221 1827 2272 plus
1849 2219 2007 2266 mordet,

516 2338 523 2352 ¹
541 2339 613 2364 (lette
627 2340 705 2365 lettre
719 2340 806 2374 paralt
820 2340 901 2367 ecrite
913 2349 962 2376 par
971 2341 1057 2368 l'abbe
1070 2335 1283 2369 de'Saint-Remi
1296 2343 1329 2369 de
1343 2343 1442 2369 Reims.
