2184 3074
742 346 903 385 CODEX
929 347 1176 386 DUNENSIS.
1650 353 1716 391 55¹

187 463 561 501 Praemonstratensis
585 475 649 500 seu
672 463 930 514 cujuscunque
953 464 1104 501 alterius
1126 464 1270 502 ordinis
1293 465 1349 501 vel
1377 465 1602 503 conditionis
1624 467 1723 504 exis-

182 529 278 568 tant,
299 535 445 562 necnon
471 523 643 574 capitulis
666 523 940 561 cathedralibus
958 538 1000 561 ac
1018 524 1174 561 aliarum
1200 525 1422 562 secularium
1443 525 1720 576 collegiatarum

181 582 420 620 ecclesiarum
435 586 578 619 vestrae
591 580 750 618 civitatis
768 586 803 618 et
817 581 986 631 dyocesis
1004 582 1184 633 exemptis
1201 588 1238 619 et
1252 596 1326 620 non
1346 584 1541 634 exemptis,
1556 597 1600 621 ex
1620 588 1723 634 parte

183 646 325 688 nostra,
343 640 471 678 eadem
492 639 729 685 auctoritate,
748 639 818 676 sub
845 640 1077 677 districtione
1102 640 1215 678 simili
1248 641 1405 679 tirmiter
1428 641 1662 691 injungentes
1680 646 1722 679 ut

151 728 154 731 ,
184 698 254 750 ipsi
265 698 425 737 <abbates
443 701 479 735 et
496 697 638 748 priores
662 710 736 734 una
755 697 950 734 vobiscum
979 698 1234 749 personaliter,
1249 698 1347 736 dicta
1364 712 1458 737 ‘vero
1477 700 1637 750 capitula
1656 714 1723 751 per

183 763 441 809 procuratores
458 756 626 806 ydoneos
651 768 696 792 ex
719 755 850 806 seipsis
880 769 954 793 non
981 757 1103 794 solum
1123 757 1167 794 ad
1187 757 1416 795 audiendum
1436 762 1471 795 et
1485 758 1719 796 referendum

181 816 234 854 eis
260 828 357 867 quae
381 815 539 853 dicenda
565 819 601 851 et
624 814 832 851 ordinanda
864 815 1081 853 duxerimus
1106 816 1347 862 constitutos,
1372 817 1435 854 sed
1466 816 1654 854 sufficiens
1680 828 1722 853 ac

182 876 334 927 plenum
353 874 570 912 mandatum
590 874 781 915 habentes,
795 874 842 911 ad
869 875 1127 925 recipiendum
1157 888 1199 912 ac
1226 876 1455 927 implendum
1475 876 1719 926 apostolicum

181 935 399 972 mandatum
417 938 453 971 et
469 939 655 980 nostrum,
671 937 707 970 et
722 932 768 970 ad
787 933 1092 971 consentiendum
1113 934 1151 970 in
1166 947 1207 972 ea
1225 948 1321 985 quae
1339 948 1408 985 pro
1429 934 1586 972 utilitate
1604 940 1720 972 terrae

181 992 402 1044 praedictae,
429 992 613 1043 fideique,
644 991 928 1029 communicatis
948 991 1076 1028 vestris
1094 997 1130 1028 et
1147 1005 1275 1029 eorum
1293 992 1477 1038 consiliis,
1497 993 1716 1030 duxerimus

181 1051 407 1096 ordinanda,
422 1063 547 1088 coram
577 1050 687 1088 nobis
717 1050 778 1087 die
808 1063 850 1087 ac
869 1050 950 1087 loco
969 1056 1206 1101 compareant
1235 1051 1477 1102 supradictis,
1496 1050 1660 1088 audituri
1681 1055 1717 1088 et

182 1111 364 1162 recepturi
395 1123 438 1148 ac
467 1110 577 1148 etiam
612 1110 802 1160 impleturi
829 1123 870 1146 ea
893 1123 990 1160 quae
1012 1109 1217 1147 secundum
1236 1111 1452 1158 mandatum
1470 1110 1715 1161 apostolicum

181 1181 294 1220 super
311 1168 524 1206 memoratis
543 1167 719 1220 negotiis,
738 1167 866 1204 habito
883 1167 1077 1205 vobiscum
1097 1171 1133 1204 et
1149 1182 1234 1205 cum
1254 1169 1306 1205 eis
1325 1168 1390 1219 qui
1406 1172 1616 1219 praesentes
1635 1168 1716 1204 fue-

181 1228 258 1266 rint
290 1228 515 1279 competenti
551 1232 727 1272 tractatu,
763 1227 970 1264 ordinanda
1002 1227 1220 1265 duxerimus
1251 1241 1292 1264 ac
1322 1228 1431 1264 etiam
1468 1226 1716 1277 injungenda,

178 1287 347 1338 ipsisque
372 1287 598 1325 denuntietis
615 1299 796 1338 expresse
813 1286 915 1337 quod
937 1299 1002 1324 nos
1025 1287 1071 1323 ad
1094 1286 1257 1324 debitam
1277 1287 1533 1324 executionem
1551 1285 1715 1323 mandati

181 1346 391 1397 apostolici,
414 1340 678 1391 dilationibus,
704 1345 1009 1382 excusationibus
1043 1344 1198 1389 frivolis,
1225 1345 1389 1382 absentia
1418 1351 1453 1382 et
1482 1343 1715 1382 contumacia

180 1404 438 1455 quorumlibet
455 1416 692 1455 nequaquam
717 1403 973 1447 obstantibus,
991 1402 1154 1440 donante
1173 1403 1350 1447 Domino,
1368 1403 1611 1453 procedemus
1629 1415 1714 1439 cum

181 1474 238 1500 res
255 1462 558 1500 accelerationem
577 1461 734 1499 multam
764 1461 887 1512 exigat
911 1465 947 1497 et
973 1459 1102 1497 dilatio
1127 1460 1422 1498 intollerabiliter
1438 1460 1485 1498 sit
1497 1460 1713 1510 dampnosa.

180 1520 370 1573 Quicquid
394 1526 518 1559 autem
546 1533 658 1572 super
684 1520 755 1558 hoc
780 1520 964 1558 duxeritis
990 1519 1345 1566 faciendum,nobis
1370 1520 1465 1557 infra
1487 1519 1712 1571 praedictam

181 1579 281 1617 diem
305 1592 372 1630 per
396 1584 534 1617 vestras
559 1583 725 1630 patentes
744 1579 881 1616 litteras
905 1578 1036 1615 seriem
1053 1578 1303 1628 praesentium
1322 1578 1551 1615 continentes
1569 1577 1714 1627 signifi-

181 1653 264 1678 care
277 1640 424 1679 curetis.

896 1723 1006 1735 —000—

817 1874 1083 1921 CCCLXXXV.

289 2003 414 2041 Dimes
443 2003 630 2042 accorddes
663 2015 739 2053 par
778 2003 808 2040 Ie
838 2014 935 2051 pape
969 2001 1128 2038 Cle'ment
1159 1999 1219 2035 IV
1242 2011 1341 2048 pour
1375 1999 1411 2036 Ια
1443 1999 1606 2036 croisade

783 2061 826 2099 de
857 2062 957 2098 saint
986 2059 1108 2097 Louis.

234 2268 281 2307 Ut
299 2269 629 2308 christianissimus
647 2273 711 2307 rex
729 2270 958 2315 Francorum
976 2271 1103 2304 votum
1123 2257 1243 2303 cruci's
1270 2262 1373 2314 quod
1395 2261 1517 2299 emisit
1533 2274 1602 2312 pro
1620 2261 1711 2298 sub-

183 2327 280 2365 sidio
305 2327 438 2366 Terrae
462 2329 617 2367 Sanctae
641 2328 788 2380 plenius
815 2331 937 2378 posset
963 2331 1000 2363 et
1028 2323 1213 2362 efficacius
1242 2321 1463 2372 adimplere,
1494 2325 1530 2356 et
1560 2332 1711 2357 manum

183 2387 407 2439 apostolicae
419 2387 609 2439 potestatis
621 2388 693 2426 sibi
708 2387 823 2439 magis
837 2385 1054 2436 adjutricem
1069 2396 1147 2421 esse
1161 2381 1327 2426 sentiret,
1341 2378 1594 2417 sanctissimus
1610 2383 1714 2428 pater

184 2459 227 2483 ac
248 2447 423 2485 dominus
446 2451 571 2485 noster
591 2447 779 2491 Clemens,
800 2445 866 2482 Dei
888 2443 1122 2495 providentia
1138 2454 1306 2480 summus
1325 2438 1510 2490 pontifex,
1528 2437 1711 2475 decimam
