2184 3074
438 358 485 394 54
991 353 1152 390 CODEX
1179 353 1422 398 DUNENSlS.

435 476 545 522 vixit,
568 475 669 525 justo
696 471 850 523 praetio,
878 470 1145 506 interveniente
1172 468 1231 505 W.
1251 468 1352 506 dicto
1367 499 1598 517 .......
1623 472 1752 510 decem
1778 487 1970 513 mensuras

436 541 567 580 terrae,
586 537 665 578 etc.,
684 543 797 581 quam
812 529 1002 579 quondam
1021 527 1142 565 dictus
1161 527 1242 564 talis
1262 528 1409 565 tenebat
1426 542 1446 565 a
1461 542 1521 566 me
1535 529 1574 566 in
1588 530 1755 578 feodum,
1770 546 1816 569 ex
1829 534 1969 584 quibus

435 594 541 632 terris
563 593 688 642 jacent-
710 594 781 626 tres
807 600 1018 633 mensurae,
1043 591 1132 632 etc.;
1157 591 1193 623 et
1220 590 1334 623 totam
1355 591 1489 624 terram
1517 589 1743 638 praedictam
1769 593 1974 642 reportavit

436 653 532 689 idem
556 649 745 688 Johannes
767 646 814 682 ad
836 646 984 695 plenam
1013 645 1129 694 legem
1148 649 1184 681 et
1201 658 1268 695 per
1282 644 1468 693 judicium
1494 646 1691 684 hominum
1715 661 1780 685 seu
1804 650 1972 688 feodeta-

434 711 575 748 riorum
595 718 764 743 meorum
783 704 822 740 in
841 716 974 740 manus
993 715 1107 748 meas,
1124 707 1160 739 et
1176 702 1308 747 exivit,
1323 703 1497 753 werpivit
1509 708 1544 740 et
1561 700 1788 744 effestucavit
1801 708 1970 746 eamdem

433 768 478 804 ad
497 779 591 816 opus
605 765 666 802 W.
687 761 893 799 memorati.
912 762 957 798 Et
976 773 1059 811 egn,
1079 760 1247 797 adhibita
1267 760 1305 797 in
1325 762 1535 811 praemissis
1553 763 1826 814 sollempnitate
1843 765 1969 804 debita

432 830 467 863 et
493 827 686 868 consueta,
711 821 883 870 factoque
909 819 1002 855 mihi
1031 818 1203 868 homagio
1229 818 1276 855 ab
1307 818 1438 856 eodem
1473 819 1532 857 W.
1564 821 1611 857 de
1638 822 1826 872 praedicta
1853 828 1970 872 terra,

431 895 555 921 coram
570 879 788 918 hominibus
802 878 893 914 meis
907 877 1078 914 investivi
1094 877 1216 927 ipsum
1232 877 1278 913 de
1292 877 1419 914 eadem
1439 883 1553 925 terra,
1573 879 1767 931 ipsamque
1781 881 1814 918 ei
1833 882 1969 920 tradidi

431 943 470 978 in
485 940 634 978 feodum
653 952 673 975 a
692 951 751 974 me
769 942 805 973 et
820 936 1044 973 haeredibus
1059 935 1150 972 meis
1165 935 1211 972 de
1225 949 1274 980 se,
1290 936 1442 986 suisque
1457 936 1680 975 haeredibus
1693 938 1732 975 in
1747 944 1969 990 perpetuum

430 1000 627 1039 tenendam
646 1002 682 1034 et
699 995 978 1047 possidendam,
997 995 1151 1031 liberam
1172 999 1207 1031 et
1224 995 1431 1032 absolutam
1454 996 1502 1032 ab
1524 997 1626 1033 omni
1647 997 1740 1048 jugo
1763 1002 1798 1035 et
1819 998 1970 1036 servitio

430 1057 580 1103 feodali,
599 1070 642 1093 eo
660 1055 780 1093 solum
799 1058 953 1104 excepto
971 1053 1074 1104 quod
1101 1053 1199 1090 idem
1226 1054 1286 1092 W.
1313 1058 1349 1090 et
1375 1053 1551 1091 haeredes
1572 1055 1630 1092 sui
1655 1056 1862 1093 successive
1885 1061 1971 1107 post

428 1118 551 1167 ipsum
576 1114 687 1160 mihi,
716 1113 882 1163 meisque
907 1111 1130 1148 haeredibus
1153 1112 1359 1149 successive
1384 1117 1468 1162 post
1494 1126 1553 1150 me
1578 1113 1722 1151 tradere
1741 1115 1969 1154 tenebuntur

427 1188 545 1212 unum
564 1187 631 1224 par
647 1171 946 1209 chirothecarum
963 1170 1008 1206 de
1022 1183 1143 1216 cerm,
1157 1170 1228 1216 vel,
1242 1170 1272 1207 si
1288 1171 1503 1218 maluerint,
1519 1176 1591 1209 tres
1607 1173 1746 1210 solidos
1758 1173 1967 1212 Flandren-

427 1247 484 1271 ses·
500 1246 568 1284 pro
586 1231 724 1269 eisdem
743 1229 900 1279 singulis
919 1229 1027 1266 annis
1049 1229 1087 1265 in
1113 1233 1355 1279 perpetuum,
1379 1234 1578 1279 postquam
1604 1231 1683 1281 ipse
1706 1232 1764 1268 vel
1790 1232 1966 1270 haeredes

426 1293 483 1330 sui
508 1305 527 1328 a
550 1305 608 1327 me
630 1290 686 1326 vel
706 1289 929 1327 haeredibus
952 1287 1060 1334 meis,
1085 1301 1149 1324 scu
1177 1301 1259 1324 meo
1285 1288 1342 1324 vel
1370 1288 1537 1338 ipsorum
1564 1293 1664 1326 certo
1693 1291 1849 1338 nuntio,
1877 1295 1964 1342 post

427 1353 571 1401 lapsum
592 1349 665 1395 diei
687 1348 810 1386 Sancti
830 1347 992 1384 Bavonis
1011 1347 1150 1383 suerint
1167 1347 1346 1397 requisiti.
1371 1348 1491 1395 Quam
1509 1348 1661 1398 quidem
1682 1353 1817 1387 terram
1836 1350 1966 1388 seoda-

425 1411 497 1446 lem
516 1421 583 1458 ego
602 1420 668 1458 pro
685 1420 745 1443 me
763 1411 798 1443 et
816 1406 1039 1442 haeredibus
1057 1405 1148 1442 meis
1166 1405 1344 1455 promitto
1362 1411 1398 1442 et
1415 1410 1544 1443 teneor
1557 1406 1654 1444 bona
1673 1407 1747 1444 fide
1765 1408 1886 1446 eidem
1900 1410 1962 1448 W.

424 1473 460 1505 et
476 1468 553 1504 suis
575 1466 796 1503 haeredibus
814 1465 1032 1515 grandizare
1054 1469 1181 1502 contra
1201 1478 1448 1515 quoscunque
1465 1465 1596 1502 eodem
1615 1466 1727 1503 modo
1746 1480 1822 1517 quo
1840 1466 1964 1504 domi-

424 1540 493 1564 nus
515 1525 613 1562 feodi
636 1538 704 1562 suo
722 1524 927 1561 seodotario
946 1524 1097 1561 feodum
1116 1536 1226 1560 suum
1245 1524 1485 1573 garandizare
1504 1528 1660 1561 tenetur.
1686 1525 1728 1561 ln
1750 1519 1872 1577 cujus,
1893 1529 1960 1562 etc.

1138 1657 1255 1666 w

1135 1801 1245 1838 XLII.

419 1920 539 1955 Letcre
561 1918 612 1954 du
640 1918 714 1954 sire
741 1917 784 1954 de
806 1917 846 1954 V
844 1929 948 1962 orne,
971 1916 1151 1954 chdtelain
1174 1917 1218 1953 de
1237 1916 1418 1962 Ze'lande,
1438 1916 1461 1952 ἀ
1479 1916 1515 1953 la
1533 1922 1700 1954 comtesse
1722 1917 1766 1954 de
1789 1917 1958 1955 Flandre

639 1977 890 2014 relativement
906 1977 929 2013 ἀ
947 1976 1080 2013 l’achal
1098 1978 1141 2013 de
1159 1977 1336 2014 certaines
1356 1982 1475 2013 rentes
1494 1990 1538 2014 en
1555 1976 1735 2013 Flandre.
1768 1990 1772 1991 ⁷

467 2171 738 2208 lllustrissimae
761 2171 936 2208 dominae
961 2184 1049 2208 suae
1074 2171 1111 2207 in
1138 2171 1285 2209 Christo
1316 2171 1531 2209 karissimae
1561 2172 1735 2208 dominae
1765 2172 1805 2208 E.
1835 2170 1954 2208 comi-

417 2230 523 2266 tissae
542 2234 577 2266 et
596 2229 884 2266 marchionissae
898 2230 1139 2267 Namurcensi
1160 2230 1280 2267 fidelis
1299 2243 1388 2267 suus
1407 2230 1583 2267 dominus
1603 2230 1648 2266 de
1667 2230 1803 2276 Vorne,
1821 2229 1954 2266 Zelan-

415 2288 497 2324 diae
515 2288 749 2333 castellanus,
767 2288 922 2324 salutem
943 2292 978 2324 et
995 2288 1177 2338 quicquid
1196 2292 1315 2338 potest
1333 2288 1472 2325 servitii
1492 2293 1527 2324 et
1545 2288 1709 2325 honoris.

464 2346 556 2382 Cum
573 2345 697 2382 dilecti
712 2346 783 2382 mei
799 2346 888 2383 tales
903 2346 1130 2382 voluntatem
1148 2345 1309 2383 habeant
1321 2346 1546 2396 disponendi
1565 2346 1612 2382 de
1629 2345 1738 2383 bonis
1753 2345 1841 2392 suis,
1856 2358 1952 2396 quae

414 2405 578 2443 honestis
596 2405 914 2455 negociationibus
936 2410 971 2442 et
994 2405 1186 2443 laboribus
1207 2406 1479 2456 acquisierunt,
1498 2406 1544 2442 ad
1565 2418 1717 2443 suarum
1739 2405 1947 2455 profectum

413 2468 449 2501 et
465 2463 702 2500 commodum
728 2463 956 2510 animarum,
974 2464 1207 2501 nobilitatem
1231 2469 1390 2502 vestram
1416 2464 1566 2516 requiro
1590 2468 1774 2515 quatenus
1796 2467 1950 2513 propter
