2184 3074
731 333 894 371 CODEX
919 333 1165 372 DUNENSlS.
1641 337 1711 374 1¹5

175 455 318 493 decima
337 454 588 492 illustrissimo
606 453 682 503 regi
701 453 878 491 Franciae
897 453 934 490 in
953 457 1029 491 toto
1047 466 1162 504 regno
1180 467 1248 491 suo
1267 454 1314 491 sit
1332 467 1522 500 concessa,
1538 466 1710 492 reveren-

174 513 245 552 dus
269 517 375 565 pater
399 512 576 551 dominus
599 511 684 558 Ἧι,
715 511 830 548 abbas
853 511 1123 558 Cisterciensis,
1141 517 1330 563 assumpto
1354 526 1479 550 secum
1508 511 1709 550 venerabili

172 577 278 624 patre
295 573 449 610 domino
468 572 530 618 R„
549 570 682 609 abbate
700 570 895 616 Pontensi,
913 570 978 621 qui
995 574 1084 607 tunc
1097 583 1142 607 ex
1157 576 1318 622 quatuor
1330 572 1462 623 primis
1475 573 1575 611 solus
1594 573 1710 611 inter-

169 643 248 668 esse
265 634 424 682 poterat,
442 634 478 667 et
501 628 728 680 quibusdam
752 628 834 666 aliis
856 627 1056 665 abbatibus
1075 633 1110 665 et
1128 629 1295 667 discretis
1313 631 1480 680 personis
1498 631 1641 669 ordinis
1662 632 1709 669 de

168 689 358 727 voluntate
383 692 419 725 et
443 699 595 725 assensu
619 686 829 738 primorum
853 686 992 736 quibus
1011 685 1081 723 hoc
1099 688 1288 737 negotium
1314 689 1553 726 commissum
1573 695 1650 727 crat
1669 691 1706 727 in

168 759 289 798 nuper
307 749 490 784 transacto
509 745 673 796 capitulo
691 743 851 795 generali
871 743 917 780 ad
935 744 1131 781 vitandum
1150 745 1272 783 sutura
1299 747 1479 797 pericula,
1498 748 1706 786 animarum

167 804 382 856 dispendia,
409 803 721 841 conscientiarum
754 802 966 853 naufragia,
997 816 1083 840 cum
1116 804 1329 854 supradicto
1362 819 1447 855 rege
1478 806 1706 844 Francorum

166 876 312 902 necnon
331 862 534 900 reverendo
554 866 656 912 patre
673 860 827 898 domino
844 860 895 906 J.,
914 860 981 897 Dei
1001 861 1116 911 gratia
1133 866 1222 898 tunc
1235 863 1388 900 Sanctae
1405 864 1589 902 Ecclesiae
1602 878 1707 915 pres-

167 923 300 973 bytero
319 921 498 958 cardinali
517 920 753 971 Apostolicae
771 919 875 957 Sedis
893 919 1032 970 legato,
1051 925 1220 958 exactore
1238 926 1273 958 ct
1290 923 1485 960 collectore
1499 924 1708 974 praedictae

168 982 344 1028 decimae,
360 994 434 1018 non
454 980 533 1018 sine
551 979 694 1030 magnis
710 978 902 1015 laboribus
918 983 954 1015 ct
967 978 1184 1017 difficultate
1202 994 1275 1018 non
1292 982 1436 1019 modica
1451 996 1519 1033 pro
1533 983 1708 1021 domibus

168 1041 285 1079 nostri
305 1040 448 1078 ordinis
468 1039 562 1076 infra
581 1038 790 1089 praedictae
815 1037 1008 1088 legationis
1033 1039 1209 1076 terminos
1239 1040 1468 1087 constitutis,
1488 1055 1709 1092 composue-

168 1104 344 1150 runt'pro
362 1102 439 1136 toto
452 1097 666 1148 supradicto
683 1095 933 1146 quadriennio
947 1109 1023 1146 quo
1040 1096 1117 1146 ipsa
1133 1097 1276 1134 decima
1291 1111 1462 1136 concessa
1478 1104 1543 1143 cst,
1559 1100 1596 1136 in
1612 1105 1707 1137 certa

168 1158 348 1210 pecuniae
366 1157 584 1208 quantitate.
603 1155 697 1192 Cum
713 1155 827 1206 igitur
842 1167 910 1191 nos
924 1154 971 1191 dc
985 1168 1128 1192 summa
1145 1156 1253 1193 nobis
1268 1161 1303 1193 et
1315 1158 1544 1207 generationi
1562 1164 1708 1196 nostrae

167 1217 340 1269 imposita
358 1217 481 1268 primo
500 1215 686 1252 bonorum
705 1214 860 1251 consilio
880 1213 996 1264 ipsius
1017 1219 1163 1251 nostrae
1181 1216 1429 1265 generationis
1448 1216 1623 1254 domibus
1639 1230 1707 1268 pro

167 1289 205 1314 se
228 1280 264 1313 et
284 1274 461 1312 domibus
489 1273 561 1318 sibi
587 1272 764 1322 subjectis
796 1272 920 1323 quoad
947 1285 1088 1310 annum
1116 1279 1345 1324 praesentem
1374 1279 1489 1312 certas
1520 1276 1708 1326 portiones

165 1334 453 1386 imposuerimus
464 1363 473 1380 ,
492 1333 654 1370 dictante
673 1332 918 1377 conscientia,
937 1345 1005 1382 pro
1020 1337 1116 1369 statu
1131 1337 1167 1369 et
1180 1333 1323 1370 viribus
1339 1334 1588 1383 singulorum,
1603 1335 1708 1372 vobis

165 1393 348 1431 universis
373 1396 410 1430 et
433 1391 591 1442 singulis
619 1391 657 1427 in
684 1390 822 1427 virtute
846 1394 993 1428 sanctae
1026 1391 1279 1437 obedientiae,
1309 1393 1525 1429 auctoritate
1555 1394 1706 1444 capituli

164 1451 345 1503 generalis
364 1449 473 1487 nobis
491 1453 527 1486 et
543 1448 625 1486 aliis
644 1448 776 1499 primis
796 1449 834 1484 in
855 1448 924 1485 hac
943 1453 1046 1498 parte
1068 1449 1264 1486 commissa
1290 1454 1326 1486 ct
1350 1455 1472 1487 nostra
1497 1451 1566 1488 sub
1589 1465 1707 1502 poena

164 1508 422 1561 depositionis,
448 1506 719 1558 suspensionis,
744 1506 950 1552 interdicti,
980 1506 1211 1544 districtione
1233 1521 1306 1559 qua
1332 1521 1550 1558 possumus,
1574 1509 1706 1546 damus

164 1572 291 1607 tenore
308 1566 559 1618 praesentium
578 1566 618 1602 in
636 1565 820 1602 mandatis
837 1569 1022 1616 quatenus
1040 1567 1227 1616 portiones
1246 1566 1352 1603 vobis
1383 1572 1419 1604 et
1434 1567 1609 1604 domibus
1626 1580 1709 1604 ves-

167 1630 234 1668 tris
259 1628 468 1680 impositas,
495 1639 640 1664 necnon
663 1631 699 1664 et
721 1626 896 1663 domibus
917 1626 1025 1664 vobis
1054 1627 1231 1677 subjectis
1257 1632 1293 1664 et
1318 1627 1475 1665 inferius
1498 1632 1708 1674 annotatas,

165 1689 261 1726 infra
287 1687 518 1739 quindenam
545 1685 717 1723 instantis
752 1685 930 1731 Paschae,
958 1685 1110 1723 Parisiis
1142 1686 1241 1736 apud
1269 1686 1444 1724 Sanctum
1477 1687 1707 1724 Bernardum

166 1746 340 1784 mandato
367 1749 494 1782 nostro
520 1743 750 1794 integraliter
776 1743 1014 1793 persolvatis,
1033 1747 1069 1780 et
1085 1757 1152 1781 vos
1170 1745 1267 1781 filios
1288 1744 1464 1782 habentes
1483 1745 1554 1782 sub
1580 1745 1706 1782 eadem

165 1807 284 1844 forma
309 1804 526 1842 auctoritate
551 1802 741 1853 praedicta
767 1806 907 1839 vestros
936 1802 1106 1840 subditos
1134 1803 1181 1840 ad
1205 1803 1425 1841 solvendum
1451 1817 1614 1841 summas
1637 1805 1707 1841 sibi

166 1862 412 1916 imponendas
431 1861 552 1899 modis
572 1861 747 1898 omnibus
770 1861 1012 1912 compellatis.
1031 1861 1105 1899 Vos
1123 1862 1169 1899 de
1184 1863 1332 1913 lgniaco
1347 1877 1415 1914 pro
1430 1864 1535 1900 vobis
1550 1868 1709 1913 etgene-

167 1923 312 1961 ratione
333 1921 460 1959 MCCL
485 1920 599 1957 libras
623 1919 869 1956 Turonenses.
897 1919 970 1957 Vos
988 1920 1034 1957 de
1051 1920 1269 1972 Ursicampo
1287 1934 1356 1972 pro
1373 1921 1480 1958 vobis
1499 1926 1534 1958 et
1555 1935 1709 1972 genera-

168 1981 269 2019 tione
285 1984 405 2018 vestra
422 1978 523 2016 MDC
543 1978 657 2016 libras
676 1978 922 2015 Turonenses.
941 1978 1014 2016 Vos
1033 1978 1079 2015 de
1094 1978 1296 2017 Valleclara
1321 1993 1389 2030 pro
1414 1980 1520 2017 vobis
1542 1985 1575 2016 et
1597 1994 1709 2030 gene-

167 2039 310 2076 ratione
335 2042 455 2076 vestra
480 2037 596 2075 CCCC
622 2037 736 2075 libras
762 2037 1007 2074 Turonenses.
1034 2037 1108 2075 Vos
1133 2038 1180 2074 de
1208 2038 1335 2088 Longo
1365 2039 1481 2075 Ponte
1504 2052 1571 2088 pro
1597 2038 1709 2075 domo

169 2101 288 2134 vestra
302 2095 418 2134 CCCC
432 2096 546 2133 libras
559 2095 804 2133 Turonenses.
819 2095 892 2133 Vos
906 2095 952 2132 de
968 2095 1095 2134 Villari
1112 2101 1147 2133 et
1161 2097 1236 2134 tilia
1250 2101 1368 2134 vestra
1383 2096 1429 2132 de
1443 2095 1583 2133 Grandi
1600 2096 1709 2134 Prato

169 2155 202 2192 D
222 2154 335 2191 libras
352 2154 598 2191 Turonenses.
619 2154 691 2192 Vos
715 2154 762 2191 de
787 2154 971 2191 Fusniaco
998 2167 1065 2204 pro
1091 2155 1198 2191 vobis
1221 2160 1257 2191 et
1280 2155 1354 2191 tilia
1374 2159 1492 2191 vestra
1510 2154 1573 2191 DC
1592 2159 1627 2191 et
1647 2155 1709 2192 LX

169 2214 282 2251 libras
299 2213 544 2250 Turonenses.
560 2213 633 2251 Vos
651 2213 697 2250 de
717 2213 810 2250 Alna
833 2213 950 2250 CCCC
968 2213 1080 2250 libras
1099 2213 1344 2250 Turonenses.
1364 2213 1436 2251 Vos
1455 2213 1502 2250 de
1521 2213 1623 2251 Valle
1641 2214 1708 2251 Dei

171 2271 306 2310 LXXX
320 2270 432 2308 libras
447 2271 692 2309 Turonenses.
707 2272 780 2310 Vos
795 2271 841 2308 de
855 2271 1084 2308 Camberone
1099 2285 1167 2322 pro
1182 2271 1253 2309 biis
1272 2285 1368 2323 quae
1387 2271 1482 2308 infra
1501 2271 1710 2322 praedictae

174 2330 367 2382 legationis
386 2330 563 2368 terminos
582 2331 778 2382 possidetis
797 2336 833 2368 et
852 2331 926 2368 lilia
945 2335 1062 2368 vestra
1082 2331 1128 2367 de
1148 2330 1285 2368 Bodelo
1297 2362 1305 2376 ,
1324 2330 1440 2367 CCCC
1459 2330 1572 2367 libras
1590 2331 1711 2367 Turo-

175 2402 317 2427 nenses.
335 2388 409 2427 Vos
428 2389 474 2426 de
493 2389 613 2427 Dunis
633 2403 701 2440 pro
719 2390 825 2428 vobis
844 2395 879 2427 et
893 2390 967 2427 lilia
984 2394 1101 2427 vestra
1118 2390 1238 2427 DCCC
1252 2389 1365 2427 libras
1378 2389 1622 2426 Turonenses.
1637 2389 1710 2427 Vos

178 2449 225 2486 de
237 2448 346 2486 Claro
355 2447 511 2486 Marisco
525 2448 681 2486 CCCXX
697 2449 810 2486 libras
823 2449 1067 2486 Turonenses.
1081 2448 1154 2487 Vos
1168 2448 1214 2485 de
1228 2447 1355 2486 Laude
1368 2447 1459 2485 CCX
1471 2447 1584 2484 libras
1597 2447 1710 2484 Turo-
