2184 3074
719 283 880 322 CODEX
907 284 1005 323 DUN
1010 285 1070 322 EN
1074 284 1153 322 SlS.
1629 290 1700 326 203

855 450 948 488 CXX
956 450 1028 489 Vll.

263 571 311 608 Le
325 581 421 619 pape
438 568 654 607 Alexandro
671 568 731 606 IV
743 571 750 587 ¹
771 580 935 606 anveonce
946 580 1013 606 aon
1026 568 1201 606 elevatiora
1218 582 1269 606 au
1285 571 1388 607 irene
1402 570 1602 620 pmttilical.

215 763 427 802 Alexander
442 763 657 814 episcopus,
675 774 802 800 servus
819 774 1010 799 servorum
1029 762 1113 809 Dei,
1135 763 1280 801 dilectis
1305 763 1393 802 filiis
1411 764 1644 803 cisterciensi
1663 770 1699 803 et

167 823 350 862 universis
376 822 458 860 aliis
479 821 678 859 abbatibus
703 825 740 858 et
764 820 1010 858 conventibus
1036 820 1288 860 Cisterciensis
1313 823 1457 874 ordinis
1483 824 1639 862 salutem
1663 829 1698 861 et

167 882 408 934 apostolicam
426 879 736 919 benedictionem.
1494 929 1496 933 .

216 941 368 980 Summa
394 939 531 978 summi
556 938 707 976 artificis
735 937 933 987 prudentia
958 950 1103 975 summe
1129 938 1301 976 universa
1327 939 1530 990 disponens
1555 945 1697 979 certum

167 1000 339 1047 modum,
353 1004 572 1050 rectumque
584 997 755 1035 ordinem
774 996 957 1034 universis
975 997 1104 1034 statuit
1119 998 1315 1044 creaturis,
1330 998 1525 1050 imponens
1543 1000 1699 1051 singulis

167 1063 283 1104 metas
295 1070 397 1104 suas,
411 1069 616 1108 earumque
632 1059 768 1093 statum
785 1054 936 1106 propria
951 1054 1112 1092 limitum
1130 1055 1438 1094 determinatione
1454 1057 1698 1108 distinguens,

167 1121 210 1154 ut
225 1130 293 1168 per
307 1115 568 1154 discretionem
589 1113 805 1164 hujusmodi
824 1113 1004 1151 vitaretur
1020 1114 1058 1150 in
1077 1126 1201 1151 rerum
1224 1115 1462 1152 universitate
1478 1116 1648 1154 confusio
1665 1122 1700 1154 et

168 1179 223 1212 tot
241 1174 492 1212 differentium
515 1173 656 1211 entium
679 1171 836 1210 essentia
858 1171 921 1209 tali
945 1171 1151 1210 differentia
1174 1178 1392 1211 servaretur.
1413 1174 1506 1220 Hac,
1525 1174 1700 1226 inquam,

169 1233 312 1271 ordinis
330 1232 572 1283 congruentia
597 1235 771 1283 operator
791 1230 854 1268 ille
877 1230 1136 1281 cunctipotens
1161 1231 1318 1268 discreta
1349 1232 1546 1283 congessit,
1575 1233 1700 1270 foede-

169 1292 264 1330 ravit
281 1291 400 1338 varia,
418 1290 610 1328 contexuit
629 1289 842 1335 dissimilia,
869 1289 1058 1340 copulavit
1075 1289 1234 1337 diversa,
1249 1290 1427 1327 elementa
1441 1290 1582 1341 ligavit,
1597 1304 1700 1328 com-

168 1350 268 1401 pegit
296 1349 442 1396 orbem,
473 1348 605 1386 mundi
633 1347 796 1385 firmavit
818 1346 1047 1394 machinam,
1065 1352 1260 1398 totumque
1283 1348 1379 1386 intra
1397 1349 1566 1386 omnium
1586 1349 1700 1387 inter-

167 1406 338 1446 veniente
360 1406 559 1445 concordia
582 1406 780 1452 stabilivit,
806 1406 860 1443 sic
882 1410 918 1443 et
939 1405 1162 1444 Universalis
1181 1405 1357 1453 Ecclesia,
1375 1406 1584 1444 distributis
1601 1407 1639 1444 in
1659 1420 1700 1444 ea

166 1466 361 1518 gradibus,
393 1465 600 1517 officiisque
637 1465 820 1503 distinctis
838 1494 847 1511 ,
876 1465 1014 1502 directa
1047 1465 1180 1502 horum
1212 1465 1477 1516 dispositione,
1503 1465 1701 1516 stabilique

167 1523 402 1562 ordinatione
422 1523 605 1570 consistit,
629 1524 737 1574 quia,
765 1536 850 1560 cum
877 1523 1092 1573 hujusmodi
1118 1523 1320 1560 ministeria
1342 1523 1522 1574 gradatim
1547 1524 1643 1561 inter
1663 1537 1701 1561 se

166 1582 354 1629 differant,
372 1582 463 1619 dum
489 1582 652 1633 potiores
673 1582 884 1620 minoribus
903 1582 1088 1633 imperant
1104 1586 1140 1619 et
1159 1582 1351 1619 inferiores
1369 1582 1577 1633 superiores
1596 1595 1700 1620 reve-

168 1645 291 1679 renter
317 1640 536 1687 intendunt,
567 1641 658 1678 dum
691 1639 743 1678 hii
771 1640 964 1678 humiliter
997 1639 1157 1677 subsunt
1186 1644 1222 1676 et
1248 1640 1300 1676 illi
1326 1640 1487 1690 benigne
1510 1645 1698 1691 praesunt,

167 1698 258 1736 dum
285 1698 460 1750 congruis
484 1698 538 1735 illi
566 1703 746 1750 praeeunt
766 1691 936 1749 jussibus
963 1703 999 1735 et
1018 1697 1160 1736 devotis
1184 1698 1243 1735 isti
1268 1698 1402 1735 animis
1430 1698 1699 1749 obsequuntur.

167 1756 274 1808 Viget
294 1769 340 1794 ex
360 1756 431 1794 hoc
450 1756 489 1794 in
508 1756 664 1794 diversis
685 1756 871 1794 Ecclesiae
890 1756 1022 1793 officiis
1040 1756 1263 1793 conveniens
1281 1756 1543 1802 consonantia,
1562 1761 1701 1794 totum-

167 1830 242 1868 que
264 1817 381 1868 ipsius
402 1816 587 1854 Ecclesiae
614 1829 751 1868 corpus
778 1817 816 1853 in
846 1829 914 1854 suo
940 1816 1075 1854 decoro
1099 1821 1196 1854 statu
1224 1830 1291 1867 per
1315 1816 1411 1854 hanc
1436 1817 1643 1854 ordinatam
1667 1821 1701 1853 et

167 1887 368 1912 consonam
394 1874 645 1912 diversitatem
671 1875 828 1912 feliciter
853 1879 1131 1925 praeservatur,
1155 1874 1356 1925 quamdam
1384 1874 1636 1912 delectabilem
1666 1879 1701 1911 et

168 1933 384 1970 continuam
405 1932 696 1986 ministeriorum
720 1946 874 1970 suorum
897 1932 1041 1970 decenti
1064 1933 1320 1970 convenientia
1346 1932 1382 1969 in
1411 1936 1609 1982 conspectu
1636 1933 1700 1969 ΑΙ-

170 1991 300 2031 tissimi
328 2004 504 2029 resonans
522 1992 767 2029 harmoniam.
795 1992 840 2029 Et
857 1992 1036 2042 quoniam
1061 1991 1107 2029 ad
1133 1991 1409 2029 subsistentiam
1436 1991 1638 2027 multorum
1665 1995 1699 2028 et

170 2050 334 2101 regimen
361 2063 529 2101 praeesse
554 2055 700 2101 oportet
722 2063 841 2087 unum
864 2050 1089 2101 singularem
1114 2050 1372 2100 praecipuum,
1396 2048 1483 2099 quia
1508 2048 1700 2098 pluralitas

171 2109 208 2145 in
235 2107 489 2159 praesistentia
512 2109 710 2147 scissuram
737 2108 948 2154 induceret,
974 2107 1262 2146 subsistentibus
1279 2106 1479 2144 discrimen
1498 2106 1650 2143 inferret
1665 2111 1699 2143 et

117 2190 119 2194 ,
170 2167 327 2205 solidam
352 2167 595 2218 gubernaculi
623 2168 874 2219 dirrumperet
898 2159 1130 2213 firmitatem,
1150 2166 1355 2217 praeminet
1378 2165 1530 2216 quidem
1557 2164 1607 2201 ob
1629 2165 1700 2202 hoc

169 2227 414 2279 dispositione
437 2227 564 2266 divina
595 2229 738 2267 cunctis
769 2228 931 2266 ecclesiis
961 2227 1116 2279 apostoli
1147 2226 1243 2264 Petri
1270 2226 1389 2272 sedes,
1414 2239 1434 2262 a
1460 2238 1534 2276 qua
1556 2225 1656 2262 velut
1679 2238 1698 2261 a

167 2287 286 2338 capite
314 2286 360 2323 ad
391 2286 488 2337 ipsas
518 2287 689 2325 ecclesias
718 2292 894 2338 tanquam
931 2285 1164 2323 cohaerentia
1194 2284 1265 2322 sibi
1297 2283 1462 2321 membra
1498 2297 1565 2334 per
1597 2283 1699 2332 ejus-

208 2405 217 2419 ¹
239 2404 389 2431 Alexandro
401 2405 434 2431 lv
446 2405 486 2432 tut
499 2404 543 2432 clu
556 2414 623 2441 pape
635 2414 667 2432 en
685 2405 767 2432 ¹254.
