2184 3074
439 273 512 311 268
991 258 1153 302 CODEX
1179 262 1426 302 DUNENSIS.

440 387 509 423 tuli
528 386 709 437 generalis
728 392 769 422 ae
788 383 980 422 reverendi
1001 381 1115 433 patris
1131 380 1247 417 nostri
1262 379 1405 416 domini
1421 379 1566 416 abbatis
1580 379 1852 417 Clarivallensis
1865 392 1977 430 super

440 445 710 495 approbatione
728 457 770 480 ac
789 441 1032 492 ratificatione
1050 438 1358 490 praemissorum,
1385 442 1420 474 et
1441 436 1586 474 easdem
1614 436 1752 474 litteras
1771 437 1976 474 deliberare

439 505 559 541 eidem
578 503 728 554 AEgidio
747 501 880 551 Brugis
901 501 996 537 infra
1014 499 1109 536 duos
1128 511 1271 535 menses
1292 502 1376 548 post
1397 497 1540 534 dictum
1566 497 1771 547 capitulum
1795 497 1975 547 generale.

440 562 548 610 Quod
581 561 610 599 si
642 574 728 598 casu
759 571 987 611 quocunque
1018 557 1258 607 contingente
1286 555 1425 592 litteras
1452 554 1605 605 capituli
1628 555 1744 592 nostri
1768 569 1811 592 ae
1833 554 1976 593 domini

439 618 711 657 Clarivallensis
732 616 877 654 abbatis
900 615 1019 653 eidem
1051 614 1201 665 AEgidio
1230 626 1307 650 non
1337 612 1626 650 deliberaremus
1645 613 1739 651 infra
1771 614 1972 652 terminum

441 682 712 728 praenotatum,
727 675 980 726 promittimus
999 678 1035 710 et
1052 678 1223 709 tenemur
1239 672 1358 708 eidem
1374 671 1524 721 AEgidio
1538 671 1673 709 dictam
1691 686 1873 710 summam
1889 674 1978 712 dua-

440 749 523 773 rum
539 735 685 772 milium
706 735 888 771 librarum
904 737 940 769 et
962 737 1112 769 eentum
1139 731 1320 768 librarum
1339 730 1368 767 F
1371 729 1645 776 flandrensium,
1664 744 1749 768 cum
1769 731 1978 770 redditibus

440 795 552 831 unius
581 794 690 840 anni‚
717 793 856 830 scilicet
886 791 1056 828 ducentis
1087 796 1123 828 et
1153 790 1280 827 decem
1312 789 1417 827 libris
1448 789 1760 836 mandi-ensibus,
1786 791 1978 829 restituere

440 852 573 902 Brugis
595 852 641 888 ad
659 851 887 887 voluntatem
908 855 943 887 et
969 855 1176 903 requestam
1200 862 1303 886 suam
1332 849 1388 885 vel
1415 861 1568 886 suorum
1589 848 1800 887 haeredum.
1819 849 1930 898 Quod
1947 850 1977 888 si

439 911 488 947 ob
507 910 691 947 defectum
710 909 907 946 solut-ionis
921 909 1105 946 dictarum
1129 907 1373 944 ducentarum
1397 907 1576 944 librarum
1597 912 1633 944 et
1650 907 1776 945 decem
1796 907 1977 947 librarum

440 969 725 1006 Flandrensium
745 968 820 1005 sive
839 968 958 1004 dietae
974 967 1173 1018 pecuniae„
1197 966 1370 1003 videlicet
1388 963 1547 1002 duarum
1572 966 1717 1003 milium
1741 967 1922 1004 librarum
1944 971 1981 1007 et

439 1032 588 1064 centum
607 1027 785 1064 librarum
806 1027 834 1063 F
837 1026 1109 1071 landrensium5
1129 1026 1166 1062 in
1185 1030 1288 1075 parte
1307 1025 1365 1062 vel
1384 1025 1421 1061 in
1444 1030 1538 1070 toto,
1558 1025 1788 1076 contingeret
1804 1026 1976 1064 eumdem

440 1086 631 1135 AEgidium
653 1099 717 1122 seu
736 1099 822 1122 suos
842 1085 1018 1121 haeredes
1044 1097 1223 1134 expensas
1250 1084 1368 1121 facere
1391 1084 1449 1120 vel
1476 1084 1638 1134 dampna
1661 1084 1870 1131 incurrere,
1890 1098 1982 1136 pro-

441 1145 623 1181 mittimus
650 1149 685 1181 et
711 1150 879 1181 tenemur
906 1144 1025 1180 eidem
1052 1142 1202 1193 AEgidio
1227 1143 1283 1179 vel
1310 1142 1387 1179 suis
1414 1142 1637 1179 haeredibus
1659 1142 1776 1180 dictas
1802 1155 1982 1193 expensas
2032 1140 2033 1144 ¹

441 1204 583 1240 solvere
601 1211 636 1240 et
653 1204 814 1253 dampna
840 1203 1037 1239 refundere
1056 1201 1222 1251 ejusdem
1236 1200 1375 1251 AEgidii
1395 1213 1459 1238 seu
1476 1190 1629 1239 suorum
1649 1201 1870 1248 haeredum,
1891 1201 1981 1239 sim-

442 1261 529 1312 plici
557 1261 657 1298 dieto
682 1261 824 1311 absque
851 1260 1070 1311 probatione
1093 1260 1163 1296 alia
1194 1258 1471 1295 declarandum.
1498 1258 1552 1296 Ad
1577 1272 1673 1310 quae
1699 1259 1824 1296 omnia
1854 1273 1922 1297 nos
1949 1264 1986 1298 et

443 1333 670 1357 successores
693 1324 839 1356 nostros
858 1332 941 1369 erga
961 1319 1102 1355 dictum
1122 1317 1314 1368 AEgidium
1334 1322 1369 1354 et
1387 1317 1562 1354 haeredes
1581 1330 1667 1355 suos
1685 1321 1866 1368 perpetuo
1885 1317 1985 1355 obli-

442 1392 583 1429 gamus.
608 1379 647 1415 ln
667 1378 772 1428 cujus
798 1378 848 1414 rei
874 1377 1126 1414 testimonium
1151 1381 1361 1427 praesentes
1388 1375 1527 1413 litteras
1550 1376 1669 1412 eidem
1700 1376 1850 1427 AEgidio
1872 1375 1983 1428 sigilli

444 1438 560 1474 nostri
581 1437 807 1481 munimine„
826 1450 902 1487 quo
921 1436 1033 1473 unico
1052 1436 1196 1473 utimur
1214 1435 1251 1472 in
1275 1435 1406 1472 ordine
1425 1440 1568 1479 nostro,
1588 1435 1810 1472 tradidimus
1829 1436 1985 1473 robora-

446 1502 508 1533 tas.
529 1497 602 1534 Nos
620 1509 772 1547 quoque
790 1497 902 1532 frater
919 1495 1107 1532 Arnoldus
1126 1495 1248 1532 dictus
1270 1494 1384 1531 abbas
1410 1499 1444 1530 et
1469 1499 1673 1531 conventus
1698 1495 1912 1532 monasterii
1939 1494 1985 1531 de

444 1555 474 1591 Τ
478 1555 613 1599 ΙιοεειηἼ
635 1555 878 1591 Tornacensis
901 1554 1086 1603 dyocesis,
1109 1553 1370 1590 constituimus
1392 1566 1459 1590 nos
1482 1553 1716 1602 fidejussores
1740 1567 1808 1604 pro
1830 1566 1986 1590 venera-

445 1613 512 1650 bili
533 1618 635 1663 patre
654 1617 779 1650 nostro
798 1612 952 1649 domino
970 1611 1104 1648 abbate
1122 1616 1157 1648 et
1181 1615 1364 1648 conventu
1392 1611 1438 1647 de
1462 1611 1582 1648 Dunis
1607 1624 1692 1662 erga
1717 1611 1859 1649 dictum
1881 1611 1988 1662 AEgi-

447 1673 551 1708 dium
578 1676 613 1708 et
639 1671 813 1708 haeredes
838 1684 925 1708 suos
952 1671 990 1707 in
1011 1670 1243 1721 praemissis,
1267 1670 1523 1720 promittentes
1548 1675 1583 1706 et
1603 1669 1810 1720 obligantes
1830 1683 1896 1708 nos
1918 1682 1988 1707 no-

447 1732 548 1768 mine
568 1731 741 1768 eeclesiae
760 1736 906 1768 nostrae
930 1731 976 1767 ad
999 1730 1271 1767 observantiam
1293 1729 1580 1780 praemissorum
1606 1729 1792 1775 omnium,
1815 1730 1845 1767 si
1869 1729 1988 1768 dictos

448 1791 620 1828 abbatem
640 1795 676 1827 et
693 1795 918 1827 conventum
937 1790 983 1827 de
1001 1790 1122 1826 Dunis
1141 1789 1372 1839 contingeret
1389 1803 1467 1826 esse
1495 1789 1532 1825 in
1552 1789 1697 1827 defectu
1720 1789 1758 1825 in
1777 1788 1989 1839 praemissis

448 1852 503 1888 vel
533 1851 660 1901 aliquo
689 1851 989 1901 praemissorum.
1014 1851 1055 1887 ln
1079 1850 1185 1900 eujus
1209 1850 1260 1887 rei
1290 1850 1543 1887 testimonium
1573 1849 1829 1899 praesentibus
1859 1848 1989 1886 litteris

449 1910 612 1960 sigillum
639 1915 806 1947 nostrum
826 1923 899 1947 una
919 1923 1004 1947 cum
1022 1910 1143 1961 sigillo
1162 1910 1347 1947 dictorum
1367 1909 1512 1947 abbatis
1530 1915 1565 1946 et
1583 1913 1787 1945 conventus
1805 1908 1851 1944 de
1871 1907 1989 1945 Dunis

451 1968 628 2005 (luximus
654 1968 931 2019 apponendum.
959 1969 1096 2006 Datum
1122 1981 1221 2005 anno
1247 1968 1397 2005 Domini
1419 1968 1468 2004 ΜΟ
1487 1968 1560 2004 CCo
1579 1966 1817 2016 nonagesimo
1836 1966 1990 2017 quinto,

452 2028 488 2063 in
513 2027 637 2077 vigilia
656 2027 751 2064 beati
771 2027 918 2064 Martini
939 2027 1131 2078 hyemalis.
