2184 3074
445 305 518 343 -210
995 301 1156 339 CODEX
1183 300 1427 338 DUNENSIS.

446 422 588 459 domini
608 422 680 458 mei
695 419 942 471 compellendi
963 432 1037 455 non
1058 422 1145 455 sunt
1162 418 1305 468 aliquid
1325 417 1371 454 de
1390 417 1554 454 ecclesiis
1573 422 1608 454 et
1626 417 1735 454 bonis
1746 418 1872 456 suisin
1887 419 1979 456 sub-

446 481 657 517 ventionem
676 479 844 516 conferre
862 472 937 527 regi
957 481 1178 513 memorato:
1198 475 1451 526 quod'autem
1476 475 1744 512 conditionales
1763 480 1798 512 et
1817 477 1978 514 causales

445 545 546 584 sunt,
575 539 692 588 liquet
716 551 760 574 ex
791 550 834 573 eo
860 535 1033 572 videlicet
1053 563 1332 572 ............
1356 534 1474 570 dictas
1498 533 1636 570 litteras
1654 537 1690 569 et
1710 534 1864 583 gratiam
1888 547 1979 571 cou-

445 603 581 634 tentam
614 597 651 632 in
683 595 821 632 eisdem
855 593 1107 630 conditionem
1146 621 1374 629 ..........
1417 604 1522 628 casus
1556 604 1598 627 ac
1623 591 1788 642 urgentis
1820 593 1980 629 necessi-

444 656 540 702 tatis,
573 654 858 704 communisque
882 652 1050 689 tuitionis
1074 664 1137 688 seu
1170 680 1399 688 ..........
1434 650 1691 696 ecclesiarum,
1716 650 1981 687 ecclesiastiea-

442 727 524 750 rum
557 725 800 763 personarum
831 724 873 747 ac
903 711 1088 747 bonorum
1121 709 1336 746 earumdem
1369 708 1472 759 regni
1503 708 1680 744 Franciae
1709 708 1981 746 rationabiliter

441 771 652 820 subjunxit,
677 784 772 820 quae
791 774 918 820 patent
944 773 1109 805 tenorem
1133 768 1317 804 dictarum
1345 768 1550 804 litterarum
1574 766 1752 813 intuenti,
1774 780 1871 817 quae
1887 780 1980 804 con-

440 830 532 867 ditio
556 835 591 866 et
617 843 723 866 causa
749 828 938 879 praedicto
963 832 1127 878 tempore
1157 827 1342 864 dictarum
1374 827 1579 863 litterarum
1611 839 1870 863 concessarum
1902 839 1977 863 non

441 890 657 935 extiterunt,
681 889 745 925 sed
765 887 913 938 penitus
931 891 1185 933 cessaverunt,
1211 887 1351 937 quibus
1380 885 1609 923 cessantibus
1630 897 1771 922 cessare
1793 884 1924 922 debuit
1943 890 1979 923 et

441 949 550 985 debet
569 948 718 984 effectus
737 947 967 991 earumdem,
990 959 1076 982 cum
1099 947 1287 996 praefatus
1312 959 1376 982 rex
1401 945 1575 982 defensor
1596 943 1780 980 dictarum
1804 944 1979 981 ecclesia-

439 1021 523 1044 rum
544 1011 579 1044 et
598 1019 839 1057 personarum
857 1019 899 1042 ac
917 1006 1103 1043 bonorum
1130 1005 1344 1042 earumdem
1362 1004 1450 1041 dicti
1472 1003 1669 1041 comitatus
1689 1003 1789 1040 dicto
1812 1007 1978 1054 tempore

439 1071 474 1103 et
487 1070 571 1116 post
588 1078 662 1101 non
682 1064 859 1109 extiterit,
877 1063 940 1100 sed
961 1063 1140 1110 offensor,
1160 1068 1375 1114 persecutor
1392 1067 1428 1100 et
1444 1062 1670 1107 destructor,
1687 1062 1784 1098 sicut
1801 1074 1845 1098 ex
1863 1062 1976 1111 gestis

438 1129 474 1162 et
499 1124 680 1174 perversis
705 1123 849 1160 actibus
869 1122 957 1159 dicti
984 1123 1097 1173 regis,
1123 1122 1284 1159 maxime
1309 1122 1347 1158 in
1363 1121 1532 1172 partibus
1547 1119 1762 1165 Flandriae,
1786 1119 1978 1156 evidenter

437 1187 606 1233 apparet,
627 1182 692 1232 qui
724 1195 787 1218 rex
815 1195 899 1218 cum
926 1181 1003 1218 suis
1031 1181 1260 1226 fautoribus,
1286 1180 1388 1216 nulla
1415 1179 1630 1216 necessitate
1654 1182 1822 1228 urgente,
1848 1181 1975 1214 contra

437 1241 638 1279 catholicos
659 1245 694 1277 et
711 1241 837 1277 fideles
855 1253 897 1276 ac
911 1240 940 1277 si
960 1239 1089 1277 fuisset
1104 1243 1230 1276 contra
1253 1237 1455 1275 haereticos
1474 1250 1516 1274 ac
1534 1249 1726 1287 perversos
1745 1248 1848 1272 arma
1869 1248 1977 1272 exer-

437 1299 514 1336 cuit
538 1303 574 1335 et
597 1299 692 1335 bella
723 1298 924 1349 aliquando
955 1302 1083 1335 contra
1115 1298 1303 1335 excelsum
1336 1296 1544 1347 principem
1577 1294 1773 1332 dominum
1806 1298 1974 1330 nostrum

436 1357 609 1394 comitem
630 1358 827 1395 Flandriae
849 1357 887 1393 in
919 1357 1111 1406 Flandria,
1140 1361 1271 1407 sponte
1297 1361 1334 1392 et
1361 1355 1540 1405 injuriose
1564 1352 1822 1404 impugnando
1841 1356 1974 1388 terram

437 1417 553 1467 ipsius
577 1416 741 1466 comitis,
768 1421 803 1453 et
825 1416 963 1466 oppida
989 1421 1024 1452 et
1049 1416 1119 1452 alia
1151 1416 1250 1452 bona
1281 1420 1316 1452 et
1345 1414 1594 1464 possessiones
1623 1412 1743 1449 dictae
1770 1416 1886 1448 terrae
1909 1423 1976 1461 per

435 1476 651 1513 incendium
682 1481 718 1513 et
743 1476 832 1513 alias
862 1476 1029 1513 vastitate
1055 1475 1180 1513 hostili
1209 1474 1463 1512 consumendo
1496 1486 1560 1510 seu
1591 1471 1832 1516 devastando,
1863 1469 1973 1506 etiam

435 1540 519 1587 post
544 1534 846 1586 provocationem
874 1548 938 1572 seu
964 1534 1250 1585 appellationem
1283 1547 1348 1584 per
1379 1533 1520 1569 dictum
1555 1530 1728 1568 comitem
1759 1529 1806 1566 ad
1832 1528 1974 1566 curiam

435 1596 661 1640 Romanam,
691 1598 733 1630 ut
763 1593 918 1639 dicitur,
950 1593 1114 1643 legitime
1141 1593 1370 1642 interjectam
1400 1596 1528 1628 contra
1559 1602 1681 1639 regem
1711 1593 1976 1632 memoratum,

435 1653 604 1690 ecclesias
622 1665 773 1702 quoque
792 1656 828 1688 et
842 1652 1066 1689 monasteria
1083 1651 1172 1688 dicti
1195 1651 1408 1695 comitatus,
1420 1661 1566 1686 necnon
1586 1647 1713 1684 altaria
1731 1650 1767 1683 et
1784 1658 1841 1683 res
1859 1645 1976 1682 ecele-

434 1711 598 1748 siasticas
617 1716 652 1747 et
666 1724 784 1748 sacras
803 1710 1080 1757 comburendo,
1099 1709 1296 1755 vastando,
1315 1706 1541 1745 destruendo
1560 1710 1596 1742 et
1613 1704 1792 1756 rapiendo
1811 1703 1974 1748 easdem,

435 1782 580 1806 necnon
597 1769 760 1816 clericos,
771 1769 1109 1819 ecclesiasticasque
1124 1781 1300 1819 personas
1312 1796 1321 1811 ,
1341 1767 1453 1804 etiam
1469 1763 1674 1802 monachos
1689 1767 1723 1800 et
1736 1762 1866 1814 presb)
1878 1766 1974 1799 teros

433 1842 475 1866 ac
494 1830 606 1867 laicos
632 1829 788 1879 turpiter
810 1829 1017 1874 tractando,
1040 1828 1262 1879 pudibunde
1286 1826 1536 1871 verberando,
1561 1824 1723 1876 graviter
1745 1821 1972 1866 mutilando,

432 1887 688 1924 inhumaniter
712 1887 916 1924 occidendo
938 1901 980 1924 ac
1002 1888 1206 1938 dampnose
1226 1885 1467 1936 dampnando
1493 1883 1663 1928 eosdem,
1685 1881 1848 1932 virgines
1870 1879 1971 1916 enim

430 1947 508 1983 Deo
528 1946 714 1983 dedicatas
732 1950 768 1982 et
784 1946 872 1983 alias
890 1946 1071 1982 violenter
1093 1946 1203 1982 etiam
1223 1945 1260 1981 iu
1281 1944 1371 1981 locis
1394 1943 1507 1980 sacris
1531 1939 1806 1990 corrumpendo
1828 1951 1870 1975 ac
1889 1950 1971 1974 car-

432 2005 565 2041 naliter
584 2005 841 2055 cognoscendo
867 2005 1030 2051 easdem,
1058 2009 1094 2041 et
1123 2004 1322 2054 praemissa
1350 2001 1537 2046 faciendo,
1564 1999 1643 2036 fieri
1672 1995 1886 2035 mandando
1911 1995 1970 2032 vel

432 2064 696 2114 permittendo,
715 2077 800 2100 cum
821 2063 1021 2114 prohibere
1039 2062 1161 2113 potuit
1181 2062 1302 2099 dictus
1340 2074 1403 2098 rex
1428 2065 1464 2097 et
1483 2058 1629 2104 debuit,
1647 2056 1751 2108 quod
1770 2068 1847 2092 non
1866 2053 1971 2098 fecit,

432 2123 495 2160 sed
526 2123 650 2173 potius
677 2137 717 2160 ea
744 2123 837 2159 sacta
866 2127 943 2159 rata
970 2122 1120 2169 habuit,
1146 2126 1258 2173 prout
1281 2121 1318 2157 in
1346 2119 1501 2157 diversis
1520 2117 1624 2156 ‚locis
1656 2115 1746 2153 dicti
1773 2113 1970 2152 comitatus

431 2195 555 2218 rerum
576 2182 761 2219 evidentia
785 2182 1014 2228 manifestat,
1041 2182 1183 2232 quibus
1207 2179 1423 2230 hujusmodi
1451 2177 1598 2227 injuriis
1625 2174 1743 2226 passis
1767 2172 1969 2224 apostolica

430 2240 570 2277 viscera
583 2240 720 2277 debent
733 2246 769 2277 ct
781 2245 954 2277 tenentur
967 2253 1009 2277 ac
1024 2244 1097 2277 tota
1108 2239 1308 2276 christiana
1323 2237 1452 2287 religio
1467 2249 1542 2273 non
1558 2234 1745 2271 immerito
1759 2231 1968 2269 condolere.

479 2298 726 2336 Consideratis
745 2299 869 2349 itaque
886 2299 1100 2349 praemissis
1119 2298 1222 2348 quod
1247 2297 1333 2334 licet
1352 2302 1479 2346 treuga
1500 2307 1564 2332 seu
1582 2290 1795 2330 sufferentia
1813 2301 1967 2340 guerrae

430 2356 502 2393 hiis
522 2357 751 2406 temporibus
774 2357 870 2393 inter
892 2357 1122 2407 praedictum
1143 2369 1266 2406 regem
1293 2354 1470 2391 Franciae
1487 2357 1522 2389 et
1539 2364 1641 2396 suos,
1663 2348 1811 2398 sibique
1828 2346 1966 2383 adhae-

429 2420 565 2462 rentes,
589 2428 633 2451 ex
656 2428 729 2451 una
747 2420 866 2465 parte,
889 2420 924 2452 et
942 2415 1122 2452 illustrem
1150 2414 1358 2465 principem
1387 2412 1560 2449 comitem
1587 2407 1784 2446 Flandriae
1809 2409 1843 2442 et
1861 2417 1963 2451 suos,
