2184 3074
0 1992 11 2826 wssqum-„„.
0 1838 2 1860 v„
0 1772 1 1790 „„
0 1672 2 1724 ,ᾼΑᾼ

17 2808 29 2838 ,9
17 2722 18 2726 Α
16 2623 19 2644 Η
16 2572 19 2582 N
18 2541 20 2549 v
18 2478 21 2482 ,
14 2366 17 2375 -
13 2318 18 2333 ..
15 2223 18 2259 „,
13 2083 19 2103 ,,,

739 354 902 394 CODEX
929 356 1173 396 DUNENSlS.
1651 361 1723 399 539

189 472 373 518 nandum,
386 475 423 508 et
439 471 486 508 ad
504 471 792 509 assecurandum
805 473 998 523 quoslibet
1017 474 1238 524 pensionum
1257 487 1320 512 seu
1340 479 1520 513 terrarum
1538 480 1722 526 emptores

188 547 255 585 per
271 531 549 584 ypothecariam
570 536 782 569 nostrorum
797 532 983 571 bonorum
1002 534 1170 572 omnium
1188 536 1438 586 praesentium
1457 541 1493 574 et
1510 536 1721 574 futurorum

189 605 254 629 seu
272 589 543 641 fidejussoriam
563 589 773 627 cautionem
785 619 794 636 ,
811 591 867 627 vel
887 592 1197 643 qualitercunque
1214 593 1303 631 alias
1317 594 1449 632 melius
1462 594 1651 646 potuerint
1664 594 1720 632 vel

187 650 349 688 viderint
371 647 567 700 expedire,
586 652 622 685 et
646 648 866 699 generaliter
886 649 931 686 ad
959 650 1084 687 omnia
1102 656 1138 688 et
1154 651 1300 701 singula
1318 665 1414 703 quae
1432 665 1499 690 nos
1517 653 1720 690 faceremus

187 709 246 748 vel
267 709 387 747 facere
403 719 614 758 possemus,
632 706 662 744 si
683 719 748 744 nos
767 708 1010 757 personaliter
1027 709 1256 760 contingeret
1278 709 1469 757 interesse,
1495 710 1623 748 dantes
1648 710 1722 748 eis—

187 768 272 805 dem
289 765 596 818 procuratoribus
615 764 750 802 nostris
768 769 804 802 et
820 765 1109 817 quibuscunque
1130 767 1278 805 duobus
1304 781 1348 805 ex
1374 768 1463 819 ipsis
1491 768 1529 806 in
1559 768 1721 806 solidum

189 826 343 864 liberam
358 829 393 863 et
407 824 614 876 generalem
630 823 1000 861 amministrationem
1017 825 1053 862 in
1070 825 1245 864 omnibus
1263 830 1298 863 et
1311 827 1467 877 singulis
1484 827 1723 878 supradictis,

189 889 311 922 ratum
329 887 366 921 et
384 887 530 935 gratum
547 886 728 934 perpetuo
747 881 911 919 habituri
930 883 1110 934 quicquid
1131 897 1197 934 per
1218 884 1336 922 dictos
1360 890 1617 935 procuratores
1635 898 1722 923 nos-

190 948 266 981 tros
284 947 348 980 aut
365 942 513 980 duobus
531 954 576 979 ex
595 941 685 992 ipsis
702 941 813 978 simul
832 942 888 978 vel
909 942 1151 979 substitutum
1175 948 1240 980 aut
1256 943 1475 982 substitutos
1491 945 1539 982 ab
1557 944 1646 996 ipsls
1664 945 1720 982 vel

189 1002 338 1040 duobus
355 1014 485 1039 eorum
504 1000 615 1038 simul
634 1000 772 1037 sactum
788 1000 950 1037 fueritin
967 1001 1176 1051 praemissis
1190 1007 1225 1039 et
1238 1002 1407 1053 quolibet
1419 1002 1721 1051 praemissorum,

188 1060 447 1112 promittentes
460 1071 529 1110 pro
542 1057 652 1095 dictis
666 1057 970 1109 procuratoribus
990 1059 1123 1096 nostris
1141 1059 1197 1096 vel
1217 1060 1417 1097 substituto
1433 1065 1496 1098 aut
1512 1061 1722 1099 substitutis

189 1119 236 1157 ab
262 1119 314 1157 eis
340 1118 398 1156 vel
424 1130 553 1156 eorum
578 1116 728 1158 duobus
753 1116 864 1153 simul
883 1116 954 1153 sub
972 1117 1154 1167 ypotheca
1181 1130 1304 1155 rerum
1332 1123 1563 1165 nostrorum,
1578 1119 1721 1169 judicio

189 1178 268 1216 sisti
293 1181 329 1215 et
355 1177 566 1227 judicatum
591 1175 700 1221 solvi,
727 1175 830 1226 quod
856 1176 1032 1213 omnibus
1060 1189 1219 1226 quorum
1251 1177 1457 1214 interfuerit
1474 1177 1724 1228 praesentium

189 1237 396 1275 litterarum
427 1235 639 1274 testimonio
666 1235 900 1279 intimamus,
918 1248 1009 1286 quas
1041 1248 1159 1286 usque
1184 1235 1230 1272 ad
1262 1237 1530 1273 revocationem
1558 1241 1720 1275 nostram

189 1296 311 1334 valere
335 1294 509 1332 volumus
526 1298 562 1332 et
581 1297 708 1331 nostro
733 1293 855 1344 sigillo
880 1306 956 1344 quo
979 1293 1091 1330 unico
1114 1294 1267 1340 utimur,
1286 1294 1463 1332 duximus
1490 1295 1718 1334 muniendas.

237 1355 375 1392 Datum
393 1366 492 1391 anno
511 1352 665 1390 Domini
679 1352 737 1389 ’Μο
756 1352 860 1389 CCC⁰
877 1353 1037 1398 decimo7
1057 1352 1117 1390 die
1134 1353 1237 1390 Beati
1258 1352 1516 1390 Bar-tholomei.

899 1475 1013 1485 ⁴0-

841 1617 1076 1656 CCCLXXV.

186 1736 280 1774 Jean
304 1735 484 1782 Libaerd,
503 1737 622 1774 moine
646 1736 690 1773 de
718 1735 879 1786 l'abbaye
912 1735 973 1772 des
1000 1736 1144 1780 Demos,
1172 1740 1205 1772 et
1228 1734 1400 1772 Franco-n
1428 1733 1471 1771 de
1498 1731 1717 1776 Moerkerke,

236 1797 353 1833 moine
372 1795 417 1834 de
438 1794 600 1846 l’abbaye
625 1795 668 1832 de
695 1794 860 1840 Tho-san,
880 1800 961 1832 sont
987 1794 1140 1844 charqe's
1162 1793 1206 1830 de
1234 1792 1408 1843 de'fendre
1433 1791 1482 1829 les
1505 1791 1651 1829 interets
1677 1790 1720 1827 de

237 1853 398 1905 l’abbaye
416 1853 460 1891 de
482 1852 629 1891 Thosan
654 1859 776 1891 contre
795 1852 904 1890 l'abbe'
922 1859 953 1889 et
974 1852 1004 1889 Ie
1031 1857 1179 1889 convent
1198 1851 1241 1888 de
1257 1850 1512 1888 Saint-Bavon
1535 1849 1578 1885 de
1598 1848 1717 1887 Gand.

236 2057 422 2097 Universis
444 2062 653 2109 praesentes
678 2059 817 2096 litteras
845 2058 1066 2109 inspecturis
1093 2058 1204 2094 frater
1227 2058 1282 2101 R„
1300 2056 1422 2093 dictus
1443 2056 1557 2093 abbas
1580 2055 1717 2092 Cister-

186 2117 334 2164 ciensis,
353 2118 508 2156 salutem
528 2118 567 2155 in
587 2118 750 2156 Domino
769 2118 1042 2169 sempiternam.

235 2174 337 2213 Licet
354 2189 400 2214 ex
417 2189 505 2214 cura
524 2177 684 2228 suscepti
704 2176 895 2228 regiminis
915 2176 960 2213 ad
981 2175 1143 2225 singulas
1161 2174 1304 2212 ordinis
1318 2172 1433 2211 nostri
1449 2171 1614 2209 abbatias
1628 2183 1717 2208 nos-

186 2238 261 2271 trae
279 2233 587 2272 considerationis
603 2235 781 2272 intuitum
797 2233 1007 2271 diffundere
1022 2238 1223 2278 teneamur„
1237 2231 1432 2282 specialius
1448 2235 1568 2267 tamen
1584 2229 1631 2266 de
1646 2229 1717 2266 hiis

185 2292 346 2343 cogitare
365 2305 432 2330 nos
450 2293 626 2331 convenit
646 2293 786 2344 quibus
804 2298 930 2330 contra
950 2292 1141 2343 privilegia
1163 2296 1198 2328 et
1223 2290 1409 2327 libertates
1433 2288 1548 2326 nostri
1574 2287 1718 2325 ordinis

185 2351 431 2395 turbationes*
453 2353 640 2390 molestiae
665 2357 701 2389 et
726 2352 807 2389 lites
834 2350 1057 2401 multiplices
1082 2350 1317 2387 suscitantur.
1339 2348 1434 2385 Sane
1452 2360 1537 2384 cum
1556 2346 1716 2397 religiosi

184 2410 253 2447 viri
279 2439 487 2449 .........
512 2411 627 2449 abbas
651 2416 687 2449 et
712 2415 912 2448 conventus
933 2408 1146 2458 monasterii
1166 2407 1290 2446 Sancti
1312 2406 1471 2444 Bavonis
1488 2404 1714 2443 Gandensis.

183 2468 326 2506 ordinis
348 2469 471 2507 Sancti
498 2470 706 2515 Bencdicth
732 2468 974 2506 Tornacensis
1000 2466 1185 2517 dyocesis,
1205 2465 1398 2504 occasione
1415 2463 1641 2501 decimarum
1668 2461 1715 2499 de
