<?xml version="1.0" encoding="UTF-8"?>
<!DOCTYPE html PUBLIC "-//W3C//DTD XHTML 1.0 Transitional//EN"
    "http://www.w3.org/TR/xhtml1/DTD/xhtml1-transitional.dtd">
<html xmlns="http://www.w3.org/1999/xhtml" xml:lang="en" lang="en">
 <head>
  <title>
</title>
<meta http-equiv="Content-Type" content="text/html;charset=utf-8" />
  <meta name='ocr-system' content='tesseract 3.04.00' />
  <meta name='ocr-capabilities' content='ocr_page ocr_carea ocr_par ocr_line ocrx_word'/>
</head>
<body>
  <div class='ocr_page' id='page_1' title='image "./codexdunensissiv00kervuoft/codexdunensissiv00kervuoft_0320.png"; bbox 0 0 2184 3074; ppageno 0'>
   <div class='ocr_carea' id='block_1_1' title="bbox 447 274 1433 313">
    <p class='ocr_par' dir='ltr' id='par_1_1' title="bbox 447 274 1433 313">
     <span class='ocr_line' id='line_1_1' title="bbox 447 274 1433 313; baseline 0.001 -2"><span class='ocrx_word' id='word_1_1' title='bbox 447 274 519 311; x_wconf 69' lang='lat'>278</span> <span class='ocrx_word' id='word_1_2' title='bbox 999 274 1161 312; x_wconf 85' lang='lat' dir='ltr'><strong>CODEX</strong></span> <span class='ocrx_word' id='word_1_3' title='bbox 1187 275 1433 313; x_wconf 90' lang='lat' dir='ltr'><strong>DUNENSIS.</strong></span> 
     </span>
    </p>
   </div>
   <div class='ocr_carea' id='block_1_2' title="bbox 438 389 2018 1739">
    <p class='ocr_par' dir='ltr' id='par_1_2' title="bbox 438 389 1994 1258">
     <span class='ocr_line' id='line_1_2' title="bbox 449 389 1985 443; baseline 0.005 -18"><span class='ocrx_word' id='word_1_4' title='bbox 449 389 568 426; x_wconf 88' lang='lat' dir='ltr'>eidem</span> <span class='ocrx_word' id='word_1_5' title='bbox 587 390 818 440; x_wconf 74' lang='lat' dir='ltr'>procuratori</span> <span class='ocrx_word' id='word_1_6' title='bbox 846 403 913 426; x_wconf 87' lang='lat' dir='ltr'>suo</span> <span class='ocrx_word' id='word_1_7' title='bbox 933 389 1119 426; x_wconf 79' lang='lat' dir='ltr'>licentiam</span> <span class='ocrx_word' id='word_1_8' title='bbox 1144 394 1179 426; x_wconf 88' lang='lat' dir='ltr'>et</span> <span class='ocrx_word' id='word_1_9' title='bbox 1203 390 1361 440; x_wconf 84' lang='lat' dir='ltr'>speciale</span> <span class='ocrx_word' id='word_1_10' title='bbox 1388 392 1610 429; x_wconf 75' lang='lat' dir='ltr'>mandatum</span> <span class='ocrx_word' id='word_1_11' title='bbox 1633 406 1702 443; x_wconf 85' lang='lat' dir='ltr'>pro</span> <span class='ocrx_word' id='word_1_12' title='bbox 1726 395 1924 443; x_wconf 81' lang='lat' dir='ltr'>praedictis</span> <span class='ocrx_word' id='word_1_13' title='bbox 1950 400 1985 432; x_wconf 88' lang='lat' dir='ltr'>et</span> 
     </span>
     <span class='ocr_line' id='line_1_3' title="bbox 438 449 1984 502; baseline 0.005 -18"><span class='ocrx_word' id='word_1_14' title='bbox 438 449 618 498; x_wconf 40' lang='lat' dir='ltr'>*quolibet</span> <span class='ocrx_word' id='word_1_15' title='bbox 636 449 910 499; x_wconf 84' lang='lat' dir='ltr'>praedictorum</span> <span class='ocrx_word' id='word_1_16' title='bbox 929 453 1002 485; x_wconf 85' lang='lat' dir='ltr'>tam</span> <span class='ocrx_word' id='word_1_17' title='bbox 1021 454 1148 490; x_wconf 83' lang='lat' dir='ltr'>contra</span> <span class='ocrx_word' id='word_1_18' title='bbox 1168 449 1377 499; x_wconf 84' lang='lat' dir='ltr'>praedictos</span> <span class='ocrx_word' id='word_1_19' title='bbox 1395 463 1510 501; x_wconf 89' lang='lat' dir='ltr'>quam</span> <span class='ocrx_word' id='word_1_20' title='bbox 1528 456 1656 488; x_wconf 81' lang='lat' dir='ltr'>contra</span> <span class='ocrx_word' id='word_1_21' title='bbox 1670 452 1876 502; x_wconf 81' lang='lat' dir='ltr'>capitulum</span> <span class='ocrx_word' id='word_1_22' title='bbox 1895 455 1984 502; x_wconf 77' lang='lat' dir='ltr'>tale,</span> 
     </span>
     <span class='ocr_line' id='line_1_4' title="bbox 450 507 1986 559; baseline 0.003 -15"><span class='ocrx_word' id='word_1_23' title='bbox 450 520 562 557; x_wconf 83' lang='lat' dir='ltr'>quam</span> <span class='ocrx_word' id='word_1_24' title='bbox 587 507 695 543; x_wconf 86' lang='lat' dir='ltr'>etiam</span> <span class='ocrx_word' id='word_1_25' title='bbox 716 511 844 543; x_wconf 85' lang='lat' dir='ltr'>eontra</span> <span class='ocrx_word' id='word_1_26' title='bbox 867 519 1112 557; x_wconf 84' lang='lat' dir='ltr'>quascunque</span> <span class='ocrx_word' id='word_1_27' title='bbox 1133 507 1223 544; x_wconf 88' lang='lat' dir='ltr'>alias</span> <span class='ocrx_word' id='word_1_28' title='bbox 1240 521 1418 558; x_wconf 87' lang='lat' dir='ltr'>personas</span> <span class='ocrx_word' id='word_1_29' title='bbox 1435 509 1698 547; x_wconf 83' lang='lat' dir='ltr'>ecclesiasticas</span> <span class='ocrx_word' id='word_1_30' title='bbox 1711 511 1769 547; x_wconf 87' lang='lat' dir='ltr'>vel</span> <span class='ocrx_word' id='word_1_31' title='bbox 1787 507 1986 559; x_wconf 72' lang='lat' dir='ltr'>seeu‘lares,</span> 
     </span>
     <span class='ocr_line' id='line_1_5' title="bbox 449 565 1988 616; baseline 0.005 -15"><span class='ocrx_word' id='word_1_32' title='bbox 449 566 495 602; x_wconf 88' lang='lat' dir='ltr'>ad</span> <span class='ocrx_word' id='word_1_33' title='bbox 521 579 614 615; x_wconf 89' lang='lat' dir='ltr'>quos</span> <span class='ocrx_word' id='word_1_34' title='bbox 640 565 738 602; x_wconf 82' lang='lat' dir='ltr'>dicta</span> <span class='ocrx_word' id='word_1_35' title='bbox 769 565 926 615; x_wconf 85' lang='lat' dir='ltr'>pecunia</span> <span class='ocrx_word' id='word_1_36' title='bbox 948 565 1189 615; x_wconf 81' lang='lat' dir='ltr'>pervenisset,</span> <span class='ocrx_word' id='word_1_37' title='bbox 1212 566 1344 615; x_wconf 82' lang='lat' dir='ltr'>agendi</span> <span class='ocrx_word' id='word_1_38' title='bbox 1364 571 1400 602; x_wconf 87' lang='lat' dir='ltr'>et</span> <span class='ocrx_word' id='word_1_39' title='bbox 1421 566 1646 604; x_wconf 84' lang='lat' dir='ltr'>defendendi</span> <span class='ocrx_word' id='word_1_40' title='bbox 1665 568 1850 616; x_wconf 85' lang='lat' dir='ltr'>libellum,</span> <span class='ocrx_word' id='word_1_41' title='bbox 1873 570 1988 608; x_wconf 83' lang='lat' dir='ltr'>dandi</span> 
     </span>
     <span class='ocr_line' id='line_1_6' title="bbox 450 623 1989 679; baseline 0.003 -17"><span class='ocrx_word' id='word_1_42' title='bbox 450 629 486 662; x_wconf 86' lang='lat' dir='ltr'>et</span> <span class='ocrx_word' id='word_1_43' title='bbox 511 623 729 674; x_wconf 74' lang='lat' dir='ltr'>reeipiendi7</span> <span class='ocrx_word' id='word_1_44' title='bbox 762 623 970 673; x_wconf 86' lang='lat' dir='ltr'>excipiendi</span> <span class='ocrx_word' id='word_1_45' title='bbox 997 628 1033 660; x_wconf 91' lang='lat' dir='ltr'>et</span> <span class='ocrx_word' id='word_1_46' title='bbox 1055 624 1278 674; x_wconf 75' lang='lat' dir='ltr'>replicandi,</span> <span class='ocrx_word' id='word_1_47' title='bbox 1307 624 1408 662; x_wconf 89' lang='lat' dir='ltr'>litem</span> <span class='ocrx_word' id='word_1_48' title='bbox 1436 626 1666 663; x_wconf 83' lang='lat' dir='ltr'>contestandi</span> <span class='ocrx_word' id='word_1_49' title='bbox 1695 626 1743 663; x_wconf 89' lang='lat' dir='ltr'>de</span> <span class='ocrx_word' id='word_1_50' title='bbox 1776 628 1989 679; x_wconf 72' lang='lat' dir='ltr'><strong>calumpnia</strong></span> 
     </span>
     <span class='ocr_line' id='line_1_7' title="bbox 450 685 1990 737; baseline 0.005 -16"><span class='ocrx_word' id='word_1_51' title='bbox 450 689 486 722; x_wconf 93' lang='lat' dir='ltr'>et</span> <span class='ocrx_word' id='word_1_52' title='bbox 512 686 664 722; x_wconf 84' lang='lat' dir='ltr'>veritate</span> <span class='ocrx_word' id='word_1_53' title='bbox 694 686 851 722; x_wconf 88' lang='lat' dir='ltr'>dicenda</span> <span class='ocrx_word' id='word_1_54' title='bbox 879 690 914 722; x_wconf 90' lang='lat' dir='ltr'>et</span> <span class='ocrx_word' id='word_1_55' title='bbox 933 685 1133 735; x_wconf 89' lang='lat' dir='ltr'>cujuslibet</span> <span class='ocrx_word' id='word_1_56' title='bbox 1154 686 1305 723; x_wconf 87' lang='lat' dir='ltr'>alterius</span> <span class='ocrx_word' id='word_1_57' title='bbox 1326 686 1471 737; x_wconf 85' lang='lat' dir='ltr'>generis</span> <span class='ocrx_word' id='word_1_58' title='bbox 1484 687 1740 737; x_wconf 88' lang='lat' dir='ltr'>juramentum</span> <span class='ocrx_word' id='word_1_59' title='bbox 1764 689 1803 726; x_wconf 90' lang='lat' dir='ltr'>in</span> <span class='ocrx_word' id='word_1_60' title='bbox 1826 691 1990 729; x_wconf 80' lang='lat' dir='ltr'>animam</span> 
     </span>
     <span class='ocr_line' id='line_1_8' title="bbox 450 737 1989 797; baseline 0.005 -18"><span class='ocrx_word' id='word_1_61' title='bbox 450 757 554 780; x_wconf 89' lang='lat' dir='ltr'>suam</span> <span class='ocrx_word' id='word_1_62' title='bbox 583 744 811 794; x_wconf 66' lang='lat' dir='ltr'>praestandi,</span> <span class='ocrx_word' id='word_1_63' title='bbox 830 744 1049 780; x_wconf 87' lang='lat' dir='ltr'>sententiam</span> <span class='ocrx_word' id='word_1_64' title='bbox 1070 737 1252 781; x_wconf 84' lang='lat' dir='ltr'>audiendi</span> <span class='ocrx_word' id='word_1_65' title='bbox 1267 749 1303 782; x_wconf 91' lang='lat' dir='ltr'>et</span> <span class='ocrx_word' id='word_1_66' title='bbox 1322 745 1534 796; x_wconf 88' lang='lat' dir='ltr'>appellandi</span> <span class='ocrx_word' id='word_1_67' title='bbox 1546 775 1555 792; x_wconf 60' lang='lat' dir='ltr'>a</span> <span class='ocrx_word' id='word_1_68' title='bbox 1573 752 1852 797; x_wconf 84' lang='lat' dir='ltr'>procuratorem</span> <span class='ocrx_word' id='word_1_69' title='bbox 1869 762 1989 788; x_wconf 90' lang='lat' dir='ltr'>unum</span> 
     </span>
     <span class='ocr_line' id='line_1_9' title="bbox 450 802 1992 855; baseline 0.005 -17"><span class='ocrx_word' id='word_1_70' title='bbox 450 802 507 838; x_wconf 89' lang='lat' dir='ltr'>vel</span> <span class='ocrx_word' id='word_1_71' title='bbox 530 803 654 852; x_wconf 89' lang='lat' dir='ltr'>plures</span> <span class='ocrx_word' id='word_1_72' title='bbox 683 802 954 848; x_wconf 64' lang='lat' dir='ltr'>substituendi,</span> <span class='ocrx_word' id='word_1_73' title='bbox 981 803 1227 854; x_wconf 74' lang='lat' dir='ltr'><strong>quitationem</strong></span> <span class='ocrx_word' id='word_1_74' title='bbox 1254 803 1300 840; x_wconf 92' lang='lat' dir='ltr'>de</span> <span class='ocrx_word' id='word_1_75' title='bbox 1323 803 1395 841; x_wconf 86' lang='lat' dir='ltr'>hiis</span> <span class='ocrx_word' id='word_1_76' title='bbox 1421 817 1517 854; x_wconf 84' lang='lat' dir='ltr'>quae</span> <span class='ocrx_word' id='word_1_77' title='bbox 1545 805 1725 855; x_wconf 80' lang='lat' dir='ltr'>receperit</span> <span class='ocrx_word' id='word_1_78' title='bbox 1750 806 1926 855; x_wconf 70' lang='lat' dir='ltr'>faciendi,</span> <span class='ocrx_word' id='word_1_79' title='bbox 1955 813 1992 846; x_wconf 89' lang='lat' dir='ltr'>et</span> 
     </span>
     <span class='ocr_line' id='line_1_10' title="bbox 451 861 1992 915; baseline 0.005 -18"><span class='ocrx_word' id='word_1_80' title='bbox 451 861 670 910; x_wconf 84' lang='lat' dir='ltr'>generaliter</span> <span class='ocrx_word' id='word_1_81' title='bbox 687 861 812 898; x_wconf 86' lang='lat' dir='ltr'>omnia</span> <span class='ocrx_word' id='word_1_82' title='bbox 839 866 874 898; x_wconf 90' lang='lat' dir='ltr'>et</span> <span class='ocrx_word' id='word_1_83' title='bbox 891 861 1037 911; x_wconf 83' lang='lat' dir='ltr'>singula</span> <span class='ocrx_word' id='word_1_84' title='bbox 1055 862 1215 898; x_wconf 89' lang='lat' dir='ltr'>faciendi</span> <span class='ocrx_word' id='word_1_85' title='bbox 1241 875 1338 912; x_wconf 85' lang='lat' dir='ltr'>quae</span> <span class='ocrx_word' id='word_1_86' title='bbox 1363 875 1473 900; x_wconf 84' lang='lat' dir='ltr'>verus</span> <span class='ocrx_word' id='word_1_87' title='bbox 1500 867 1536 899; x_wconf 87' lang='lat' dir='ltr'>et</span> <span class='ocrx_word' id='word_1_88' title='bbox 1560 863 1746 914; x_wconf 80' lang='lat' dir='ltr'>legitimus</span> <span class='ocrx_word' id='word_1_89' title='bbox 1772 871 1992 915; x_wconf 82' lang='lat' dir='ltr'>procurator</span> 
     </span>
     <span class='ocr_line' id='line_1_11' title="bbox 452 919 1993 975; baseline 0.004 -20"><span class='ocrx_word' id='word_1_90' title='bbox 452 919 570 956; x_wconf 86' lang='lat' dir='ltr'>facere</span> <span class='ocrx_word' id='word_1_91' title='bbox 590 924 727 969; x_wconf 57' lang='lat' dir='ltr'>potest„</span> <span class='ocrx_word' id='word_1_92' title='bbox 746 925 782 956; x_wconf 86' lang='lat' dir='ltr'>et</span> <span class='ocrx_word' id='word_1_93' title='bbox 802 933 898 970; x_wconf 90' lang='lat' dir='ltr'>quae</span> <span class='ocrx_word' id='word_1_94' title='bbox 916 919 1014 956; x_wconf 91' lang='lat' dir='ltr'>idem</span> <span class='ocrx_word' id='word_1_95' title='bbox 1041 920 1120 971; x_wconf 86' lang='lat' dir='ltr'>ipse</span> <span class='ocrx_word' id='word_1_96' title='bbox 1142 921 1304 971; x_wconf 82' lang='lat' dir='ltr'><strong>Angelus</strong></span> <span class='ocrx_word' id='word_1_97' title='bbox 1324 921 1440 957; x_wconf 84' lang='lat' dir='ltr'>facere</span> <span class='ocrx_word' id='word_1_98' title='bbox 1458 925 1494 957; x_wconf 91' lang='lat' dir='ltr'>et</span> <span class='ocrx_word' id='word_1_99' title='bbox 1511 934 1701 958; x_wconf 84' lang='lat' dir='ltr'>excercere</span> <span class='ocrx_word' id='word_1_100' title='bbox 1719 927 1842 973; x_wconf 90' lang='lat' dir='ltr'>posset</span> <span class='ocrx_word' id='word_1_101' title='bbox 1857 923 1888 961; x_wconf 86' lang='lat' dir='ltr'>si</span> <span class='ocrx_word' id='word_1_102' title='bbox 1906 937 1993 975; x_wconf 77' lang='lat' dir='ltr'>per-</span> 
     </span>
     <span class='ocr_line' id='line_1_12' title="bbox 453 979 1991 1033; baseline 0.003 -18"><span class='ocrx_word' id='word_1_103' title='bbox 453 979 628 1015; x_wconf 78' lang='lat' dir='ltr'>sonaliter</span> <span class='ocrx_word' id='word_1_104' title='bbox 646 979 846 1015; x_wconf 85' lang='lat' dir='ltr'>interesset.</span> <span class='ocrx_word' id='word_1_105' title='bbox 867 979 1090 1016; x_wconf 88' lang='lat' dir='ltr'>Promittens</span> <span class='ocrx_word' id='word_1_106' title='bbox 1109 993 1147 1016; x_wconf 93' lang='lat' dir='ltr'>se</span> <span class='ocrx_word' id='word_1_107' title='bbox 1172 984 1292 1016; x_wconf 87' lang='lat' dir='ltr'>ratum</span> <span class='ocrx_word' id='word_1_108' title='bbox 1321 979 1538 1016; x_wconf 86' lang='lat' dir='ltr'>habiturum</span> <span class='ocrx_word' id='word_1_109' title='bbox 1557 980 1740 1031; x_wconf 84' lang='lat' dir='ltr'>quicquid</span> <span class='ocrx_word' id='word_1_110' title='bbox 1763 995 1831 1033; x_wconf 89' lang='lat' dir='ltr'>per</span> <span class='ocrx_word' id='word_1_111' title='bbox 1849 982 1991 1020; x_wconf 85' lang='lat' dir='ltr'>dictum</span> 
     </span>
     <span class='ocr_line' id='line_1_13' title="bbox 454 1038 1992 1092; baseline 0.003 -19"><span class='ocrx_word' id='word_1_112' title='bbox 454 1043 746 1087; x_wconf 72' lang='lat' dir='ltr'>procuratorem,</span> <span class='ocrx_word' id='word_1_113' title='bbox 775 1038 1019 1074; x_wconf 85' lang='lat' dir='ltr'>substitutum</span> <span class='ocrx_word' id='word_1_114' title='bbox 1045 1039 1102 1075; x_wconf 89' lang='lat' dir='ltr'>vel</span> <span class='ocrx_word' id='word_1_115' title='bbox 1130 1038 1350 1075; x_wconf 90' lang='lat' dir='ltr'>substitutos</span> <span class='ocrx_word' id='word_1_116' title='bbox 1378 1039 1425 1075; x_wconf 89' lang='lat' dir='ltr'>ab</span> <span class='ocrx_word' id='word_1_117' title='bbox 1448 1052 1491 1075; x_wconf 88' lang='lat' dir='ltr'>eo</span> <span class='ocrx_word' id='word_1_118' title='bbox 1517 1039 1656 1076; x_wconf 84' lang='lat' dir='ltr'>sactum</span> <span class='ocrx_word' id='word_1_119' title='bbox 1681 1041 1792 1078; x_wconf 82' lang='lat' dir='ltr'>fuerit</span> <span class='ocrx_word' id='word_1_120' title='bbox 1820 1041 1859 1078; x_wconf 92' lang='lat' dir='ltr'>in</span> <span class='ocrx_word' id='word_1_121' title='bbox 1883 1054 1992 1092; x_wconf 78' lang='lat' dir='ltr'>prae-</span> 
     </span>
     <span class='ocr_line' id='line_1_14' title="bbox 454 1096 1994 1148; baseline 0.003 -16"><span class='ocrx_word' id='word_1_122' title='bbox 454 1096 575 1133; x_wconf 86' lang='lat' dir='ltr'><strong>missis</strong></span> <span class='ocrx_word' id='word_1_123' title='bbox 598 1101 633 1132; x_wconf 90' lang='lat' dir='ltr'>et</span> <span class='ocrx_word' id='word_1_124' title='bbox 654 1097 823 1146; x_wconf 87' lang='lat' dir='ltr'>quolibet</span> <span class='ocrx_word' id='word_1_125' title='bbox 843 1097 1151 1147; x_wconf 72' lang='lat' dir='ltr'>praemissorum,</span> <span class='ocrx_word' id='word_1_126' title='bbox 1170 1097 1241 1134; x_wconf 86' lang='lat' dir='ltr'>sub</span> <span class='ocrx_word' id='word_1_127' title='bbox 1260 1097 1486 1148; x_wconf 75' lang='lat' dir='ltr'>obligatione</span> <span class='ocrx_word' id='word_1_128' title='bbox 1503 1098 1673 1135; x_wconf 88' lang='lat' dir='ltr'>omnium</span> <span class='ocrx_word' id='word_1_129' title='bbox 1693 1099 1879 1137; x_wconf 90' lang='lat' dir='ltr'>bonorum</span> <span class='ocrx_word' id='word_1_130' title='bbox 1904 1112 1994 1137; x_wconf 88' lang='lat' dir='ltr'>suo—</span> 
     </span>
     <span class='ocr_line' id='line_1_15' title="bbox 453 1155 1992 1208; baseline 0.003 -17"><span class='ocrx_word' id='word_1_131' title='bbox 453 1168 547 1191; x_wconf 89' lang='lat' dir='ltr'>rum.</span> <span class='ocrx_word' id='word_1_132' title='bbox 568 1155 610 1191; x_wconf 90' lang='lat' dir='ltr'>ln</span> <span class='ocrx_word' id='word_1_133' title='bbox 637 1155 744 1204; x_wconf 86' lang='lat' dir='ltr'>cujus</span> <span class='ocrx_word' id='word_1_134' title='bbox 764 1155 815 1192; x_wconf 87' lang='lat' dir='ltr'>rei</span> <span class='ocrx_word' id='word_1_135' title='bbox 835 1156 1089 1192; x_wconf 84' lang='lat' dir='ltr'>testimonium</span> <span class='ocrx_word' id='word_1_136' title='bbox 1110 1160 1320 1206; x_wconf 68' lang='lat' dir='ltr'>praesentes</span> <span class='ocrx_word' id='word_1_137' title='bbox 1346 1156 1483 1193; x_wconf 78' lang='lat' dir='ltr'>litteras</span> <span class='ocrx_word' id='word_1_138' title='bbox 1506 1156 1727 1194; x_wconf 84' lang='lat' dir='ltr'>mandamus</span> <span class='ocrx_word' id='word_1_139' title='bbox 1744 1157 1856 1208; x_wconf 82' lang='lat' dir='ltr'>sigilli</span> <span class='ocrx_word' id='word_1_140' title='bbox 1876 1158 1992 1195; x_wconf 83' lang='lat' dir='ltr'>nostri</span> 
     </span>
     <span class='ocr_line' id='line_1_16' title="bbox 455 1213 1121 1258; baseline 0.002 -9"><span class='ocrx_word' id='word_1_141' title='bbox 455 1213 664 1250; x_wconf 88' lang='lat' dir='ltr'>munimine</span> <span class='ocrx_word' id='word_1_142' title='bbox 681 1213 861 1250; x_wconf 86' lang='lat' dir='ltr'>roborari.</span> <span class='ocrx_word' id='word_1_143' title='bbox 878 1214 1034 1258; x_wconf 75' lang='lat' dir='ltr'>Datum,</span> <span class='ocrx_word' id='word_1_144' title='bbox 1053 1218 1121 1250; x_wconf 81' lang='lat' dir='ltr'>etc.</span> 
     </span>
    </p>

    <p class='ocr_par' dir='ltr' id='par_1_3' title="bbox 454 1273 2018 1739">
     <span class='ocr_line' id='line_1_17' title="bbox 505 1273 1995 1325; baseline 0.003 -17"><span class='ocrx_word' id='word_1_145' title='bbox 505 1273 644 1309; x_wconf 85' lang='lat' dir='ltr'>Harum</span> <span class='ocrx_word' id='word_1_146' title='bbox 660 1278 782 1309; x_wconf 88' lang='lat' dir='ltr'>autem</span> <span class='ocrx_word' id='word_1_147' title='bbox 802 1273 1007 1310; x_wconf 88' lang='lat' dir='ltr'>litterarum</span> <span class='ocrx_word' id='word_1_148' title='bbox 1026 1273 1162 1310; x_wconf 90' lang='lat' dir='ltr'>virtute</span> <span class='ocrx_word' id='word_1_149' title='bbox 1180 1273 1391 1324; x_wconf 85' lang='lat' dir='ltr'>praedictus</span> <span class='ocrx_word' id='word_1_150' title='bbox 1410 1274 1531 1311; x_wconf 87' lang='lat' dir='ltr'>Marro</span> <span class='ocrx_word' id='word_1_151' title='bbox 1551 1279 1703 1325; x_wconf 89' lang='lat' dir='ltr'>propter</span> <span class='ocrx_word' id='word_1_152' title='bbox 1721 1275 1793 1312; x_wconf 84' lang='lat' dir='ltr'>hoc</span> <span class='ocrx_word' id='word_1_153' title='bbox 1811 1275 1850 1312; x_wconf 87' lang='lat' dir='ltr'>in</span> <span class='ocrx_word' id='word_1_154' title='bbox 1869 1280 1995 1313; x_wconf 84' lang='lat' dir='ltr'>nostra</span> 
     </span>
     <span class='ocr_line' id='line_1_18' title="bbox 454 1333 1994 1386; baseline 0.003 -17"><span class='ocrx_word' id='word_1_155' title='bbox 454 1333 661 1383; x_wconf 85' lang='lat' dir='ltr'>praesentia</span> <span class='ocrx_word' id='word_1_156' title='bbox 678 1333 922 1383; x_wconf 90' lang='lat' dir='ltr'>personaliter</span> <span class='ocrx_word' id='word_1_157' title='bbox 939 1335 1180 1380; x_wconf 60' lang='lat' dir='ltr'>constitutus,</span> <span class='ocrx_word' id='word_1_158' title='bbox 1197 1335 1391 1385; x_wconf 81' lang='lat' dir='ltr'>Hugonem</span> <span class='ocrx_word' id='word_1_159' title='bbox 1407 1335 1453 1370; x_wconf 87' lang='lat' dir='ltr'>de</span> <span class='ocrx_word' id='word_1_160' title='bbox 1468 1335 1586 1384; x_wconf 69' lang='lat' dir='ltr'>Layo7</span> <span class='ocrx_word' id='word_1_161' title='bbox 1601 1349 1797 1386; x_wconf 81' lang='lat' dir='ltr'>personam</span> <span class='ocrx_word' id='word_1_162' title='bbox 1818 1335 1864 1372; x_wconf 90' lang='lat' dir='ltr'>de</span> <span class='ocrx_word' id='word_1_163' title='bbox 1867 1364 1994 1382; x_wconf 75' lang='lat'>.......</span> 
     </span>
     <span class='ocr_line' id='line_1_19' title="bbox 455 1391 1994 1443; baseline 0.002 -15"><span class='ocrx_word' id='word_1_164' title='bbox 455 1405 524 1442; x_wconf 87' lang='lat' dir='ltr'>pro</span> <span class='ocrx_word' id='word_1_165' title='bbox 554 1405 592 1428; x_wconf 91' lang='lat' dir='ltr'>se</span> <span class='ocrx_word' id='word_1_166' title='bbox 622 1392 814 1428; x_wconf 88' lang='lat' dir='ltr'>substituit</span> <span class='ocrx_word' id='word_1_167' title='bbox 842 1391 879 1428; x_wconf 91' lang='lat' dir='ltr'>in</span> <span class='ocrx_word' id='word_1_168' title='bbox 906 1392 1118 1442; x_wconf 82' lang='lat' dir='ltr'>praemissis</span> <span class='ocrx_word' id='word_1_169' title='bbox 1145 1397 1181 1429; x_wconf 88' lang='lat' dir='ltr'>ct</span> <span class='ocrx_word' id='word_1_170' title='bbox 1209 1393 1379 1443; x_wconf 92' lang='lat' dir='ltr'>quolibet</span> <span class='ocrx_word' id='word_1_171' title='bbox 1409 1393 1716 1443; x_wconf 78' lang='lat' dir='ltr'>praemissorum,</span> <span class='ocrx_word' id='word_1_172' title='bbox 1747 1393 1839 1431; x_wconf 88' lang='lat' dir='ltr'>dans</span> <span class='ocrx_word' id='word_1_173' title='bbox 1872 1394 1994 1431; x_wconf 90' lang='lat' dir='ltr'>eidem</span> 
     </span>
     <span class='ocr_line' id='line_1_20' title="bbox 454 1446 2018 1503; baseline 0.001 -16"><span class='ocrx_word' id='word_1_174' title='bbox 454 1451 656 1488; x_wconf 89' lang='lat' dir='ltr'>substituto</span> <span class='ocrx_word' id='word_1_175' title='bbox 675 1455 892 1501; x_wconf 84' lang='lat' dir='ltr'>potestatem</span> <span class='ocrx_word' id='word_1_176' title='bbox 918 1451 1121 1501; x_wconf 82' lang='lat' dir='ltr'>plenariam</span> <span class='ocrx_word' id='word_1_177' title='bbox 1141 1464 1183 1487; x_wconf 89' lang='lat' dir='ltr'>ac</span> <span class='ocrx_word' id='word_1_178' title='bbox 1207 1451 1317 1487; x_wconf 90' lang='lat' dir='ltr'>etiam</span> <span class='ocrx_word' id='word_1_179' title='bbox 1341 1451 1549 1502; x_wconf 84' lang='lat' dir='ltr'>generalem</span> <span class='ocrx_word' id='word_1_180' title='bbox 1569 1455 1605 1488; x_wconf 92' lang='lat' dir='ltr'>et</span> <span class='ocrx_word' id='word_1_181' title='bbox 1622 1451 1855 1489; x_wconf 89' lang='lat' dir='ltr'>consimilem</span> <span class='ocrx_word' id='word_1_182' title='bbox 1881 1465 1995 1503; x_wconf 84' lang='lat' dir='ltr'>quam</span> <span class='ocrx_word' id='word_1_183' title='bbox 2012 1446 2018 1447; x_wconf 16' lang='grc' dir='ltr'><strong><em>ἶ</em></strong></span> 
     </span>
     <span class='ocr_line' id='line_1_21' title="bbox 456 1510 1996 1561; baseline 0.001 -14"><span class='ocrx_word' id='word_1_184' title='bbox 456 1511 567 1548; x_wconf 90' lang='lat' dir='ltr'>habet</span> <span class='ocrx_word' id='word_1_185' title='bbox 586 1516 622 1547; x_wconf 93' lang='lat' dir='ltr'>et</span> <span class='ocrx_word' id='word_1_186' title='bbox 640 1511 775 1548; x_wconf 88' lang='lat' dir='ltr'>habere</span> <span class='ocrx_word' id='word_1_187' title='bbox 793 1516 913 1561; x_wconf 86' lang='lat' dir='ltr'>potest</span> <span class='ocrx_word' id='word_1_188' title='bbox 930 1516 965 1547; x_wconf 94' lang='lat' dir='ltr'>et</span> <span class='ocrx_word' id='word_1_189' title='bbox 986 1511 1097 1548; x_wconf 85' lang='lat' dir='ltr'>debet</span> <span class='ocrx_word' id='word_1_190' title='bbox 1120 1524 1187 1561; x_wconf 90' lang='lat' dir='ltr'>per</span> <span class='ocrx_word' id='word_1_191' title='bbox 1205 1510 1343 1548; x_wconf 85' lang='lat' dir='ltr'>litteras</span> <span class='ocrx_word' id='word_1_192' title='bbox 1362 1510 1593 1561; x_wconf 89' lang='lat' dir='ltr'>supradictas</span> <span class='ocrx_word' id='word_1_193' title='bbox 1620 1510 1659 1547; x_wconf 90' lang='lat' dir='ltr'>in</span> <span class='ocrx_word' id='word_1_194' title='bbox 1682 1510 1895 1561; x_wconf 77' lang='lat' dir='ltr'>praemissis</span> <span class='ocrx_word' id='word_1_195' title='bbox 1913 1523 1996 1548; x_wconf 90' lang='lat' dir='ltr'>om-</span> 
     </span>
     <span class='ocr_line' id='line_1_22' title="bbox 457 1569 1995 1620; baseline 0.001 -14"><span class='ocrx_word' id='word_1_196' title='bbox 457 1570 568 1606; x_wconf 89' lang='lat' dir='ltr'>nibus</span> <span class='ocrx_word' id='word_1_197' title='bbox 586 1575 620 1606; x_wconf 88' lang='lat' dir='ltr'>et</span> <span class='ocrx_word' id='word_1_198' title='bbox 639 1570 809 1620; x_wconf 88' lang='lat' dir='ltr'>quolibet</span> <span class='ocrx_word' id='word_1_199' title='bbox 827 1570 1115 1620; x_wconf 85' lang='lat' dir='ltr'>praemissorum</span> <span class='ocrx_word' id='word_1_200' title='bbox 1139 1570 1373 1616; x_wconf 70' lang='lat' dir='ltr'>eorumdem,</span> <span class='ocrx_word' id='word_1_201' title='bbox 1396 1574 1431 1606; x_wconf 89' lang='lat' dir='ltr'>et</span> <span class='ocrx_word' id='word_1_202' title='bbox 1457 1570 1584 1606; x_wconf 84' lang='lat' dir='ltr'>omnia</span> <span class='ocrx_word' id='word_1_203' title='bbox 1605 1574 1642 1606; x_wconf 91' lang='lat' dir='ltr'>et</span> <span class='ocrx_word' id='word_1_204' title='bbox 1664 1569 1811 1619; x_wconf 83' lang='lat' dir='ltr'>singula</span> <span class='ocrx_word' id='word_1_205' title='bbox 1835 1570 1995 1607; x_wconf 78' lang='lat' dir='ltr'>faciendi</span> 
     </span>
     <span class='ocr_line' id='line_1_23' title="bbox 456 1628 1996 1678; baseline 0.001 -14"><span class='ocrx_word' id='word_1_206' title='bbox 456 1642 551 1678; x_wconf 90' lang='lat' dir='ltr'>quae</span> <span class='ocrx_word' id='word_1_207' title='bbox 574 1629 728 1678; x_wconf 85' lang='lat' dir='ltr'>ipsemet</span> <span class='ocrx_word' id='word_1_208' title='bbox 754 1629 886 1665; x_wconf 87' lang='lat' dir='ltr'>faceret</span> <span class='ocrx_word' id='word_1_209' title='bbox 911 1633 946 1665; x_wconf 90' lang='lat' dir='ltr'>et</span> <span class='ocrx_word' id='word_1_210' title='bbox 970 1629 1087 1665; x_wconf 87' lang='lat' dir='ltr'>facere</span> <span class='ocrx_word' id='word_1_211' title='bbox 1117 1633 1238 1678; x_wconf 90' lang='lat' dir='ltr'>posset</span> <span class='ocrx_word' id='word_1_212' title='bbox 1262 1633 1297 1664; x_wconf 91' lang='lat' dir='ltr'>et</span> <span class='ocrx_word' id='word_1_213' title='bbox 1323 1628 1474 1664; x_wconf 89' lang='lat' dir='ltr'>deberet</span> <span class='ocrx_word' id='word_1_214' title='bbox 1501 1628 1539 1664; x_wconf 90' lang='lat' dir='ltr'>in</span> <span class='ocrx_word' id='word_1_215' title='bbox 1567 1628 1779 1678; x_wconf 90' lang='lat' dir='ltr'>praemissis</span> <span class='ocrx_word' id='word_1_216' title='bbox 1806 1632 1841 1664; x_wconf 91' lang='lat' dir='ltr'>et</span> <span class='ocrx_word' id='word_1_217' title='bbox 1867 1641 1996 1666; x_wconf 86' lang='lat' dir='ltr'>eorum</span> 
     </span>
     <span class='ocr_line' id='line_1_24' title="bbox 456 1687 1998 1739; baseline 0.001 -15"><span class='ocrx_word' id='word_1_218' title='bbox 456 1688 640 1738; x_wconf 73' lang='lat' dir='ltr'>quolibet,</span> <span class='ocrx_word' id='word_1_219' title='bbox 662 1689 690 1725; x_wconf 92' lang='lat' dir='ltr'>si</span> <span class='ocrx_word' id='word_1_220' title='bbox 712 1688 954 1736; x_wconf 82' lang='lat' dir='ltr'>personaliter</span> <span class='ocrx_word' id='word_1_221' title='bbox 972 1688 1173 1724; x_wconf 87' lang='lat' dir='ltr'>interesset.</span> <span class='ocrx_word' id='word_1_222' title='bbox 1197 1688 1307 1736; x_wconf 87' lang='lat' dir='ltr'>Quod</span> <span class='ocrx_word' id='word_1_223' title='bbox 1326 1687 1502 1724; x_wconf 89' lang='lat' dir='ltr'>omnibus</span> <span class='ocrx_word' id='word_1_224' title='bbox 1521 1688 1567 1724; x_wconf 88' lang='lat' dir='ltr'>ad</span> <span class='ocrx_word' id='word_1_225' title='bbox 1586 1687 1870 1738; x_wconf 89' lang='lat' dir='ltr'>requisitionem</span> <span class='ocrx_word' id='word_1_226' title='bbox 1888 1701 1998 1739; x_wconf 84' lang='lat' dir='ltr'>prae-</span> 
     </span>
    </p>
   </div>
   <div class='ocr_carea' id='block_1_3' title="bbox 455 1745 1998 1850">
    <p class='ocr_par' dir='ltr' id='par_1_4' title="bbox 455 1745 1998 1850">
     <span class='ocr_line' id='line_1_25' title="bbox 455 1745 1998 1797; baseline -0.001 -14"><span class='ocrx_word' id='word_1_227' title='bbox 455 1747 543 1783; x_wconf 88' lang='lat' dir='ltr'>dicti</span> <span class='ocrx_word' id='word_1_228' title='bbox 565 1747 742 1784; x_wconf 87' lang='lat' dir='ltr'>Marronis</span> <span class='ocrx_word' id='word_1_229' title='bbox 763 1761 829 1797; x_wconf 89' lang='lat' dir='ltr'>per</span> <span class='ocrx_word' id='word_1_230' title='bbox 854 1752 1062 1797; x_wconf 86' lang='lat' dir='ltr'>praesentes</span> <span class='ocrx_word' id='word_1_231' title='bbox 1086 1747 1223 1784; x_wconf 86' lang='lat' dir='ltr'>litteras</span> <span class='ocrx_word' id='word_1_232' title='bbox 1246 1747 1424 1797; x_wconf 86' lang='lat' dir='ltr'>sigillatas</span> <span class='ocrx_word' id='word_1_233' title='bbox 1447 1747 1570 1797; x_wconf 85' lang='lat' dir='ltr'>sigillo</span> <span class='ocrx_word' id='word_1_234' title='bbox 1591 1751 1739 1783; x_wconf 86' lang='lat' dir='ltr'>nostrae</span> <span class='ocrx_word' id='word_1_235' title='bbox 1762 1745 1886 1783; x_wconf 88' lang='lat' dir='ltr'>curiae</span> <span class='ocrx_word' id='word_1_236' title='bbox 1909 1745 1998 1782; x_wconf 85' lang='lat' dir='ltr'>inti-</span> 
     </span>
     <span class='ocr_line' id='line_1_26' title="bbox 457 1806 1162 1850; baseline 0.003 -9"><span class='ocrx_word' id='word_1_237' title='bbox 457 1819 601 1842; x_wconf 87' lang='lat' dir='ltr'>mamus</span> <span class='ocrx_word' id='word_1_238' title='bbox 632 1806 768 1842; x_wconf 88' lang='lat' dir='ltr'>Datum</span> <span class='ocrx_word' id='word_1_239' title='bbox 787 1820 886 1843; x_wconf 89' lang='lat' dir='ltr'>anno</span> <span class='ocrx_word' id='word_1_240' title='bbox 904 1807 1055 1843; x_wconf 89' lang='lat' dir='ltr'>Domini</span> <span class='ocrx_word' id='word_1_241' title='bbox 1068 1835 1077 1850; x_wconf 70' lang='lat'>,</span> <span class='ocrx_word' id='word_1_242' title='bbox 1095 1811 1162 1843; x_wconf 85' lang='lat' dir='ltr'>etc.</span> 
     </span>
    </p>
   </div>
   <div class='ocr_carea' id='block_1_4' title="bbox 1191 1920 1291 1931">
    <p class='ocr_par' dir='ltr' id='par_1_5' title="bbox 1191 1920 1291 1931">
     <span class='ocr_line' id='line_1_27' title="bbox 1191 1920 1291 1931; baseline -0.02 0"><span class='ocrx_word' id='word_1_243' title='bbox 1191 1920 1291 1931; x_wconf 53' lang='lat'><strong>&lt;¹00—</strong></span> 
     </span>
    </p>
   </div>
   <div class='ocr_carea' id='block_1_5' title="bbox 1138 2054 1331 2092">
    <p class='ocr_par' dir='ltr' id='par_1_6' title="bbox 1138 2054 1331 2092">
     <span class='ocr_line' id='line_1_28' title="bbox 1138 2054 1331 2092; baseline -0.005 -1"><span class='ocrx_word' id='word_1_244' title='bbox 1138 2054 1331 2092; x_wconf 73' lang='lat' dir='ltr'>CLXXIX.</span> 
     </span>
    </p>
   </div>
   <div class='ocr_carea' id='block_1_6' title="bbox 656 2172 1801 2224">
    <p class='ocr_par' dir='ltr' id='par_1_7' title="bbox 656 2172 1801 2224">
     <span class='ocr_line' id='line_1_29' title="bbox 656 2172 1801 2224; baseline -0.003 -12"><span class='ocrx_word' id='word_1_245' title='bbox 656 2175 865 2213; x_wconf 73' lang='lat' dir='ltr'>Fundation</span> <span class='ocrx_word' id='word_1_246' title='bbox 882 2175 971 2212; x_wconf 76' lang='lat' dir='ltr'>d’un</span> <span class='ocrx_word' id='word_1_247' title='bbox 991 2174 1135 2224; x_wconf 75' lang='lat' dir='ltr'>hospice</span> <span class='ocrx_word' id='word_1_248' title='bbox 1146 2187 1247 2224; x_wconf 81' lang='lat' dir='ltr'>pour</span> <span class='ocrx_word' id='word_1_249' title='bbox 1265 2174 1315 2211; x_wconf 77' lang='lat' dir='ltr'>tes</span> <span class='ocrx_word' id='word_1_250' title='bbox 1329 2173 1493 2223; x_wconf 69' lang='lat' dir='ltr'>peterins</span> <span class='ocrx_word' id='word_1_251' title='bbox 1510 2179 1543 2210; x_wconf 78' lang='lat' dir='ltr'>el</span> <span class='ocrx_word' id='word_1_252' title='bbox 1561 2172 1610 2210; x_wconf 78' lang='lat' dir='ltr'>les</span> <span class='ocrx_word' id='word_1_253' title='bbox 1628 2183 1801 2222; x_wconf 76' lang='lat' dir='ltr'>pauvres.</span> 
     </span>
    </p>
   </div>
   <div class='ocr_carea' id='block_1_7' title="bbox 461 2352 1998 2481">
    <p class='ocr_par' dir='ltr' id='par_1_8' title="bbox 461 2352 1998 2481">
     <span class='ocr_line' id='line_1_30' title="bbox 510 2352 1998 2422; baseline -0.005 -14"><span class='ocrx_word' id='word_1_254' title='bbox 510 2372 698 2409; x_wconf 88' lang='lat' dir='ltr'>Universis</span> <span class='ocrx_word' id='word_1_255' title='bbox 716 2352 852 2409; x_wconf 83' lang='lat' dir='ltr'>Christi</span> <span class='ocrx_word' id='word_1_256' title='bbox 872 2371 1044 2409; x_wconf 85' lang='lat' dir='ltr'>fidelibus</span> <span class='ocrx_word' id='word_1_257' title='bbox 1062 2376 1271 2422; x_wconf 85' lang='lat' dir='ltr'>praesentes</span> <span class='ocrx_word' id='word_1_258' title='bbox 1291 2372 1429 2408; x_wconf 87' lang='lat' dir='ltr'>litteras</span> <span class='ocrx_word' id='word_1_259' title='bbox 1448 2369 1670 2422; x_wconf 89' lang='lat' dir='ltr'>inspecturis</span> <span class='ocrx_word' id='word_1_260' title='bbox 1689 2367 1732 2405; x_wconf 89' lang='lat' dir='ltr'>N.</span> <span class='ocrx_word' id='word_1_261' title='bbox 1752 2364 1998 2418; x_wconf 87' lang='lat' dir='ltr'>permissione</span> 
     </span>
     <span class='ocr_line' id='line_1_31' title="bbox 461 2424 1998 2481; baseline -0.005 -14"><span class='ocrx_word' id='word_1_262' title='bbox 461 2431 586 2468; x_wconf 89' lang='lat' dir='ltr'>divina</span> <span class='ocrx_word' id='word_1_263' title='bbox 607 2431 722 2468; x_wconf 86' lang='lat' dir='ltr'>abbas</span> <span class='ocrx_word' id='word_1_264' title='bbox 738 2460 744 2466; x_wconf 92' lang='lat'>.</span> <span class='ocrx_word' id='word_1_265' title='bbox 763 2461 768 2466; x_wconf 94' lang='lat'>.</span> <span class='ocrx_word' id='word_1_266' title='bbox 787 2460 793 2466; x_wconf 91' lang='lat'>.</span> <span class='ocrx_word' id='word_1_267' title='bbox 811 2460 817 2466; x_wconf 88' lang='lat'><strong>.</strong></span> <span class='ocrx_word' id='word_1_268' title='bbox 832 2460 839 2466; x_wconf 84' lang='grc'><strong>.</strong></span> <span class='ocrx_word' id='word_1_269' title='bbox 855 2434 920 2467; x_wconf 89' lang='lat' dir='ltr'>etc.</span> <span class='ocrx_word' id='word_1_270' title='bbox 938 2431 1032 2467; x_wconf 83' lang='lat' dir='ltr'>Loca</span> <span class='ocrx_word' id='word_1_271' title='bbox 1048 2430 1107 2480; x_wconf 92' lang='lat' dir='ltr'>pia</span> <span class='ocrx_word' id='word_1_272' title='bbox 1119 2460 1127 2476; x_wconf 42' lang='grc' dir='ltr'>,Ι</span> <span class='ocrx_word' id='word_1_273' title='bbox 1142 2443 1395 2481; x_wconf 87' lang='lat' dir='ltr'>personasque</span> <span class='ocrx_word' id='word_1_274' title='bbox 1413 2428 1641 2467; x_wconf 87' lang='lat' dir='ltr'>miserabiles</span> <span class='ocrx_word' id='word_1_275' title='bbox 1656 2426 1795 2478; x_wconf 91' lang='lat' dir='ltr'>quibus</span> <span class='ocrx_word' id='word_1_276' title='bbox 1809 2424 1998 2462; x_wconf 84' lang='lat' dir='ltr'>facultates</span> 
     </span>
    </p>
   </div>
  </div>
 </body>
</html>
