2184 3074
737 359 898 398 CODEX
924 361 1168 409 DUNENSlS.
1648 367 1708 403 101

186 482 256 516 tate
276 490 318 514 ac
339 477 537 514 sententias
558 477 723 514 relaxari.
745 476 905 514 Proinde
923 476 1150 514 attendentes
1167 478 1267 528 quod
1288 484 1439 529 propter
1456 479 1596 517 bonum
1616 481 1715 530 pacis

183 539 220 572 et
237 534 491 572 infirmitatem
511 548 619 572 sexus
638 534 787 572 feminei
807 535 934 572 mitius
954 539 1008 572 est
1026 535 1209 584 agendum
1222 565 1231 581 ,
1250 536 1426 573 studeatis
1445 537 1553 574 etiam
1575 551 1717 576 sorores

183 605 279 643 quae
289 588 505 630 sueruntvel
520 597 607 631 sunt
619 597 721 630 extra
737 593 1016 639 monasterium,
1027 593 1202 630 reducere
1216 594 1260 630 ad
1277 595 1488 632 monasterii
1507 595 1717 633 interiorem

183 651 413 697 clausuram,
430 655 474 690 ut
489 651 694 689 secundum
716 652 880 702 regulam
900 665 975 688 una
994 665 1078 688 cum
1098 652 1179 690 aliis
1196 653 1385 690 sororibus
1403 654 1548 691 clausae
1568 667 1716 692 moren-

185 714 246 746 tur
262 708 359 746 inter
375 714 552 760 utrasque
570 723 697 760 pacem
717 715 753 747 et
770 710 1006 747 concordiam
1029 710 1280 748 reformantes.
1300 711 1435 749 Verum
1453 713 1540 763 quia
1562 726 1717 763 congre-

182 768 282 819 gatio
306 781 380 806 non
409 769 600 806 consuevit
624 769 703 806 sine
727 769 846 820 capite
875 769 1092 819 regulariter
1118 770 1336 820 gubernari„
1363 770 1547 808 inducatis
1573 784 1716 809 sorores

183 830 374 877 utrasque,
390 831 463 864 tam
479 840 538 864 cas
553 841 649 878 quae
663 832 857 864 morantur
871 827 1031 865 exterius
1044 841 1156 878 quam
1173 828 1254 865 illas
1266 842 1362 879 quae
1381 834 1530 866 manent
1547 829 1715 874 interius,

183 889 226 922 ut
241 885 436 922 nominent
452 885 559 922 vobis
578 885 812 922 concorditer
832 886 890 922 vel
918 885 955 922 in
981 885 1167 923 discordia
1195 899 1308 923 unam
1334 887 1391 923 vel
1419 887 1543 937 plures
1567 887 1614 924 de
1636 888 1716 938 ipso

183 942 406 980 monasterio
424 943 501 980 sive
516 943 563 980 de
580 943 662 980 aliis
680 943 845 993 ejusdem
864 943 1006 980 ordinis
1025 956 1122 994 quae
1139 943 1214 981 sint
1230 944 1397 993 ydoneae
1415 944 1460 981 ad
1485 945 1607 995 ipsum
1634 959 1717 982 mo-

183 1001 384 1050 nasterium
401 999 687 1052 gubernandum
703 1001 742 1038 in
762 1001 968 1038 ministerio
987 1001 1209 1047 abbatissam
1229 1007 1269 1039 ut
1284 1003 1361 1039 sive
1379 1003 1426 1039 de
1443 1003 1641 1040 nominatis
1660 1004 1716 1040 vel

183 1059 422 1097 nominandis
446 1059 493 1096 ab
516 1059 568 1097 eis
588 1059 666 1097 sive
694 1059 740 1096 de
765 1060 846 1097 aliis
871 1060 1018 1097 deintus
1037 1060 1093 1096 vel
1112 1065 1213 1097 extra
1233 1074 1346 1098 unam
1365 1074 1479 1111 quam
1497 1061 1616 1098 eidem
1636 1075 1717 1099 mo-

183 1118 342 1156 nasterio
367 1117 547 1168 putabitis
577 1118 775 1155 convenire
797 1118 992 1155 assumatis
1021 1123 1057 1155 et
1082 1119 1301 1168 praeficiatis
1330 1132 1408 1156 eam
1432 1119 1468 1156 in
1493 1119 1715 1157 abbatissam

183 1175 396 1215 monasterii
418 1175 622 1226 supradicti
645 1181 682 1213 et
703 1177 931 1227 provideatis
951 1177 997 1213 de
1020 1177 1109 1227 ipsa.
1130 1177 1371 1215 Obtinuimus
1391 1191 1552 1228 namque
1571 1191 1590 1214 a
1610 1191 1717 1215 sanc-

182 1234 325 1272 tissimo
350 1238 454 1285 patre
478 1234 632 1271 domino
657 1239 782 1272 nostro
805 1248 951 1272 summo
977 1235 1152 1285 pontifice
1182 1236 1334 1272 oraculo
1359 1236 1464 1272 vivae
1486 1236 1586 1272 vocis
1613 1236 1715 1286 quod

183 1292 368 1344 possimus
392 1305 459 1343 per
488 1305 554 1329 nos
592 1292 648 1329 vel
679 1292 795 1329 alium
826 1306 891 1330 seu
922 1293 1012 1330 alios
1043 1293 1112 1330 hac
1142 1293 1222 1330 vice
1251 1293 1468 1330 auctoritate
1498 1306 1563 1330 sua
1594 1293 1714 1330 eidem

182 1350 405 1389 monasterio
432 1350 637 1402 providere.
663 1350 768 1389 Unde
790 1350 897 1388 vobis
921 1351 1038 1401 ipsius
1059 1350 1201 1388 domini
1229 1364 1346 1401 papae
1370 1351 1586 1388 auctoritate
1612 1364 1716 1388 com-

183 1409 365 1462 mittimus
388 1413 431 1446 ut
455 1409 533 1446 sive
558 1408 604 1445 ad
629 1422 773 1446 sorores
797 1409 1014 1446 intrinsecas
1039 1409 1095 1446 vel
1116 1409 1358 1455 extrinseca&
1375 1409 1452 1446 sive
1468 1409 1514 1445 ad
1541 1414 1718 1460 utrasque

182 1468 240 1506 vel
258 1467 304 1505 ad
324 1480 391 1504 nos
409 1470 452 1504 ut
469 1466 515 1504 ad
533 1466 826 1517 gubernatorem
839 1467 1051 1504 monasterii
1073 1467 1216 1504 ordinis
1243 1467 1362 1503 dictae
1380 1467 1535 1504 Sanctae
1555 1467 1717 1517 provisio

185 1525 254 1564 hac
272 1525 352 1563 vice
370 1525 552 1576 pertineat
581 1525 793 1562 monasterii
821 1525 1031 1571 memorati,
1058 1538 1122 1562 vos
1148 1525 1206 1562 vel
1225 1525 1300 1562 duo
1319 1530 1480 1562 vestrum
1500 1525 1716 1562 auctoritate

186 1584 302 1636 ipsius
320 1583 463 1621 domini
478 1597 594 1634 papae
606 1597 719 1634 quam
734 1583 840 1621 vobis
860 1584 898 1620 in
918 1583 986 1620 hac
1003 1588 1107 1634 parte
1124 1583 1407 1629 committimus5
1428 1583 1652 1634 provideatis
1671 1583 1718 1620 de

185 1642 370 1680 abbatissa
397 1641 620 1679 monasterio
645 1641 854 1692 saepedicto
880 1646 916 1678 et
947 1655 1027 1678 eam
1050 1641 1096 1678 de
1119 1655 1194 1691 qua
1212 1641 1466 1691 provideritis,
1490 1641 1718 1691 compellatis

185 1701 232 1738 ad
256 1699 534 1750 suscipiendum
563 1699 778 1749 hujusmodi
804 1713 899 1736 onus
921 1700 1112 1750 regiminis
1131 1713 1196 1749 per
1212 1699 1475 1750 obligationem
1499 1699 1716 1744 salutarem,

184 1764 220 1796 et
239 1759 310 1797 hoc
326 1758 372 1796 de
385 1771 459 1795 una
473 1762 509 1795 et
522 1757 694 1808 pluribus
709 1758 754 1795 de
773 1758 912 1808 quibus
925 1758 1106 1795 duxeritis
1121 1757 1412 1808 providendum,
1428 1757 1560 1794 totiens
1576 1756 1718 1793 faciatis

186 1830 383 1869 quousque
399 1816 563 1867 provisio
583 1816 629 1854 de
650 1816 774 1867 aliqua
793 1816 839 1853 de
857 1815 930 1867 qua
954 1817 1207 1867 provideritis,
1230 1817 1277 1853 sit
1299 1821 1454 1867 recepta.
1480 1815 1589 1863 Quod
1615 1815 1644 1852 si
1669 1815 1715 1851 de

187 1876 260 1914 alio
285 1875 508 1913 monasterio
534 1879 755 1922 assumatur,
778 1875 970 1925 assignetis
996 1875 1087 1921 sibi,
1114 1876 1143 1912 si
1169 1875 1333 1926 petierit,
1362 1875 1526 1925 aliquam
1553 1887 1715 1911 sororem

187 1933 352 1984 ejusdem
373 1934 586 1971 monasterii
608 1947 676 1984 pro
694 1934 793 1971 socia
814 1947 910 1984 quae
932 1934 1070 1970 ibidem
1095 1938 1260 1970 moretur
1282 1939 1323 1970 ut
1341 1946 1460 1978 soror,
1479 1946 1562 1969 cum
1581 1945 1654 1982 qua
1673 1944 1717 1967 ex

187 2005 253 2029 sua
271 1991 484 2042 ydoneitate
501 1992 618 2043 possit
636 1992 673 2029 in
693 1992 854 2029 Domino
871 1991 1067 2036 consolari.
