2184 3074
488 349 561 386 56⁹2
1041 345 1200 382 CODEX
1229 340 1475 383 DUNENSIS.

489 469 608 502 matae
632 465 728 501 inter
745 467 916 514 parentes
933 466 969 499 et
986 462 1139 507 amicos,
1158 475 1203 498 ex
1221 474 1295 498 una
1315 466 1434 512 parte,
1451 466 1488 499 et
1510 462 1607 500 inter
1628 467 1798 512 parentes
1822 467 1858 501 et
1881 465 2019 502 amicos

489 522 570 560 talis
588 521 719 568 occisi,
738 534 784 558 ex
801 521 933 565 altera,
951 519 1022 557 sub
1041 519 1118 556 suis
1137 519 1329 556 laboribus
1347 523 1383 556 et
1401 520 1582 570 expensis.

1210 643 1322 654 w—

1159 786 1356 823 CCCXCll.

822 904 987 953 Enquete
1013 916 1062 941 au
1090 905 1189 954 sajet
1213 904 1256 940 de
1283 903 1320 940 la
1349 909 1445 940 mor!
1469 903 1560 940 d'mt
1587 903 1692 940 clerc.

536 1097 719 1135 Noveritis
738 1098 841 1148 quod
858 1111 944 1135 cum
963 1098 1002 1135 in
1017 1097 1152 1148 hyeme
1165 1111 1285 1149 nuper
1301 1099 1507 1149 praeterita,
1525 1099 1622 1136 circa
1640 1099 1773 1136 festum
1788 1099 2024 1136 Purificatio-

487 1156 544 1193 nis
559 1156 692 1193 Beatae
706 1156 852 1202 Mariae,
867 1156 920 1203 B.,
938 1156 1038 1193 filius
1049 1185 1181 1193 ......
1195 1185 1204 1203 ,
1218 1156 1388 1203 clericus,
1408 1157 1447 1193 in
1465 1157 1666 1207 quemdam
1681 1162 1835 1208 puteum
1851 1157 2025 1208 delapsus

487 1219 523 1251 et
547 1215 763 1253 submersus
791 1215 920 1252 fuisset
945 1216 984 1252 in
1007 1215 1093 1252 vico
1118 1215 1201 1261 tali,
1228 1229 1390 1266 cumque
1417 1216 1640 1254 Laurentius
1665 1217 1748 1254 talis
1771 1230 1883 1267 super
1906 1221 2024 1254 morte

488 1273 578 1310 dicti
597 1273 637 1310 Β.
658 1277 693 1310 et
712 1286 797 1310 casu
818 1273 934 1324 ipsius
951 1287 972 1310 a
993 1273 1219 1324 quibusdam
1236 1274 1434 1325 culpabilis
1455 1274 1651 1322 diceretur,
1670 1288 1738 1312 nos
1756 1280 1883 1313 contra
1901 1275 2024 1326 ipsum

487 1345 598 1382 super
627 1331 698 1369 hoc
729 1331 894 1369 volentes
926 1332 1134 1383 inquirere,
1161 1337 1275 1382 prout
1305 1337 1431 1370 nostro
1458 1333 1582 1370 officio
1610 1333 1869 1378 incumbebat,
1898 1334 2022 1384 ipsum

487 1403 598 1441 super
615 1390 687 1428 hoc
705 1390 861 1428 fecimus
879 1403 1004 1428 coram
1023 1391 1132 1428 nobis
1151 1391 1395 1442 personaliter
1413 1391 1451 1428 in
1465 1391 1652 1442 judicium
1670 1392 1832 1439 evocari,
1847 1397 1883 1430 et
1900 1393 2023 1444 ipsum

487 1448 533 1485 de
550 1449 647 1486 facto
665 1449 747 1500 ipso
764 1454 799 1486 et
816 1450 1010 1487 occasione
1034 1450 1152 1501 ipsius
1175 1450 1260 1487 facti
1287 1450 1598 1500 interrogavimus
1617 1450 1825 1501 diligenter.
1848 1451 1921 1500 Qui
1940 1464 2025 1502 per-

487 1507 662 1545 sonaliter
679 1508 903 1546 constitutus
923 1508 962 1546 in
976 1509 1122 1560 judicio
1140 1522 1264 1547 coram
1284 1509 1392 1547 nobis
1410 1510 1449 1547 in
1463 1510 1669 1561 praesentia
1684 1510 1851 1561 plurium
1866 1511 2025 1561 negavit,
2041 1513 2044 1515 ’

488 1579 553 1617 per
577 1580 688 1604 suum
715 1580 828 1618 super
851 1567 923 1605 hoc
947 1568 1166 1619 praestitum
1192 1569 1469 1620 juramentum,
1495 1582 1534 1606 se
1559 1582 1638 1606 esse
1663 1582 1776 1620 super
1801 1569 1901 1606 dicto
1930 1569 2026 1607 sacto

487 1624 739 1673 diffamatum,
764 1629 800 1663 et
823 1639 861 1663 se
887 1640 1000 1677 super
1022 1626 1239 1677 hujusmodi
1263 1641 1350 1665 casu
1373 1641 1522 1665 causam
1546 1641 1612 1665 seu
1629 1628 1862 1665 occasionem
1879 1627 2026 1667 dedisse

487 1696 551 1720 seu
570 1683 693 1734 ipsum
711 1689 838 1722 casum
856 1686 914 1722 vel
933 1686 1072 1723 factum
1091 1690 1320 1737 perpetrasse
1337 1686 1395 1723 vel
1415 1686 1495 1724 dari
1518 1700 1584 1724 seu
1606 1687 1810 1738 perpetrari
1838 1686 1966 1724 fecisse
1989 1691 2026 1730 et

486 1744 689 1794 perpetrari
716 1758 784 1796 per
805 1745 969 1796 aliquem
993 1746 1051 1783 vel
1070 1746 1216 1797 aliquos
1234 1759 1472 1798 procurasse..
1489 1738 1655 1784 asserens
1677 1760 1716 1784 se
1739 1759 1807 1784 nec
1834 1760 1931 1793 esse,
1956 1752 2026 1784 ‘nec

487 1801 599 1839 fuisse
617 1802 656 1839 in
677 1802 750 1840 hoc
767 1817 854 1841 casu
874 1804 1067 1842 conscium
1086 1805 1143 1842 vel
1164 1805 1352 1842 nocivum.

534 1860 699 1898 Tandem
719 1861 887 1914 diligenti
914 1863 1189 1901 examinatione
1210 1867 1246 1901 et
1270 1863 1514 1914 inquisitione
1537 1877 1650 1914 super
1669 1863 1868 1914 praedictis
1893 1869 2023 1902 contra

486 1921 718 1971 praedictum
736 1922 979 1961 Laurentium
999 1925 1109 1972 sacta,
1129 1938 1216 1962 cum
1234 1925 1406 1963 eumdem
1428 1925 1667 1963 Laurentium
1686 1939 1798 1976 super
1811 1926 1910 1964 dicto
1925 1927 2021 1964 facto

489 1980 713 2030 culpabilem
737 1982 950 2020 nullatenus
973 1983 1262 2031 invenissemus,
1280 1985 1365 2022 licet
1382 1984 1508 2035 plures
1527 1988 1634 2022 testes
1659 1984 1774 2022 immo
1797 1983 1917 2034 major
1937 1998 2023 2035 pars

489 2038 647 2076 vicariae
665 2039 765 2077 illius
789 2040 861 2077 vici
888 2041 927 2078 in
952 2054 1029 2092 quo
1051 2055 1157 2080 casus
1183 2042 1246 2080 ille
1271 2047 1459 2089 evenerat,
1482 2043 1598 2093 jurati
1626 2043 1783 2080 fuissent
1807 2048 1905 2080 etex
1920 2047 2025 2094 parte

489 2101 613 2135 nostra
630 2098 830 2136 examinati
850 2113 962 2150 super
980 2100 1052 2138 hoc
1069 2100 1278 2152 diligenter,
1296 2114 1458 2152 quorum
1477 2101 1601 2152 plures
1621 2101 1796 2139 dicebant
1817 2114 1855 2139 se
1872 2102 2024 2139 modum

485 2159 521 2192 et
537 2155 695 2193 sormam
713 2170 777 2194 seu
796 2157 934 2196 dictam
953 2159 1043 2196 dicti
1062 2173 1168 2198 casus
1188 2160 1358 2206 scivisse,
1377 2173 1446 2198 nec
1464 2154 1611 2198 novisse
1629 2173 1695 2198 seu
1712 2160 1863 2198 scivisse
1882 2160 2024 2198 dictum

485 2213 727 2253 Laurentium
754 2230 868 2267 super
896 2217 970 2256 hoc
994 2219 1220 2269 culpabilem
1240 2220 1298 2257 vel
1317 2220 1512 2266 nocivum,
1531 2218 1771 2270 postmodum
1789 2218 2026 2270 supradictus

483 2272 704 2311 Laurentius
723 2287 942 2326 comparens
957 2277 1206 2328 personaliter
1223 2278 1262 2316 in
1276 2278 1421 2328 judicio
1439 2291 1564 2316 coram
1579 2278 1688 2316 nobis
1702 2282 1739 2315 et
1752 2278 1835 2316 aliis
1851 2278 2026 2329 pluribus

486 2330 558 2367 fide
575 2331 717 2382 dignis,
734 2337 863 2383 petens
882 2348 902 2371 a
921 2335 1032 2373 nobis
1051 2336 1244 2374 humiliter
1261 2340 1297 2374 et
1314 2336 1494 2375 instanter
1507 2341 1549 2374 ut
1564 2350 1676 2388 super
1690 2336 1889 2387 praedictis
1907 2336 2025 2374 liceu-

483 2389 659 2427 tiaremus
674 2391 847 2429 eumdem
858 2422 867 2439 ,
883 2393 1021 2431 obtulit
1037 2407 1076 2431 se
1094 2407 1206 2445 super
1223 2395 1422 2445 praedictis
1440 2409 1485 2433 ex
1505 2395 1740 2433 habundanti
1757 2395 1919 2446 legitime
1932 2407 2025 2445 pur-

487 2451 673 2497 gaturum.
699 2449 770 2498 Qui
794 2451 936 2501 juravit
960 2465 1084 2490 coram
1108 2453 1216 2491 nobis
1240 2454 1362 2505 ipsum
1374 2468 1426 2492 ex
1445 2454 1678 2492 habundanti
1697 2454 1743 2492 ad
1762 2453 2021 2505 purgationem
