2184 3074
743 357 905 395 CODEX
932 358 1178 397 DUNENSlS.
1682 362 1730 398 (57

196 473 349 525 quidam
370 474 570 524 temporale
587 473 798 512 dominium
814 474 1023 512 obtinentes
1042 475 1180 512 ibidem
1195 480 1373 513 eteorum
1389 476 1547 522 subditi,
1563 491 1604 513 ac
1619 478 1727 514 etiam

196 532 367 570 villarum
384 537 420 570 et
433 533 600 570 locorum
615 533 872 571 universitates
886 547 950 571 seu
964 535 1247 572 communitates
1261 535 1493 572 castellaniae
1509 536 1728 586 praedictae,

196 596 349 629 matrem
377 591 566 629 ecclesiam
593 604 635 628 ac
663 591 742 641 ejus
766 592 945 630 beneficia
970 598 1271 644 recognoscentes
1303 595 1474 640 minime,
1504 599 1544 631 ut
1574 595 1727 645 ingrati,

195 650 308 687 immo
327 649 429 701 quod
447 649 596 700 gravius
614 654 684 696 est,
701 650 817 700 ipsius
837 663 911 687 non
926 651 1046 688 solum
1058 650 1143 701 jura
1158 652 1326 689 minuere
1340 657 1404 689 aut
1420 653 1582 697 laedere,
1597 666 1724 690 verum

193 707 302 745 etiam
321 707 438 758 ipsius
458 708 624 745 nitantur
648 708 808 746 totaliter
829 709 1043 746 subvertere
1065 709 1251 747 libertates
1278 711 1529 757 irreverenter,
1551 725 1643 748 ausu
1666 725 1725 748 sa-

192 765 340 816 crilego,
358 766 426 803 Dei
442 766 574 803 timore
590 767 809 818 postposito,
825 767 862 804 in
884 767 998 818 legem
1019 773 1054 804 et
1068 769 1368 806 constitutionem
1384 770 1519 806 summi
1537 769 1723 820 pontilicis

193 825 310 862 bonae
324 825 522 862 memoriae
531 825 674 862 domini
686 826 868 863 Bonisacii
881 839 995 877 papae
1005 827 1123 863 octavi
1135 841 1245 879 super
1260 828 1329 865 hoc
1342 828 1478 865 editam
1496 828 1724 865 committen-

192 889 255 930 tes,
269 884 386 922 dictas
400 898 575 935 personas
589 885 852 923 ecclesiasticas
867 886 1048 923 seculares
1062 891 1098 923 et
1112 887 1302 938 religiosas
1321 887 1516 929 initiando,
1534 892 1566 923 et
1583 886 1720 923 eisdem

190 942 315 980 invit-is
334 947 370 980 et
386 943 632 980 renitentibus
651 955 715 980 seu
737 943 842 980 terris
861 943 1027 994 ipsorum
1046 944 1122 980 sive
1138 944 1248 982 bonis
1267 945 1385 982 tallias
1399 958 1525 995 graves
1539 950 1574 982 et
1587 945 1722 982 collec-

189 1006 240 1038 tas
272 1001 517 1052 imponendO,
543 1004 671 1038 contra
699 1000 1002 1037 constitutionem
1029 1002 1254 1052 praedictam
1286 1016 1397 1053 super
1423 1003 1493 1039 hoc
1519 1003 1653 1039 editam
1682 1003 1719 1039 in

187 1060 348 1097 favorem
367 1059 632 1097 ecclesiasticae
652 1058 830 1096 libertatis
848 1072 867 1095 a
891 1073 1038 1096 summo
1058 1061 1232 1110 pontifice
1251 1062 1482 1112 supradicto,
1503 1061 1717 1111 hujusmodi

187 1117 304 1155 tallias
323 1122 359 1155 et
376 1118 566 1164 collectas,
585 1122 622 1154 et
642 1117 850 1168 specialiter
872 1131 972 1154 nunc
995 1118 1191 1156 duodecim
1218 1120 1407 1166 denarios,
1432 1134 1527 1171 quos
1552 1120 1588 1156 in
1616 1120 1716 1156 obsi-

185 1176 296 1214 dione
319 1177 429 1214 villae
454 1177 499 1214 de
525 1176 692 1214 Zirichee
719 1177 764 1213 de
789 1178 884 1214 facto
901 1181 926 1224 ¹,
949 1191 1034 1215 cum
1053 1178 1197 1227 dejure
1215 1179 1441 1230 nequierint,
1461 1179 1719 1230 imposuerunt

185 1234 293 1272 dictis
317 1236 485 1286 personis
513 1235 751 1286 irrequisitis,
775 1240 811 1272 et
834 1236 923 1273 dum
951 1236 1139 1274 sciverunt
1166 1237 1290 1275 invitis
1321 1243 1357 1274 et
1385 1238 1646 1283 renitentibus,
1671 1238 1717 1274 de

186 1306 356 1331 mensura
374 1294 542 1345 qualibet
559 1298 739 1331 terrarum
760 1308 853 1345 quas
871 1295 966 1332 infra
986 1295 1123 1333 dictam
1143 1297 1390 1334 castellaniam
1410 1297 1618 1348 possident,
1637 1297 1717 1333 exi-

182 1351 314 1401 gendo,
333 1356 368 1389 et
387 1352 483 1403 ipsas
502 1353 671 1390 vexando
689 1357 725 1390 et
739 1353 996 1403 multipliciter
1010 1355 1257 1398 molestando,
1271 1360 1397 1392 contra
1413 1355 1592 1406 quasdam
1606 1367 1651 1390 ex
1664 1354 1715 1389 eis

182 1423 247 1461 per
265 1410 451 1448 bonorum
463 1411 659 1462 ‚captiones
673 1411 749 1461 jam
770 1417 1029 1461 processerunt
1047 1417 1082 1449 et
1100 1417 1227 1450 contra
1246 1413 1335 1450 alias
1354 1413 1545 1450 minantur
1563 1427 1599 1449 se
1613 1413 1716 1449 simi-

182 1469 265 1506 liter
280 1482 518 1520 processuros
536 1469 574 1506 in
593 1470 713 1507 dictae
731 1471 1005 1508 constitutionis
1028 1472 1249 1519 elusionem,
1271 1473 1318 1509 ita
1347 1477 1386 1509 ut
1405 1472 1596 1509 deterioris
1623 1484 1714 1508 con-

180 1527 332 1565 ditionis
357 1528 494 1565 sactum
517 1528 587 1566 sub
613 1529 663 1566 eis
690 1529 937 1566 sacerdotium
962 1530 1132 1567 videatur
1155 1544 1268 1581 quam
1288 1531 1358 1567 sub
1378 1531 1568 1567 Pharaone
1588 1530 1711 1566 fucrit.

180 1587 244 1637 qui
264 1586 412 1623 divinae
431 1587 521 1637 legis
540 1587 709 1624 notitiam
735 1600 810 1624 non
836 1587 1014 1632 habebat3
1043 1602 1128 1625 nam
1153 1589 1214 1626 ille
1240 1589 1414 1626 omnibus
1440 1588 1520 1625 aliis
1546 1587 1710 1624 servituti

179 1645 341 1682 subactis
365 1645 555 1682 ministros
582 1646 806 1696 templorum
833 1651 868 1683 et
892 1647 1140 1696 possessiones
1158 1661 1285 1684 eorum
1306 1647 1343 1684 in
1367 1647 1520 1697 pristina
1546 1646 1711 1682 libertate

179 1703 321 1740 dimisit
334 1707 370 1740 et
382 1703 433 1740 eis
448 1703 495 1740 de
509 1704 661 1754 publico
675 1704 889 1741 alimoniam
905 1705 1138 1742 ministravit.
1154 1706 1214 1743 Isti
1232 1720 1318 1742 vero
1337 1719 1447 1742 onera
1466 1719 1529 1742 sna
1548 1704 1710 1741 ecclesiis

178 1765 213 1798 et
231 1761 398 1811 personis
418 1761 672 1799 ecclesiasticis
692 1762 883 1813 imponere
898 1763 1063 1809 student,
1079 1769 1115 1800 et
1128 1777 1223 1815 quae
1236 1764 1377 1814 agenda
1393 1764 1527 1800 suerint
1543 1762 1588 1799 de
1603 1762 1710 1799 bonis

177 1819 360 1856 dictarum
389 1833 631 1869 personarum
655 1820 785 1857 usibus
811 1820 997 1871 deputatis
1023 1822 1154 1858 volunt
1172 1823 1247 1859 sere
1265 1826 1396 1859 cuncta
1418 1821 1614 1872 compleri,
1635 1834 1707 1856 non

176 1877 404 1914 attendentes
423 1878 525 1928 quod
545 1891 657 1928 super
675 1878 842 1928 personis
858 1879 1113 1916 ecclesiasticis
1128 1886 1164 1916 et
1177 1893 1303 1917 earum
1319 1880 1427 1917 honis
1443 1880 1542 1916 nulla
1558 1880 1602 1915 sil
1619 1879 1708 1929 ipsis

176 1935 351 1971 attributa
377 1935 549 1981 facultas,
574 1949 668 1986 quos
691 1937 922 1987 obsequendi
948 1943 1071 1974 manet
1097 1939 1307 1983 necessitas,
1327 1952 1401 1975 non
1420 1938 1616 1974 auctoritas
1636 1938 1707 1973 im-

176 1993 351 2043 ponendi.
367 1993 536 2044 Cumque
556 1994 652 2030 idem
668 1995 858 2033 Romanus
875 1996 1039 2046 pontifex
1051 2025 1059 2041 ,
1075 1996 1182 2045 juxta
1196 2010 1383 2033 sacrorum
1399 2009 1583 2032 canonum
1600 1995 1702 2030 insti-

177 2055 266 2096 tuta,
279 2051 407 2088 volens
422 2051 584 2088 salubria
601 2057 727 2090 contra
743 2053 915 2090 morbum
934 2053 1148 2103 hujusmodi
1163 2055 1325 2091 remedia
1341 2054 1516 2097 invenire,
1527 2053 1563 2088 in
1578 2065 1706 2088 onmes

175 2122 349 2159 personas
370 2109 628 2162 cujuscunque
646 2112 974 2162 praeeminentiae,
993 2113 1218 2150 conditionis
1236 2118 1298 2150 aut
1314 2117 1428 2149 status
1448 2112 1595 2157 suerint,
1610 2124 1705 2161 qnae

175 2167 271 2204 circa
293 2168 493 2218 praemissa
521 2170 726 2220 culpabiles
754 2171 925 2208 inventae
951 2172 1108 2218 suerint,
1129 2171 1539 2215 excommunicationis,
1558 2171 1595 2206 in
1619 2170 1705 2206 uni-

175 2226 361 2264 versitates
380 2240 466 2264 vero
484 2241 548 2265 seu
563 2230 851 2267 communitates
868 2231 1034 2268 locorum
1050 2231 1106 2267 vel
1122 2231 1294 2267 villarum
1309 2229 1493 2267 interdicti
1508 2229 1704 2266 sententias

175 2285 253 2335 ipso
273 2285 368 2322 sacto
387 2286 529 2333 tulerit,
548 2288 702 2325 minime
725 2288 970 2326 absolvendas
993 2289 1134 2340 absque
1159 2288 1333 2325 mandato
1351 2287 1455 2326 Sedis
1474 2287 1704 2337 Apostolicae

174 2341 243 2379 nisi
269 2342 518 2381 laboraverint
543 2344 581 2381 in
607 2346 781 2384 extremis
805 2347 842 2384 in
870 2347 999 2384 mortis
1023 2347 1178 2384 articulo
1201 2346 1440 2391 constitutae,
1461 2359 1527 2382 nos
1553 2359 1704 2396 compa-

211 2482 217 2496 ¹
240 2481 275 2507 Cr
288 2482 327 2508 fut
341 2490 374 2508 au
390 2483 538 2519 printcmps
551 2484 583 2510 dc
599 2484 700 2511 l'annee
716 2484 787 2511 1504
800 2487 897 2520 qu‘unc
911 2485 1000 2512 armce
1014 2486 1144 2512 ssamande
1161 2486 1208 2511 mit
1223 2486 1246 2512 le
1260 2485 1330 2520 sie'ge
1342 2485 1439 2511 devant
1450 2485 1612 2511 morienne.
