2184 3074
749 264 912 302 ‹JODEx
937 265 1182 304 DUNENSlS.
1660 272 1732 309 337

193 386 328 419 tratum
360 381 463 432 quod
497 380 651 432 quidam
684 381 856 418 monachi
889 385 926 418 et
955 383 1140 429 conversi,
1165 382 1374 433 specialiter
1403 389 1525 422 autem
1558 386 1663 432 tales,
1691 387 1728 424 in

192 447 447 493 contemptum
475 442 564 479 dicti
589 442 732 480 ordinis
755 446 791 479 et
814 442 1029 480 scandalum
1054 443 1320 494 plurimorum,
1343 458 1363 481 a
1388 444 1488 482 dicto
1508 448 1731 484 monasterio

191 501 342 552 propria
371 501 562 538 voluntate
593 505 786 546 exeuntes,
813 501 939 552 regula
968 501 1188 552 disciplinae
1213 506 1248 539 et
1277 502 1511 541 obedientiae
1536 504 1727 551 derelicta,

191 561 229 598 in
265 561 497 599 diversorum
534 561 700 598 locorum
737 560 906 611 partibus
941 566 977 598 et
1010 561 1197 599 interdum
1234 562 1273 600 in
1308 563 1473 613 ejusdem
1515 565 1727 603 monasterii

189 619 359 657 curtibus
391 619 590 666 latitantes,
623 618 798 670 ipsosque
833 619 871 656 in
906 617 1092 670 personis¹
1109 625 1144 658 et
1178 621 1287 658 bonis
1322 621 1531 672 inquietent
1559 625 1728 674 gravius,

189 678 341 716 turbent
354 683 389 716 et
402 678 613 725 molestent,
634 692 672 716 se
689 683 855 729 gerentes
875 693 1045 730 perverse
1066 679 1104 717 in
1123 680 1180 717 sui
1205 681 1379 718 creatoris
1404 681 1666 721 contumeliam
1686 698 1727 722 ac

188 749 263 774 non
277 737 467 774 modicum
486 750 638 774 suarum
657 736 897 787 dispendium
911 737 1133 775 animarum.
1148 738 1269 786 Unde,
1285 752 1370 776 cum
1385 753 1431 776 ex
1446 740 1569 778 officio
1586 747 1727 788 nostro,

190 808 237 832 ne
261 795 422 846 religiosi
448 795 517 832 viri
544 795 758 846 vagabundi
784 796 913 833 salutis
943 796 1117 847 propriae
1146 797 1412 835 detrimentum
1442 799 1635 838 incurrant
1664 806 1727 839 aut

188 853 338 905 sanguis
353 867 482 891 eorum
497 853 543 891 de
556 867 712 892 suorum
730 854 943 905 requiratur
960 855 1133 893 manibus
1146 857 1413 906 praelatorum,
1427 871 1446 894 a
1462 863 1587 896 nostra
1602 864 1727 897 tenea-

188 923 274 951 mur
296 926 451 952 censura
475 927 550 964 qua
573 913 750 951 convenit
775 914 997 964 compellere
1018 915 1071 952 sic
1087 908 1272 962 errantes,
1290 921 1332 954 ut
1356 917 1485 954 semita
1507 918 1642 956 erroris
1668 920 1724 956 sui

187 971 360 1009 derelicta
378 971 531 1008 redeant
547 971 594 1008 ad
613 984 724 1009 suum
741 971 912 1009 ordinem
931 973 1144 1010 monasterii
1163 973 1401 1024 disciplinam
1419 979 1455 1012 et
1472 975 1723 1014 obedientiam

186 1030 349 1068 debitam
359 1031 672 1077 servaturi,vobis
687 1031 726 1068 in
740 1031 877 1069 virtute
889 1036 1040 1070 sanctae
1054 1032 1288 1071 obedientiae
1300 1039 1336 1071 et
1353 1034 1424 1072 sub
1439 1048 1558 1085 poena
1572 1048 1725 1087 suspen·

187 1088 302 1126 sionis
323 1089 417 1126 latae
440 1089 643 1127 sententiae
669 1089 707 1126 in
732 1103 814 1136 vos,
833 1090 863 1128 si
889 1090 927 1127 in
952 1091 1170 1129 executione
1193 1093 1396 1142 praesentis
1414 1093 1579 1130 mandati
1604 1094 1724 1144 negli-

185 1152 310 1198 gentes
331 1148 474 1186 fueritis
497 1153 562 1186 aut
586 1148 749 1196 remissi,
776 1149 933 1187 tirmiter
957 1151 1207 1201 praecipimus
1234 1156 1270 1188 et
1295 1151 1516 1189 mandamus
1539 1157 1723 1203 quatenus

186 1206 366 1244 moneatis
395 1207 604 1257 praedictos
639 1203 768 1245 omnes
799 1212 836 1245 et
864 1208 1045 1260 singulos,
1072 1223 1114 1246 ac
1144 1210 1353 1261 specialiter
1377 1210 1496 1248 dictos
1521 1210 1650 1248 fratres
1670 1212 1723 1250 sic

185 1269 366 1312 errantes,
381 1270 424 1303 ut
440 1266 576 1303 erroris
594 1266 652 1303 sui
671 1266 801 1304 semita
819 1267 994 1305 derelicta
1011 1268 1058 1305 ad
1076 1281 1205 1305 eorum
1224 1268 1393 1306 ordinem
1410 1273 1445 1306 et
1457 1270 1720 1308 monasterium

184 1323 335 1360 redeant
348 1328 384 1361 et
400 1325 606 1375 regularem
626 1324 863 1376 disciplinam
882 1330 918 1363 et
933 1326 1186 1364 obedientiam
1203 1327 1410 1364 secundum
1428 1328 1530 1378 quod
1551 1329 1723 1379 congruit

183 1381 259 1420 suis
273 1382 368 1420 votis
387 1382 586 1420 observent
598 1387 634 1420 et
647 1383 694 1421 ab
713 1396 843 1421 eorum
862 1385 1118 1435 superioribus
1139 1385 1405 1436 poenitentiam
1425 1386 1606 1436 recipiant
1621 1386 1722 1423 salu-

184 1444 309 1478 tarem.
329 1441 508 1492 Alioquin
528 1441 627 1492 ipsos
646 1446 784 1479 extunc
801 1443 1131 1481 excommunicetis
1153 1448 1189 1480 et
1209 1444 1551 1482 excommunicatos
1571 1445 1722 1495 publice

185 1499 379 1546 nuntietis,
409 1499 678 1550 praecipientes
713 1499 784 1538 sub
819 1514 938 1552 poena
975 1501 1371 1539 excommunicationis
1409 1515 1455 1538 ne
1489 1502 1574 1552 quis
1602 1502 1722 1554 dictos

184 1557 524 1595 excommunicatos
549 1557 712 1608 hospitio
733 1559 888 1609 recipiat
909 1560 966 1596 vel
988 1572 1142 1610 quoquo
1166 1560 1278 1596 modo
1305 1560 1437 1606 faveat,
1463 1565 1527 1596 aut
1554 1560 1591 1596 in
1613 1565 1720 1611 potu,

184 1614 284 1661 cibo,
303 1615 493 1666 colloquio
523 1629 587 1653 seu
610 1616 737 1667 aliquo
762 1617 835 1654 alio
864 1617 1106 1655 humanitatis
1126 1618 1257 1655 solatio
1281 1618 1419 1656 eisdem
1446 1618 1722 1655 communicare

184 1679 395 1725 praesumat
426 1676 463 1712 in
498 1689 622 1713 errore
658 1675 882 1714 durantibus
917 1677 1142 1728 supradicto.
1174 1677 1330 1728 Insuper
1360 1678 1466 1714 vobis
1502 1677 1721 1715 mandamus

183 1737 367 1784 quatenus
397 1734 426 1771 si
454 1734 506 1771 sic
535 1735 847 1772 excommunicati
880 1735 917 1772 in
951 1749 1016 1773 sua
1044 1736 1184 1773 malitia
1216 1736 1545 1787 perseveraverint,
1575 1749 1642 1773 nec
1675 1737 1720 1773 ad

183 1792 310 1829 matris
324 1792 508 1830 Ecclesiae
527 1793 707 1830 unitatem
727 1793 848 1831 redire
866 1795 1094 1841 curaverint,
1114 1795 1293 1832 moneatis
1311 1795 1483 1832 dominos
1501 1795 1720 1846 temporales

182 1850 253 1887 sub
270 1864 432 1901 quorum
455 1851 624 1889 dominio
642 1853 699 1890 vel
719 1853 890 1890 districtu
916 1853 1132 1904 hujusmodi
1151 1860 1314 1891 errantes
1342 1854 1482 1891 inventi
1505 1854 1659 1898 suerint,
1679 1859 1719 1890 ut

183 1908 282 1960 ipsos
300 1910 449 1960 capiant
468 1915 504 1948 et
521 1925 588 1948 suo
606 1911 732 1949 abbati
752 1912 976 1959 deliberent,
995 1913 1162 1964 alioquin
1182 1913 1282 1963 ipsos
1301 1913 1474 1950 dominos
1497 1913 1716 1964 temporales

182 1968 238 2005 vel
257 1981 385 2006 eorum
405 1970 485 2007 loca
506 1974 671 2008 tenentes
689 1971 1017 2009 excommunicetis
1036 1976 1072 2009 et
1088 1972 1430 2009 excommunicatos
1447 1971 1598 2022 publice
1619 1985 1718 2008 nun-

183 2026 296 2073 tietis,
315 2039 400 2064 cum
422 2027 578 2078 dignum
605 2029 738 2066 existat
758 2034 799 2066 ut
819 2043 914 2080 quos
932 2030 1000 2067 Dei
1021 2029 1133 2067 timor
1150 2043 1169 2066 a
1190 2030 1287 2067 malo
1307 2043 1381 2066 non
1403 2034 1567 2075 revocat,
1588 2030 1716 2067 saltem

182 2085 374 2122 coherceat
386 2086 558 2124 severitas
576 2086 813 2138 disciplinae,
831 2088 936 2125 villas
955 2083 1064 2125 etiam
1087 2101 1151 2125 seu
1172 2088 1250 2125 loca
1273 2088 1310 2124 in
1329 2087 1467 2138 quibus
1483 2087 1536 2124 sic
1554 2094 1716 2125 errantes

181 2144 402 2190 manserint,
428 2145 610 2195 quamdiu
637 2145 688 2183 ibi
716 2146 902 2184 manendo
928 2146 1111 2191 steterint,
1140 2145 1324 2183 interdicti
1352 2145 1554 2182 sententiae
1575 2159 1716 2198 suppo-

182 2202 287 2240 natis.

1518 2432 1567 2469 45
