2184 3074
756 260 918 298 CODEX
945 259 1190 298 DUNENSlS.
1667 263 1740 300 275

197 381 446 433 procedendo.
466 381 518 419 Ne
536 380 620 431 quis
643 384 765 417 autem
785 379 822 415 in
842 379 1054 429 praemissis
1071 392 1137 428 per
1155 378 1402 429 ignorantiam
1427 393 1464 416 se
1486 380 1603 416 valeat
1624 394 1739 425 egeu-

196 453 295 486 sare,
309 440 380 478 sub
395 438 794 478 excommunicationis
809 451 927 489 poena
942 437 1108 474 districte
1122 437 1386 488 praecipiendo
1404 438 1625 476 mandamus
1644 452 1739 490 qua-

196 503 304 536 tenus
326 498 397 536 hoe
415 502 584 535 nostrum
605 496 823 534 mandatum
844 496 882 533 in
902 495 1065 533 eeclesiis
1083 495 1213 533 vestris
1230 501 1266 533 et
1283 496 1365 534 aliis
1383 497 1590 534 seeundum
1612 498 1739 549 requi-

196 558 368 596 sitionem
387 557 514 595 latoris
532 557 698 607 eJ'usdem
718 555 846 607 legatis
863 568 930 606 per
947 567 1012 592 vos
1030 555 1086 592 vel
1107 555 1216 592 aliam
1236 556 1520 594 ecclesiasticam
1540 570 1736 608 personam

195 621 233 655 et
248 617 505 668 sollempniter
522 615 738 667 publicetis,
758 614 931 652 facientes
949 614 1091 651 dictum
1112 614 1370 661 interdictum,
1390 629 1456 666 per
1473 629 1738 667 quemcunque

194 676 348 722 lectum,
362 675 596 727 publicatum
611 675 668 711 vel
682 674 771 711 alias
787 673 1018 711 notificatum
1034 673 1156 720 suerit,
1170 673 1327 712 firmiter
1339 674 1540 721 observari,
1553 675 1735 726 quiequid

195 734 283 772 inde
301 733 459 772 feceritis
478 733 587 771 nobis
604 738 773 785 patenter
790 737 826 770 et
846 733 1006 771 fideliter
1023 733 1274 771 rescribendo.
1294 734 1332 772 Si
1353 734 1438 785 quis
1463 738 1587 772 autern
1610 735 1738 786 requi-

195 793 287 832 situs
305 793 503 844 diligenter
520 805 595 830 non
616 792 742 829 fecerit
759 791 861 842 quod
882 791 1122 837 mandamu8‚
1143 804 1210 828 nos
1233 792 1270 829 in
1293 805 1378 829 eum
1401 797 1437 829 et
1458 793 1530 830 sibi
1550 793 1588 830 in
1607 806 1736 831 omnes

194 852 451 891 executionem
471 852 528 889 vel
547 851 718 889 effectum
738 851 851 901 hujus
870 851 1033 888 mandati
1055 851 1170 888 modo
1189 851 1360 903 quolibet
1386 851 1630 903 impedientes
1657 853 1737 891 sine

194 911 341 958 fraude,
363 911 452 948 dolo
473 911 530 948 vel
547 914 667 948 astuta
687 903 826 947 malitia
847 909 1092 956 retardantes,
1114 914 1178 946 aut
1202 910 1355 948 latorem
1377 924 1440 948 seu
1464 912 1734 962 publicatorem

193 974 258 1007 aut
275 969 544 1007 notificatorem
564 968 682 1019 ipsius
696 968 745 1005 ob
765 968 836 1005 hoe
854 967 1065 1018 aliqualiter
1084 968 1336 1010 molestantes‚
1355 970 1573 1007 auctoritate
1590 971 1734 1008 domini

192 1040 309 1078 papae
333 1040 407 1078 qua
431 1026 636 1077 fungimur,
660 1026 1059 1064 excommunicationis
1095 1028 1316 1064 sententiam
1345 1028 1570 1079 proferimus
1601 1030 1639 1066 in
1665 1029 1735 1067 hiis

190 1087 349 1138 scriptis.
369 1087 506 1130 Datum
525 1086 712 1124 Cameraci
731 1099 831 1123 anno
850 1086 1002 1123 Domini
1034 1086 1086 1123 Μ0
1103 1087 1177 1124 CC⁰
1201 1088 1443 1138 nonagesimo
1460 1090 1595 1140 quinto
1608 1119 1617 1135 ,
1645 1090 1732 1127 seria

190 1146 353 1184 secunda
371 1151 456 1196 post
474 1146 608 1183 festum
629 1145 729 1183 Beati
750 1144 884 1182 Mathei
905 1145 1074 1195 apostoli.

907 1270 1021 1280 4——

866 1424 1039 1462 CLXXV.

257 1539 308 1576 Le
322 1551 416 1589 pape
440 1540 615 1590 Boniface
639 1540 679 1577 V
676 1541 740 1578 m
761 1541 914 1578 aceorde
938 1555 988 1578 au
1006 1544 1065 1579 roi
1087 1543 1131 1579 de
1156 1544 1302 1580 France
1325 1537 1500 1592 Philippo
1525 1543 1556 1579 Ie
1583 1542 1649 1580 Bel

529 1611 600 1635 mee
618 1599 732 1636 annae
750 1600 802 1636 du
820 1613 954 1638 revenu
971 1601 1034 1638 des
1053 1601 1222 1652 be'ne'fices
1241 1607 1399 1638 vacants.

240 1791 444 1839 Johannes‚
464 1797 544 1839 etc.q
577 1793 736 1838 discreto
760 1794 861 1841 vim,
886 1799 952 1831 ete.
980 1795 1136 1832 Litteras
1161 1796 1381 1846 apostolicas
1407 1810 1493 1833 eum
1520 1809 1603 1832 vera
1631 1795 1731 1832 bulla

190 1855 226 1888 et
243 1850 306 1888 filo
324 1851 475 1902 canapis
494 1852 636 1903 integro
658 1866 732 1890 non
756 1853 881 1904 aliqua
906 1855 962 1891 sui
986 1860 1089 1905 parte
1103 1855 1248 1893 vitiatas
1268 1869 1335 1893 nos
1356 1856 1535 1906 recepisse
1555 1854 1731 1891 noveritis

190 1908 262 1946 sub
281 1908 350 1946 hac
374 1909 514 1947 forma:
771 1920 776 1923 ·

237 1967 453 2007 Bonifacius
471 1968 684 2020 episeopus,
711 1983 838 2008 servus
867 1984 1058 2008 servorum
1078 1971 1165 2019 Dei,
1194 1972 1329 2009 dilecto
1360 1972 1437 2008 filio
1463 1971 1639 2021 magistro
1664 1971 1731 2008 Jo-

189 2025 304 2063 hanni
322 2025 369 2062 de
396 2055 549 2064 .....
585 2028 740 2065 salutem
760 2034 796 2066 et
817 2029 1058 2079 apostolicam
1085 2030 1395 2067 benedictionem.
1423 2030 1558 2067 Mei-uit
1586 2030 1730 2067 sincera

189 2083 337 2121 devotio
355 2098 468 2135 quam
484 2085 700 2124 karissimus
720 2087 819 2125 filius
844 2092 969 2125 noster
987 2088 1203 2139 Philippus,
1223 2103 1288 2126 rex
1308 2089 1538 2125 Francorum
1559 2088 1730 2134 illustris„

187 2156 271 2194 erga
294 2143 498 2181 Romanam
518 2145 719 2183 Ecclesiam
740 2147 834 2198 gerit
852 2152 894 2184 ut
917 2160 982 2184 nos
1003 2161 1198 2198 personam
1221 2161 1326 2184 suam
1347 2147 1510 2198 paternis
1534 2147 1730 2197 diligentes

187 2200 379 2239 affectibus
391 2231 399 2246 ‚
419 2203 541 2253 ipsum
559 2204 784 2254 specialibus
801 2206 929 2256 gratiis
947 2211 983 2243 et
1000 2206 1210 2257 praecipuis
1234 2207 1424 2244 favoribus
1443 2219 1727 2257 prosequamur.

188 2259 282 2297 Cum
306 2260 421 2311 igitur
441 2262 636 2299 occasione
659 2264 862 2314 praesentis
889 2278 1044 2315 guerrae
1073 2278 1168 2315 quae
1196 2270 1324 2302 eontra
1351 2265 1523 2302 eumdem
1549 2278 1672 2316 regem
1695 2270 1730 2302 et

187 2331 343 2370 regnum
362 2333 472 2357 suum
492 2326 591 2358 mota
621 2322 842 2369 dinoscitur,
871 2337 957 2361 eum
987 2324 1114 2361 subire
1137 2329 1306 2375 oporteat
1330 2337 1443 2361 onera
1461 2337 1728 2375 expensarum,

186 2381 222 2414 et
246 2390 313 2414 nos
335 2377 492 2429 dignum
524 2383 560 2416 et
588 2380 721 2418 rationi
755 2395 961 2420 consonum
991 2383 1212 2420 arbitrantes
1246 2388 1285 2420 ut
1312 2383 1348 2420 in
1374 2388 1476 2420 tanto
1500 2383 1727 2420 necessitatis

1531 2443 1578 2479 55
