2184 3074
427 353 475 391 56
981 353 1144 391 CODEX
1168 353 1268 391 DUN
1272 352 1333 390 EN
1337 352 1414 390 SlS.

1132 519 1243 556 XXV.

724 627 843 663 Leltre
868 626 1018 663 relative
1044 627 1067 662 ὰ
1094 626 1130 662 la
1157 626 1311 663 de'tresse
1336 626 1380 662 de
1406 625 1444 662 la
1468 625 1636 663 Flandre
1656 629 1676 662 ¹.

473 811 657 859 Quoniam
680 815 884 847 vestrarum
907 809 1001 845 serie
1022 809 1227 845 litterarum
1247 809 1490 859 cognovimus
1508 809 1610 860 quod
1628 823 1673 847 ex
1690 815 1865 848 consueta
1886 824 1961 861 qua

423 882 507 919 erga
535 882 601 905 nos
625 868 776 905 affluitis
798 868 948 918 pietate7
971 880 1040 917 pro
1059 868 1167 904 nobis
1186 868 1271 905 estis
1290 872 1326 904 et
1343 868 1517 905 ecclesiae
1534 873 1681 906 nostrae
1697 872 1794 905 statu
1812 869 1961 906 solliciti

423 927 538 964 nostri
557 927 673 977 gratia
692 931 727 963 et
745 925 953 976 specialiter
971 925 1043 962 hiis
1061 925 1194 962 diebus
1213 926 1341 962 attenti
1357 926 1496 976 quibus
1511 926 1620 963 nobis
1635 926 1816 963 amariora
1831 927 1962 978 propi-

422 990 505 1022 nata
522 991 609 1022 sunt
634 985 786 1035 pocula,
805 984 968 1021 Domino
987 985 1243 1034 permittente,
1265 984 1503 1021 reverendam
1527 985 1783 1034 paternitatem
1803 989 1959 1022 vestram

421 1044 592 1094 cupimus
626 1057 700 1080 non
728 1043 840 1079 latere
861 1042 964 1093 quod
983 1042 1210 1093 propitiante
1230 1043 1420 1079 Altissimo
1444 1043 1523 1079 sani
1551 1056 1680 1079 sumus
1703 1055 1876 1093 corpore,
1894 1042 1958 1080 sed

420 1107 542 1140 mente
567 1103 735 1139 concussi
760 1107 795 1138 et
817 1102 942 1138 animo
967 1103 1190 1139 consternati
1219 1115 1286 1152 pro
1311 1102 1505 1139 eventibus
1524 1101 1736 1139 infelicibus
1755 1101 1820 1152 qui
1840 1106 1959 1139 terrae

419 1161 615 1198 Flandriae
646 1161 882 1211 contigerunt
912 1164 948 1196 et
978 1160 1086 1197 bonis
1114 1160 1249 1197 nostris
1273 1174 1340 1210 per
1363 1160 1577 1197 Zelandiam
1603 1159 1828 1203 constitutis,
1855 1160 1958 1198 unde

419 1221 565 1257 nullum
585 1233 732 1270 sperare
748 1232 965 1256 succursum
985 1219 1167 1269 permittit
1188 1223 1367 1255 terrarum
1387 1218 1591 1264 discordia,
1610 1231 1678 1255 nec
1697 1231 1868 1256 securum
1889 1218 1957 1255 ha-

418 1279 504 1316 bere
521 1278 567 1314 ad
580 1278 713 1314 >eadem
733 1281 990 1314 commeatum.
1011 1277 1057 1314 Et
1074 1277 1159 1313 licet
1177 1282 1336 1313 mentem
1358 1281 1520 1313 nostram
1545 1281 1581 1313 et
1598 1289 1662 1313 cor
1679 1281 1847 1313 nostrum
1871 1289 1956 1327 gra-

417 1337 512 1373 viter
537 1341 720 1387 occupent
748 1336 958 1386 supradicta
989 1336 1175 1385 graviora,
1205 1340 1326 1372 tamen
1354 1335 1493 1371 doloris
1527 1335 1796 1372 conturbamur
1827 1335 1956 1372 aculeo

417 1395 518 1446 quod
533 1408 598 1432 vos
611 1399 646 1431 et
660 1395 863 1441 ecclesiam,
878 1395 1116 1431 reverendam
1132 1399 1168 1431 et
1181 1395 1412 1431 karissimam
1428 1398 1581 1431 matrem
1598 1394 1827 1440 nostramJad
1841 1407 1952 1445 quam

418 1458 541 1491 nostra
560 1454 752 1490 deficiente
771 1453 879 1490 nobis
898 1453 1018 1489 suerat
1035 1453 1271 1502 singulariter
1290 1452 1556 1489 recurrendum
1569 1481 1578 1498 ‚
1603 1452 1718 1503 affligi
1743 1452 1839 1489 ultra
1857 1453 1954 1490 vires

416 1513 684 1558 intelleximus,
715 1516 750 1548 et
779 1512 828 1548 ob
859 1511 1010 1548 hostiles
1040 1511 1105 1561 qui
1138 1511 1317 1547 timentur
1346 1510 1518 1547 incursus
1545 1509 1750 1559 majoribus
1777 1510 1954 1560 periculis

416 1571 625 1620 subjacere,
650 1571 696 1607 de
719 1583 794 1620 quo
821 1570 873 1606 nil
894 1574 1030 1606 restare
1053 1569 1222 1605 videmus
1246 1568 1316 1605 nisi
1340 1568 1458 1619 quod,
1482 1568 1535 1605 sic
1552 1568 1749 1605 ordinante
1771 1569 1952 1614 Domino,

415 1644 502 1668 suae
528 1631 709 1667 voluntati
736 1629 951 1666 benedictae
977 1629 1252 1666 conformemus
1278 1633 1314 1665 et
1336 1632 1515 1674 nostram,
1543 1628 1582 1665 in
1613 1641 1656 1664 eo
1689 1629 1952 1666 consolationis

414 1689 620 1726 remedium
640 1693 866 1726 resumentes
885 1689 950 1739 qui
970 1692 1053 1738 post
1075 1692 1328 1738 tempestatem
1357 1687 1600 1737 tranquillum
1621 1687 1707 1724 facit
1725 1691 1761 1723 et
1777 1692 1860 1737 post
1878 1700 1954 1743 nu7

414 1748 533 1786 hilum
552 1748 615 1784 dat
631 1761 814 1785 serenum.

1126 1822 1241 1831 ..⁴00—

1115 1943 1245 1981 XXVl.

873 2062 905 2098 T
903 2066 1078 2098 estament
1102 2049 1259 2109 d'Eyide
1284 2059 1327 2095 de
1351 2059 1487 2095 Beerse.

459 2261 536 2310 Ego
562 2259 735 2309 magister
761 2258 915 2309 Egidius
947 2257 993 2294 de
1023 2257 1147 2303 Berst‚
1179 2255 1332 2306 cupiens
1358 2254 1404 2291 de
1430 2253 1539 2291 honis
1565 2253 1658 2290 meis
1682 2252 1798 2290 michi
1823 2266 1843 2289 a
1867 2252 1947 2290 Deo

410 2319 552 2357 collatis
572 2319 689 2354 facere
708 2322 743 2354 et
760 2317 933 2354 ordinare
950 2316 1051 2366 quod
1068 2315 1114 2352 ad
1133 2315 1250 2365 ipsius
1269 2313 1468 2364 praecipue
1490 2311 1596 2348 cedat
1615 2311 1795 2348 honorem
1813 2315 1849 2347 et
1864 2311 1946 2360 glo-

447 2439 455 2454 ¹
478 2438 514 2463 La
529 2437 590 2463 date
609 2437 642 2462 de
660 2445 689 2463 ce
708 2437 851 2470 document
870 2438 938 2462 n’est
953 2444 1000 2470 pas
1016 2434 1150 2469 indiquec.
1201 2435 1226 2460 la
1236 2433 1354 2460 zelando
1365 2432 1406 2458 sut
1416 2432 1441 2457 le
1452 2430 1569 2462 theani-e,
1581 2430 1634 2456 soit
1647 2430 1701 2455 lors
1712 2429 1780 2455 dela
1792 2428 1900 2454 bataille
1911 2429 1944 2454 de

407 2485 448 2512 On
464 2487 530 2519 peut
542 2492 559 2518 y
580 2487 689 2510 trouver
705 2484 729 2509 la
748 2487 819 2509 tracc
835 2482 880 2508 des
900 2481 1069 2508 eve'nements
1086 2481 1152 2507 dont
1201 2478 1407 2513 West-Capelle‚
1418 2474 1573 2503 soitlorsde
1584 2475 1608 2501 la
1619 2474 1729 2500 bataille
1738 2473 1771 2500 de
1781 2473 1942 2499 Zierickzcc.
