2184 3074
449 322 523 360 492
1002 319 1162 357 CODEX
1190 321 1436 360 DUNENSIS.

1120 496 1335 536 CCCXLVI.

458 613 578 649 Lettre
595 612 638 648 de
656 612 892 659 Guillaume,
912 614 1041 664 aveque
1058 613 1269 660 d'Amiens,
1283 615 1478 652 eoedcuteur
1495 615 1547 653 du
1567 616 1814 654 testamentde
1835 616 1992 668 l'dveque

1080 672 1124 710 de
1146 674 1373 711 Te'rouanne.

512 863 699 902 Universis
722 866 955 905 debitoribus
988 869 1180 906 reverendi
1211 869 1326 920 patris
1357 869 1549 920 quondam
1581 869 1803 908 Morinensis
1829 870 1993 922 episcopi

464 921 696 971 Guillelmus,
711 925 946 963 miseratione
964 927 1091 965 divina
1104 928 1365 966 Ambianensis
1378 929 1586 980 episcopus,
1600 933 1776 967 executor
1787 929 1997 967 testamenti

462 982 655 1018 reverendi
674 983 789 1033 patris
808 985 1006 1035 praedicti,
1025 999 1099 1023 una
1120 999 1205 1024 cum
1230 986 1293 1023 tali
1313 987 1465 1033 abbate,
1489 987 1717 1038 caeterisque
1736 987 1996 1026 executoribus

464 1038 501 1074 in
520 1039 620 1077 dicto
638 1045 856 1080 testamento
879 1045 1097 1092 nominatis,
1120 1046 1274 1083 salutem
1296 1045 1334 1082 in
1352 1046 1527 1084 Domino.

509 1099 564 1136 De
580 1101 770 1139 voluntate
787 1107 824 1140 et
840 1104 1014 1142 mandato
1032 1109 1272 1142 executorum
1298 1110 1512 1144 nostrorum
1529 1106 1806 1157 praedictorum
1825 1119 1892 1144 vos
1915 1119 1995 1144 mo-

461 1170 591 1196 nemus
613 1163 648 1196 et
675 1161 901 1211 requirimus
923 1163 1100 1213 quatinus
1123 1164 1184 1200 die
1213 1163 1403 1201 dominica
1427 1169 1513 1215 post
1541 1164 1675 1202 festum
1702 1164 1876 1215 proximo
1901 1176 1997 1201 ven-2

459 1220 584 1253 turum
599 1218 699 1268 apud
716 1219 825 1256 talem
840 1221 963 1258 locum
979 1234 1103 1259 coram
1118 1222 1228 1259 nobis
1242 1227 1278 1259 et
1290 1224 1443 1260 caeteris
1456 1222 1722 1260 executoribus
1735 1223 1995 1274 compareatis,

458 1275 678 1313 satisfacturi
701 1277 747 1314 de
766 1278 903 1316 debitis
922 1279 960 1316 in
975 1280 1114 1330 quibus
1132 1280 1292 1332 quilibet
1315 1285 1481 1318 vestrum
1505 1293 1573 1331 per
1589 1294 1674 1318 suas
1695 1281 1837 1319 litteras
1852 1281 1908 1318 vel
1922 1280 1998 1319 alio'

459 1333 572 1371 modo
586 1340 641 1372 est
658 1335 758 1373 dicto
778 1337 954 1375 defuncto
970 1339 1171 1390 obligatus,
1189 1343 1226 1376 et
1242 1339 1465 1376 satisfacturi
1484 1339 1593 1377 nobis
1611 1352 1680 1390 pro
1698 1339 1799 1376 dicto
1819 1339 1996 1376 defuncto

461 1398 643 1442 quantum
662 1396 856 1446 apparebit
872 1410 937 1434 vos
955 1397 1118 1448 legitime
1136 1398 1264 1443 teneri,
1278 1398 1332 1435 sic
1343 1410 1409 1435 vos
1424 1397 1602 1435 babentes
1617 1402 1658 1434 ut
1673 1397 1719 1434 de
1732 1397 1943 1434 voluntaria
1961 1401 1998 1434 et

461 1458 633 1503 prompta
649 1454 907 1492 ‘satisfactione
927 1455 1077 1506 possitis
1107 1469 1127 1493 a
1158 1456 1266 1493 nobis
1293 1456 1425 1493 merito
1453 1455 1707 1493 commendari
1734 1460 1771 1493 et
1795 1456 1899 1506 quod
1928 1460 1997 1493 nos'

462 1515 589 1548 contra
615 1525 680 1550 vos
704 1513 811 1550 aliter
833 1514 1034 1564 procedere
1058 1514 1213 1551 minime
1236 1514 1521 1565 compellamur,
1548 1514 1658 1552 nobis
1688 1527 1801 1565 super
1830 1514 1903 1552 hoc
1931 1527 1999 1565 per

462 1570 570 1607 talem
595 1572 819 1623 armigerum
847 1578 1017 1611 nostrum
1044 1574 1198 1611 latorem
1221 1573 1472 1625 praesentium
1499 1578 1638 1611 vestras
1666 1577 1832 1624 patentes
1860 1573 1998 1610 litteras

461 1630 626 1667 mandati
654 1632 769 1669 nostri
795 1645 815 1668 a
840 1632 948 1669 vobis
970 1636 1006 1669 et
1027 1632 1196 1682 quolibet
1220 1636 1386 1669 vestrum
1405 1631 1543 1682 recepti
1563 1631 1823 1668 certitudinem
1846 1635 1883 1668 et
1905 1630 1999 1682 quid

463 1690 582 1726 facere
599 1689 809 1736 volueritis,
829 1690 988 1727 fideliter
1008 1690 1220 1741 dirigentes.
1235 1690 1371 1727 Datum
1383 1719 1392 1735 ,
1407 1693 1474 1726 etc.

1194 1814 1287 1824 ⁷⁴0·—

1124 1949 1343 1988 CCCXLVll
1349 1980 1355 1986 .

469 2070 662 2118 Differend
680 2076 779 2107 entre
798 2068 967 2106 l’abbesse
997 2067 1041 2105 de
1065 2066 1343 2117 Ravensberyhe
1368 2072 1402 2103 et
1423 2067 1534 2111 Jean,
1559 2065 1613 2103 dit
1636 2064 1814 2110 Rikelcat,
1834 2078 1884 2102 au
1909 2046 2006 2115 sujet

445 2118 451 2125 ’
1054 2126 1165 2163 d’une
1181 2124 1412 2175 chapellenie.

521 2321 708 2358 Universis
739 2326 949 2372 praesentes
979 2321 1118 2358 litteras
1149 2321 1372 2370 inspecturis
1407 2332 1513 2357 soror
1541 2319 1587 2356 M.
1619 2318 1718 2355 dicta
1747 2316 1932 2354 abbatissa
1959 2315 2006 2352 de

472 2379 773 2430 Ravensberghe,
805 2384 979 2431 totusque
1009 2380 1176 2430 ejusdem
1205 2380 1276 2417 loci
1312 2384 1533 2426 conventus,
1559 2377 1811 2417 Cisterciensis
1841 2375 2001 2421 ordinis,

472 2437 691 2475 Morinensis
709 2438 923 2489 dyochesis,
942 2439 1096 2476 salutem
1118 2439 1157 2476 in
1176 2439 1337 2476 Domino
1357 2438 1630 2490 sempiternam.
