2184 3074
505 351 577 389 502
742 342 748 346 ’
1056 349 1218 386 conEx
1242 331 1501 388 DUNENfflSJ

506 467 756 505 amaricantur
768 466 982 510 intrinseca,
995 465 1145 516 gravius
1163 464 1302 501 doloris
1321 466 1564 502 concussione
1579 470 1798 517 torquemur
1810 468 1898 506 etin
1912 482 2039 508 amaro

505 525 666 577 suspirio
680 536 970 568 commovemur,
983 524 1078 573 regi,
1097 535 1228 572 regno,
1243 523 1341 559 clero
1356 524 1622 573 compatientes
1636 529 1672 562 et
1686 526 1827 576 populo
1845 526 2038 567 affectione

506 588 666 634 paterna.
686 581 718 619 O
736 581 863 618 divina
881 581 1074 618 clementia
1092 581 1157 631 qui
1177 581 1346 617 coelestia
1364 581 1502 631 pariter
1519 586 1554 619 et
1572 585 1717 620 terrena
1737 583 2039 635 irrefragabiliter

506 641 575 679 sub
602 646 664 677 tua
691 643 869 691 potestate
894 639 1102 685 concludis,
1122 639 1332 690 constringe
1359 643 1545 677 tantarum
1572 641 1740 679 fremitus
1758 646 2038 693 tempestatum,

505 713 673 738 coarcere
693 699 855 736 habenas
876 698 1029 735 humani
1048 690 1209 748 generis,
1229 698 1327 748 igne,
1346 711 1445 744 aere,
1465 703 1542 736 sata
1559 699 1639 749 ejus
1656 700 1797 738 semina
1810 701 1922 751 jube,
1940 716 2037 754 quae

506 765 623 797 totum
649 760 725 795 sere
741 758 923 809 populum
950 762 1055 794 tuum
1081 757 1198 808 spinis
1224 762 1259 794 et
1283 757 1432 795 tribulis
1457 758 1534 808 jam
1563 759 1731 810 undmue
1756 767 2036 800 concusserunt.

505 818 536 855 Ο
561 817 707 868 pietatis
733 821 835 854 actor
856 821 892 853 et
913 815 1042 853 salutis
1068 816 1226 853 amator!
1255 820 1465 867 compatere
1493 817 1679 868 fragilitati
1702 817 1896 863 ‚humanae
1925 819 2039 858 mise-

505 877 619 913 ricors
645 879 681 912 et
707 875 913 911 incolarum
941 879 1088 911 tuarum
1117 874 1287 911 illumina
1313 887 1459 919 sensus,
1479 874 1598 926 dirige
1621 880 1725 913 actus
1750 881 1787 914 et
1807 890 1918 928 opera
1935 879 2036 916 utin

490 934 600 971 'viam
618 933 746 970 salutis
765 937 801 970 et
818 932 918 983 pacis
942 931 1170 970 reducantur
1186 946 1208 969 a
1225 932 1350 978 devio,
1368 946 1416 970 ne
1433 933 1665 984 irreparabili
1683 935 1927 973 subversione
1944 948 2036 974 con—

504 992 607 1030 fracti
630 992 670 1029 in
688 991 905 1041 hujusmodi
923 991 1055 1028 mundi
1075 991 1246 1028 navicula
1265 993 1484 1043 naufragent
1501 992 1680 1030 fluctuati.
1706 993 1827 1045 Super
1852 1007 1896 1032 eo
1913 999 2038 1033 autem

503 1051 604 1101 quod
628 1063 693 1087 vos
711 1049 836 1101 gravia
856 1049 963 1087 vobis
982 1054 1017 1086 et
1034 1049 1217 1087 universis
1235 1050 1398 1087 ecclesiis
1424 1055 1460 1087 et
1483 1051 1652 1101 personis
1669 1051 1926 1090 ecclesiasticis
1944 1053 2036 1091 dieti

502 1108 603 1159 regni
625 1122 699 1145 non
713 1109 834 1145 solum
849 1121 973 1145 rerum
990 1107 1056 1145 sed
1074 1108 1183 1145 etiam
1203 1121 1448 1159 personarum
1466 1122 1512 1145 ex
1530 1108 1604 1146 hiis
1622 1109 1758 1146 instare
1776 1110 1941 1160 pericula
1955 1111 2040 1149 for-

503 1167 699 1212 midando,
729 1166 806 1203 vias
831 1166 1068 1216 exquirentes
1087 1170 1123 1203 et
1144 1166 1275 1203 modos
1296 1166 1436 1217 quibus
1462 1166 1569 1204 vobis
1595 1171 1632 1204 et
1654 1167 1793 1204 eisdem
1821 1168 1986 1207 ecclesiis
2002 1174 2040 1208 et

502 1225 668 1275 personis
693 1224 868 1262 adversus
889 1225 1085 1261 frementes
1108 1224 1267 1262 insultus
1289 1225 1402 1275 regali
1426 1225 1676 1276 providentia,
1701 1225 1781 1263 sine
1799 1239 1873 1277 qua
1897 1226 2040 1277 impos·

502 1284 610 1320 sibile
626 1283 756 1320 tenetis
771 1282 987 1333 hujusmodi
1003 1283 1148 1333 negotia
1163 1283 1293 1334 dirigi,
1309 1283 1536 1321 defensionis
1553 1288 1738 1335 oportuna
1752 1284 1916 1322 remedia
1931 1298 2041 1336 prae—

500 1348 693 1393 parentur,
707 1342 891 1393 nobisque
906 1355 972 1392 per
985 1342 1131 1379 easdem
1146 1342 1285 1379 litteras
1303 1342 1539 1393 supplicastis
1558 1347 1600 1380 ut
1618 1343 1815 1381 karissimo
1830 1343 1870 1380 in
1889 1343 2038 1382 Clu-into

499 1402 577 1438 filio
596 1407 722 1439 nostro
746 1401 942 1452 Philippo,
965 1401 1040 1452 regi
1068 1401 1297 1438 Francorum
1323 1401 1477 1448 illustri,
1495 1415 1564 1452 pro
1586 1402 1803 1452 hujusmodi
1822 1397 2034 1441 communiis

499 1460 725 1497 defensionis
743 1459 918 1510 suffragio
933 1459 971 1496 in
990 1473 1064 1511 qua
1079 1460 1273 1510 proprium
1288 1464 1456 1498 versatur
1474 1460 1648 1497 interesse
1661 1459 1873 1509 cujuslibet,
1888 1460 2035 1511 impen-

499 1519 610 1555 dendi
629 1519 914 1556 subventionem
945 1531 1147 1568 congruam
1174 1518 1316 1570 absque
1343 1518 1634 1569 transgressione
1650 1518 1927 1557 constitutionis
1945 1531 2036 1558 nos-

499 1583 574 1615 trae
592 1591 703 1628 super
724 1578 794 1615 hoc
822 1577 957 1623 editae,
977 1578 1083 1615 vobis
1111 1581 1147 1614 et
1175 1578 1359 1615 universis
1389 1577 1552 1615 eeclesiis
1581 1577 1672 1614 dicti
1699 1578 1803 1628 regni
1832 1578 2037 1616 concedere

500 1636 684 1673 licentiam
709 1636 960 1686 dignaremur.
990 1637 1155 1674 Vestram
1177 1637 1450 1687 providentiam
1478 1636 1796 1674 commendamus.
1816 1636 1920 1674 Licet
1936 1637 2036 1675 enim

499 1695 802 1732 constitutionem
821 1695 923 1732 illam
941 1695 1168 1733 ediderimus
1187 1690 1518 1747 pro'eeclesiastica
1537 1695 1706 1733 libertate
1725 1708 1801 1732 non
1824 1700 1947 1733 tamen
1966 1697 2039 1734 fuit

501 1758 645 1790 nostrae
671 1754 806 1791 mentis
826 1753 982 1791 intentio
1006 1754 1076 1805 ipsi
1103 1755 1196 1805 regi,
1224 1755 1352 1792 aliisve
1369 1754 1605 1806 principibus
1630 1754 1861 1792 secularibus
1888 1755 1927 1792 in
1955 1751 2035 1792 'tam

498 1817 617 1848 arctae
637 1813 862 1850 necessitatis
882 1813 1055 1859 articulo,
1074 1813 1273 1864 praecipue
1290 1813 1356 1851 ubi
1376 1813 1424 1851 ab
1442 1813 1672 1851 extrinsecus
1687 1812 1824 1862 injusta
1842 1813 2037 1851 timeretur

498 1870 639 1907 invasio
667 1875 702 1906 et
728 1870 774 1907 ab
798 1871 1020 1908 intrinsecus
1047 1871 1213 1921 ejusdem
1246 1871 1348 1921 regni
1374 1871 1569 1909 subversio
1596 1870 1832 1916 formidatur,
1855 1884 1898 1908 ac
1923 1871 2035 1909 etiam

498 1929 747 1978 praelatorum
759 1933 795 1965 et
809 1930 1139 1967 ecclesiasticarum
1151 1943 1394 1981 personarum
1409 1930 1576 1980 ejusdem
1588 1929 1797 1981 periculum
1813 1929 2034 1976 immineret,

498 1987 594 2024 viam
614 1988 870 2026 subventionis
888 1989 1079 2035 concludi,
1098 1989 1302 2039 quominus
1320 1989 1390 2040 ipsi
1405 1989 1558 2040 praelati
1581 1988 1756 2026 ecclesiae
1777 2001 1820 2024 ae
1841 1987 2035 2026 ecclesias-

497 2046 588 2082 ticae
604 2059 783 2096 personae
802 2046 920 2084 libero
938 2047 1094 2085 arbitrio
1109 2053 1220 2099 atque
1238 2053 1370 2099 sponte
1378 2049 1424 2085 de
1440 2052 1565 2085 nostra
1585 2046 1733 2084 licentia
1746 2046 1849 2097 quod
1864 2059 2036 2084 commu—

497 2104 553 2141 nis
571 2104 798 2142 defensionis
817 2106 956 2142 auxilio
974 2098 1014 2143 in
1042 2120 1118 2156 quo
1146 2107 1340 2158 proprium
1365 2107 1566 2157 cujuslibet
1592 2106 1767 2143 interesse
1792 2105 2034 2155 conspicitur,

496 2163 731 2213 principibus
750 2164 872 2201 acsibi
892 2164 981 2215 ipsis
1001 2165 1222 2215 provideant
1235 2165 1343 2216 juxta
1362 2179 1514 2203 suarum
1530 2165 1727 2202 modulum
1740 2164 1957 2201 facultatum
1969 2193 1979 2211 ,
1997 2169 2035 2202 et

495 2222 591 2258 sicut
609 2221 698 2258 alias
717 2222 816 2259 dicto
835 2223 909 2273 regi
931 2236 972 2259 ac
998 2224 1190 2261 nonnullis
1209 2224 1290 2261 aliis
1308 2224 1411 2275 regni
1433 2224 1584 2261 suitam
1605 2222 1818 2261 liberatorie
1835 2235 1949 2274 quam
1967 2235 2036 2273 per

495 2280 645 2316 nuntios
664 2281 886 2331 expressisse
904 2282 1126 2320 invenimus.
1142 2283 1197 2329 Si,
1212 2284 1314 2334 quod
1330 2284 1430 2321 Deus
1445 2287 1603 2328 avertat,
1622 2283 1747 2333 ipsum
1764 2282 1801 2318 in
1818 2281 2036 2319 necessitate

492 2343 565 2374 tam
579 2338 680 2388 gravi
697 2344 732 2375 et
750 2344 823 2376 tam
845 2340 1073 2391 importabili
1098 2342 1396 2392 conspiceremus
1417 2341 1628 2392 expositum
1653 2340 1756 2391 quod
1783 2339 2032 2378 exterioribus

492 2409 620 2446 cogere
639 2397 815 2435 subsidiis
836 2403 1060 2446 nosceretur,
1088 2413 1164 2437 non
1190 2401 1313 2438 solum
1331 2400 1378 2437 de
1404 2401 1514 2438 bonis
1543 2398 1798 2437 ecclesiasticis
1817 2397 1907 2435 dicti
1926 2398 2030 2449 regni

492 2454 547 2490 sui
567 2454 637 2491 sibi
656 2468 696 2491 ea
712 2457 887 2505 praestari
906 2457 1102 2504 vellemus,
1121 2458 1293 2508 quinimo
1309 2459 1494 2497 Ecclesiae
1509 2459 1699 2496 Romanae
1717 2470 1775 2494 res
1785 2485 1801 2504 ,A
1813 2468 1936 2507 posse,
1955 2469 2033 2494 esse
