2184 3074
751 299 914 338 CODEX
939 298 1183 337 DUNENSIS.
1660 300 1732 337 229

196 419 437 464 constitutus,
465 418 502 455 in
530 419 609 468 ejus
635 417 782 455 assidua
808 417 1040 467 subjectione
1069 421 1105 453 et
1129 415 1254 452 debita
1282 415 1484 452 reverentia
1515 415 1672 453 firmiter
1697 421 1733 453 et

195 476 387 515 humiliter
404 489 656 527 perseverans.¹
676 476 727 513 nil
746 475 858 526 gessit
874 475 1022 526 penitus
1042 478 1169 511 contra
1188 487 1273 510 eum
1289 473 1391 524 quod
1402 474 1503 523 juste
1517 474 1634 525 ipsius
1648 475 1730 511 ani-

195 548 298 572 mum
316 535 373 572 vel
391 534 647 585 quorumlibet
663 534 821 571 aliorum
849 538 946 570 recte
969 533 1193 570 intuentium
1223 536 1366 583 poterat
1388 545 1640 578 commovere7
1663 546 1731 570 nec

195 594 241 630 de
266 593 478 643 aliquorum
503 605 590 631 suae
616 591 861 643 promotionis
887 596 1053 642 tempore
1079 591 1248 634 vehante
1281 603 1438 627 numero
1466 590 1537 627 suit
1562 603 1729 641 unquam

194 652 251 689 vel
277 650 484 695 consortio,
505 664 572 688 nec
596 651 669 688 illis
695 650 802 688 tacite
824 651 881 687 vel
908 662 1080 700 expresse
1102 649 1270 686 noscitur
1287 648 1517 686 consensisse
1540 648 1605 699 qui
1628 648 1728 686 dicto

193 709 464 760 praedecessori
487 723 556 748 suo
580 714 707 748 contra
732 709 875 747 ordinis
894 710 1121 746 honestatem
1147 721 1185 745 se
1203 707 1387 744 duxerant
1404 707 1647 758 opponendos
1666 713 1730 745 aut

193 768 396 806 contrarios
411 768 645 819 aliquatenus
658 768 906 814 exbibendos3
923 768 1038 805 immo
1054 766 1283 804 indubitatae
1299 766 1384 803 fidei
1401 765 1561 816 puritate
1574 779 1616 802 ac
1631 766 1730 804 inde-

193 826 308 864 fessae
326 826 535 864 devotionis
559 826 740 877 obsequio
763 839 910 877 semper
933 825 1052 862 eidem
1079 838 1118 862 se
1144 824 1307 861 reddidit
1325 825 1442 874 gratia
1465 837 1530 862 sua
1553 824 1728 875 dignum,

191 889 227 921 et
257 898 390 935 puram
420 884 560 922 habens
591 885 823 922 affectionem
854 884 900 921 ad
931 896 1017 926 eum
1045 883 1217 920 inventus
1245 883 1316 920 suit
1348 883 1470 933 ipsum
1505 883 1727 934 propensius

191 943 364 981 dilexisse
381 947 418 980 et
435 943 688 989 condoluisse,
708 943 737 981 si
757 942 850 993 quid
869 955 957 979 suae
977 942 1158 979 honestati
1178 946 1214 978 et
1232 941 1302 991 piis
1321 941 1400 991 ejus
1418 942 1514 978 votis
1531 942 1724 979 dissonum

186 1001 424 1047 occurrebat,
443 1000 759 1051 quemadmodum
779 1001 817 1038 in
832 1014 897 1038 sua
912 1000 1090 1037 electione
1106 1005 1142 1037 et
1155 1000 1368 1037 monasterii
1384 1000 1499 1037 nostri
1516 1000 1726 1037 visitatione

190 1071 257 1109 per
273 1059 516 1109 reverendum
543 1064 684 1110 patrem
711 1054 906 1097 dominum
925 1060 1096 1097 abbatem
1116 1059 1162 1096 ‹le
1180 1060 1311 1097 Dunis.
1331 1059 1578 1096 venerabilem
1611 1060 1724 1097 nostri

189 1117 402 1154 monasterii
432 1122 571 1167 patrem
599 1117 787 1163 abbatem,
815 1118 983 1168 diligenti
1008 1118 1289 1167 investigatione
1309 1118 1528 1167 praemissa.
1553 1131 1727 1168 praescn-

189 1173 288 1211 tibus
313 1175 590 1212 venerabilibus
619 1176 788 1226 patribus
813 1176 859 1213 ‹le
892 1176 1017 1213 Laude
1048 1181 1083 1212 et
1109 1176 1155 1211 do
1183 1176 1318 1212 Bodelo
1342 1176 1559 1221 abbatibus7
1579 1177 1724 1226 plenius

187 1236 241 1270 est
257 1239 456 1284 repertum.

906 1311 993 1319 Vq-..

880 1452 1035 1491 CXLIV.

284 1569 405 1606 Lettre
424 1569 573 1607 relative
592 1571 614 1606 (ὶ
632 1571 789 1607 certains
806 1571 925 1620 freres
942 1584 1091 1608 convers
1113 1573 1179 1622 qui
1200 1572 1404 1621 rependent
1427 1573 1458 1610 le
1483 1572 1621 1610 trouble

557 1624 565 1638 ⁸
650 1627 746 1665 (lans
766 1627 797 1665 le
816 1630 1018 1665 monastero
1036 1629 1080 1666 cle
1102 1629 1261 1667 Tkosan.

231 1821 324 1858 Cum
345 1834 464 1871 nuper
483 1821 670 1858 visitantes
685 1821 798 1858 liliam
819 1827 981 1860 nostram
1001 1823 1191 1860 ecclesiam
1210 1823 1257 1860 de
1274 1823 1422 1860 'rhosan
1440 1823 1660 1863 duceremus
1680 1827 1717 1862 in

181 1879 314 1930 spiritu
338 1879 498 1916 lenitatis
521 1885 556 1916 et
581 1880 820 1930 benignitatis
846 1881 972 1918 animo
1001 1881 1126 1918 omnia
1155 1886 1394 1931 pertractate,
1416 1882 1600 1931 quosdam
1626 1896 1718 1919 con-

180 1950 306 1975 versos
323 1937 443 1974 dictae
458 1937 631 1974 ecclesiae
646 1938 848 1975 nescientes
868 1939 906 1975 in
922 1938 1061 1976 semitis
1075 1938 1242 1988 justitiae
1256 1943 1292 1975 et
1307 1939 1541 1975 obedientiae
1557 1939 1717 1989 dirigere

180 2009 267 2034 suos
289 2008 453 2046 gressus,
477 2001 653 2046 tanquam
679 1996 873 2047 pestiferos
899 2002 935 2034 et
963 1997 1114 2034 nocivos
1141 1997 1351 2034 invenimus
1377 1997 1414 2033 in
1441 1997 1540 2034 dicta
1563 1998 1715 2036 ecclesia

179 2053 349 2092 scismata
367 2058 403 2092 et
417 2053 622 2092 discordias
636 2055 816 2105 plurimas
837 2056 1080 2093 commovisse
1098 2069 1140 2093 ac
1157 2055 1448 2106 praesumpsisse
1466 2068 1540 2092 non
1561 2056 1714 2094 minima

179 2112 361 2150 honestati
379 2117 414 2148 et
432 2113 601 2163 religioni
620 2114 804 2151 contraria
822 2118 858 2151 et
875 2115 988 2151 sacris
1005 2127 1047 2150 ac
1066 2114 1180 2150 nostri
1199 2113 1342 2150 ordinis
1362 2125 1436 2149 non
1456 2114 1713 2151 convenientia

179 2170 372 2216 institutis,
397 2183 492 2220 quos
523 2172 569 2208 ad
602 2185 666 2209 cor
691 2172 867 2209 reducere
898 2172 982 2209 licet
1006 2172 1148 2209 diutius
1175 2176 1403 2221 exspectatos
1428 2171 1582 2208 minime
1608 2177 1714 2222 pote-

178 2241 322 2274 ramus3
355 2232 391 2264 et
423 2228 511 2278 quia
537 2230 704 2280 expergit
733 2230 917 2267 dictorum
953 2242 1216 2267 conversorum
1249 2229 1432 2279 protervia
1473 2234 1515 2265 ut
1541 2229 1573 2265 ei
1605 2231 1713 2268 celeri

178 2287 342 2324 remedio
367 2286 554 2333 obvietur,
579 2289 776 2339 praecipue
803 2303 848 2325 ne
875 2290 1040 2339 ipsorum
1069 2288 1206 2325 malitia
1236 2287 1400 2324 inveniat
1424 2300 1652 2325 successores
1679 2295 1714 2326 et

179 2350 348 2397 prompte
376 2346 674 2395 transgressionis
696 2347 886 2397 exemplar
912 2347 1071 2383 retrabat
1097 2346 1188 2383 alios
1215 2346 1262 2382 ab
1290 2345 1443 2390 oll'ensa⁷
1470 2347 1710 2384 reverentiam

178 2408 335 2441 vestram
360 2403 549 2440 humiliter
574 2405 815 2454 imploramus
838 2411 1021 2455 ‹piati-nus
1038 2405 1222 2442 ‹lit-torum
1245 2404 1491 2453 malignorum
1511 2404 1617 2441 vobis
1637 2419 1709 2443 non
