2184 3074
443 388 490 426 96
679 388 683 392 ”
991 383 1154 422 CODEX
1180 381 1422 421 DUNENSIS.

1151 556 1292 594 LXVII.

501 677 620 713 Letcre
636 675 680 712 de
697 674 849 724 leveque
866 673 909 710 de
927 674 1022 710 Melz
1041 676 1048 692 ⁸
1068 685 1138 710 sur
1155 672 1204 709 les
1221 683 1365 709 secours
1384 671 1407 708 ἀ
1424 670 1566 708 donner
1583 683 1660 708 aux
1676 683 1796 709 soeurs
1814 672 1924 710 d'une

1029 731 1171 767 maison
1195 729 1396 779 reliqieuse.

495 935 704 975 Venerabili
733 934 770 971 in
796 934 943 971 Christo
970 933 1066 984 patri
1089 946 1132 970 ac
1157 932 1329 982 religioso
1356 932 1436 969 viro
1461 931 1501 968 in
1531 931 1679 969 Christo
1709 932 1818 970 nobis
1843 932 1979 971 dilecto

445 995 599 1033 domino
625 994 677 1040 «1.,
702 993 770 1030 Dei
793 992 910 1043 gratia
931 991 1056 1029 abbati
1077 1020 1229 1028 ......
1248 990 1313 1037 G„
1338 990 1505 1040 ejusdem
1522 989 1785 1027 misericordia
1809 990 1980 1029 Metensis

446 1054 659 1104 episcopus5
678 1051 833 1089 salutem
851 1055 887 1087 et
903 1050 1066 1087 sincerae
1083 1049 1292 1087 dilectionis
1310 1048 1493 1086 effectum.

495 1112 551 1148 De
576 1123 689 1147 manu
711 1109 863 1147 Domini
890 1122 991 1146 nunc
1008 1108 1180 1154 adversa,
1199 1121 1300 1145 nunc
1317 1120 1493 1158 prospera
1511 1106 1754 1157 suscipimus,
1771 1106 1978 1145 secundum

447 1182 542 1220 quae
558 1168 736 1204 debemus
753 1167 792 1203 in
811 1166 884 1204 illis
903 1167 1083 1204 cautelam
1102 1167 1188 1204 etin
1202 1166 1281 1204 istis
1295 1165 1511 1216 patientiam
1525 1164 1732 1216 observare.
1747 1164 1841 1202 Cum
1855 1165 1980 1216 itaque

447 1229 493 1266 ad
508 1227 780 1278 suggestionem
795 1227 1064 1263 nonnullorum
1078 1226 1344 1264 canonicorum
1359 1223 1661 1274 nostrorum,qui
1676 1237 1812 1264 nomen
1827 1224 1979 1263 Domini

447 1287 486 1323 in
504 1298 663 1323 vacuum
679 1298 804 1335 gerere
821 1298 897 1322 non
921 1284 1142 1331 formidant,
1161 1289 1262 1322 tanta
1290 1284 1339 1321 sit
1361 1286 1487 1320 exorta
1510 1277 1689 1320 dissentio
1714 1282 1811 1319 inter
1836 1295 1981 1320 sorores

447 1345 581 1381 domus
599 1343 645 1379 de
662 1370 814 1379 ......
834 1342 937 1392 quod
957 1342 1077 1391 major
1089 1355 1174 1392 pars
1188 1354 1315 1379 earum
1330 1354 1426 1391 quae
1439 1340 1610 1378 habitum
1624 1340 1736 1377 vestri
1749 1339 1893 1378 ordinis
1901 1340 1980 1391 jam

447 1403 590 1440 dudum
605 1405 836 1451 receperant,
850 1401 955 1451 quasi
971 1414 1079 1438 canes
1093 1401 1288 1438 redeuntes
1306 1400 1352 1436 ad
1370 1400 1565 1445 vomitum,
1584 1412 1628 1436 eo
1645 1398 1802 1449 abjecto,
1820 1399 1982 1437 totaliter

448 1464 606 1497 veterem
635 1458 804 1495 habitum
831 1463 1129 1509 resumpserunt,
1155 1462 1306 1510 propter
1334 1457 1437 1509 quod
1469 1457 1516 1493 ad
1541 1457 1731 1494 vitandam
1763 1457 1980 1507 hujusmodi

449 1517 713 1555 dissentionem
727 1520 763 1552 et
781 1529 849 1566 pro
867 1516 1100 1554 observantia
1119 1515 1272 1553 honoris
1289 1519 1431 1552 vestrae
1446 1514 1637 1565 religionis
1653 1519 1690 1551 et
1705 1510 1807 1565 pacis
1820 1515 1979 1562 foedere,

427 1575 429 1578 ’
449 1588 513 1613 vos
537 1573 763 1624 requirimus
786 1578 821 1610 et
838 1587 1011 1624 rogamus
1028 1578 1231 1624 quatenus,
1257 1585 1341 1610 cum
1369 1572 1453 1609 illae
1480 1585 1623 1610 sorores
1646 1586 1743 1624 quae
1765 1573 1836 1611 sub
1857 1579 1979 1612 vestro

451 1633 580 1670 habitu
594 1632 756 1669 Domino
771 1632 1011 1679 famulantur,
1026 1645 1100 1669 non
1115 1632 1276 1669 habeant
1289 1631 1390 1668 unde
1403 1630 1598 1667 commode
1610 1631 1757 1668 valeant
1769 1634 1980 1679 sustentari,

449 1694 559 1741 prout
581 1703 601 1726 a
620 1689 693 1726 fide
711 1689 833 1740 dignis
853 1690 1122 1736 intelleximus,
1144 1690 1233 1741 ipsis
1253 1689 1445 1727 sororibus
1462 1689 1512 1726 ob
1529 1690 1772 1727 reverentiam
1790 1691 1901 1727 vestri
1918 1704 1982 1737 or-

450 1749 566 1794 dinis7
585 1749 642 1785 vel
661 1749 851 1786 subveniri
871 1749 1012 1787 faciatis
1031 1762 1140 1787 causa
1155 1749 1224 1786 Dei
1243 1748 1310 1800 qui
1329 1747 1504 1785 omnibus
1522 1748 1717 1785 affluenter
1734 1749 1798 1786 dat
1813 1753 1849 1786 et
1866 1749 1984 1787 nichil

451 1808 693 1857 improperat,
715 1807 772 1843 vel
799 1807 926 1844 saltem
951 1807 1116 1858 aliquam
1136 1819 1331 1858 personam
1351 1805 1535 1856 ydoneam
1558 1805 1605 1843 ad
1628 1806 1751 1843 locum
1774 1806 1983 1854 destinetis,

450 1879 544 1916 quae
562 1864 679 1915 possit
696 1869 731 1902 et
748 1865 866 1902 valeat
884 1866 921 1902 in
940 1866 1149 1915 praemissis
1168 1866 1375 1903 remedium
1393 1864 1580 1902 adhibere.

489 1980 495 1994 ¹
519 1972 671 2007 Guillaume
689 1981 722 2008 de
736 1982 866 2015 Traynel,
886 1982 987 2018 evequc
1005 1984 1037 2010 de
1058 1985 1138 2018 Metz,
1160 1984 1193 2010 de
1244 1985 1268 2011 le
1281 1983 1366 2010 meme
1381 1983 1452 2018 siege
1465 1983 1498 2009 de
1515 1982 1586 2010 129⁷
1601 1982 1615 2010 ὲ
1631 1983 1711 2011 ¹502.

453 2025 524 2051 1264
539 2025 554 2052 a
572 2026 655 2060 1269,
675 2035 710 2053 ou
730 2027 832 2054 Gerar-d
846 2028 878 2054 de
899 2029 1013 2064 Relange
1030 2031 1076 2064 qui
1093 2039 1192 2066 occupa
