2184 3074
453 417 455 423 1
489 377 561 415 546
596 348 608 355 ’
1044 372 1205 410 conEx
1232 372 1479 410 DUNENsis

490 497 568 529 tum
586 491 689 542 quod
707 491 817 528 licet'
808 490 878 541 ipsi
898 489 1013 526 abbas
1036 493 1072 526 et
1097 494 1302 525 conventus
1325 489 1478 525 nomine
1503 490 1677 527 ecclesiae
1702 504 1791 528 suae
1815 493 2030 548 possideant

489 551 669 602 quasdam
687 550 818 587 domos
834 550 922 587 sitas
941 548 980 585 in
999 548 1086 584 villa
1106 547 1199 585 Novi
1219 547 1370 592 Portus
1390 551 1426 584 et
1442 547 1544 584 sint
1534 561 1573 584 in
1591 549 1824 615 possessione
1841 551 1899 588 vel
1920 552 2026 602 quasi

488 608 671 647 dictarum
693 609 893 645 domorum
918 606 1186 658 pertinentium
1218 605 1264 642 ad
1290 605 1426 643 dictam
1451 606 1642 644 ecclesiam
1663 607 1760 657 juris
1783 608 1942 646 dominii
1968 610 2026 646 vel
2099 650 2104 655 ,

488 667 613 718 quasi,
636 671 672 703 et
693 666 778 703 licet
799 666 918 716 parati
944 665 1018 702 sint
1044 677 1157 716 super
1183 663 1256 701 hiis
1283 668 1379 701 stare
1406 663 1483 713 juri
1509 664 1686 703 adversus
1711 678 1840 704 omnes
1864 667 2027 718 deipsis
2088 704 2093 707 ,

488 730 775 776 conquerentes,
808 724 1078 761 nichilominus
1109 728 1232 760 tamen
1264 722 1419 773 quidam
1450 722 1571 760 dictae
1600 723 1774 762 ecclesiae
1807 724 2027 775 injuriantes

487 786 586 836 ipsos
601 785 771 822 abbatem
783 788 819 820 et
828 787 1054 820 conventum
1065 796 1178 833 super
1187 782 1363 819 domibus
1378 782 1578 832 praedictis
1592 788 1628 820 et
1641 785 1874 834 possessione
1886 798 2028 835 earum-

486 844 570 881 dem
595 848 731 880 vexant
755 847 791 879 et
817 842 1029 888 molestant,
1057 855 1124 892 per
1148 841 1346 886 ballivum,
1376 840 1548 878 scabinos
1571 846 1608 878 et
1637 842 1816 893 laycalem
1843 843 2027 893 justitiam

411 909 418 913 “
486 902 579 940 Novi
604 902 738 939 Portus
761 901 994 951 adjornando
1017 905 1053 938 et
1076 900 1264 950 adjornari
1294 901 1533 951 procurando
1555 900 1676 939 dictos
1691 902 1864 940 abbatem
1879 908 1919 940 'et
1934 915 2027 940 con—

484 969 636 1002 ventum
657 966 695 1002 in
714 965 795 1002 foro
814 964 970 1002 seculari
989 963 1175 1001 dictorum
1195 963 1342 1009 ballivi,
1361 963 1600 1000 scabinorum
1619 968 1655 1000 et
1672 964 1824 1015 laycalis
1843 965 2027 1015 justitiae,

485 1029 520 1060 et
538 1023 698 1060 clamum
718 1023 765 1060 de
781 1023 871 1073 ipsis
890 1022 1131 1073 deponendo,
1150 1023 1204 1059 sic
1221 1027 1257 1059 et
1274 1022 1364 1059 alias
1384 1021 1503 1059 dictos
1521 1027 1791 1073 conquerentes
1808 1027 1921 1074 super
1938 1036 2027 1074 pos·

485 1082 648 1119 sessione
671 1081 855 1118 dictarum
883 1081 1083 1118 domorum
1115 1079 1372 1131 perturbando
1397 1085 1434 1117 et
1466 1080 1730 1132 inquietando,
1761 1086 1798 1118 et
1824 1081 2026 1132 praemissa

484 1140 563 1177 fieri
582 1140 835 1191 procurando,
854 1145 890 1177 et
907 1140 1107 1191 procedere
1125 1141 1299 1177 nituntur
1316 1145 1351 1177 et
1375 1140 1576 1177 intendunt
1598 1145 1726 1178 contra
1754 1141 1854 1192 ipsos
1880 1141 1920 1178 in
1944 1142 2027 1178 soro

483 1199 638 1236 seculari
670 1198 861 1249 praedicto
893 1211 1006 1250 super
1035 1199 1248 1250 praemissis
1263 1229 1272 1245 ,
1305 1200 1343 1236 in
1376 1199 1650 1250 praejudicium
1681 1199 1802 1236 dictae
1830 1197 2005 1238 ecclesiae

482 1258 688 1308 dampnum
708 1262 744 1295 et
761 1261 970 1308 gravamen.
992 1258 1090 1295 Hinc
1107 1263 1162 1295 est
1179 1254 1282 1309 quod
1301 1258 1408 1295 vobis
1423 1257 1661 1305 mandamus
1675 1258 1715 1295 in
1730 1258 1867 1295 virtute
1879 1258 2026 1310 obliga-

483 1316 594 1354 tionis
613 1321 648 1354 et
665 1317 735 1354 sub
753 1330 873 1368 poena
883 1317 1148 1368 suspensionis
1167 1322 1203 1355 et
1215 1317 1631 1364 excommunicationis
1645 1319 1829 1368 quatenus
1845 1317 2024 1356 moneatis

482 1375 601 1412 dictae
619 1375 793 1413 ecclesiae
811 1377 1068 1426 injuriatores
1088 1377 1358 1424 molestatores,
1377 1377 1654 1428 perturbatores
1672 1381 1708 1414 et
1725 1381 1918 1414 vexatores
1938 1381 1981 1414 ut
2003 1390 2024 1413 a

482 1427 591 1471 dictis
610 1434 931 1472 molestationibus
942 1435 1116 1485 ,injuriis
1125 1435 1495 1486 ,perturbationibus
1509 1439 1545 1472 et
1557 1435 1819 1472 vexationibus
1833 1434 2024 1481 desistant,

483 1492 546 1528 et
535 1505 635 1542 ipsos
653 1491 826 1530 abbatem
845 1491 880 1530 et
899 1498 1125 1530 conventum
1143 1506 1255 1544 super
1272 1493 1382 1530 dictis
1402 1493 1578 1530 domibus
1596 1498 1645 1530 et
1649 1493 1881 1544 possessione
1893 1506 2022 1530 earum

441 1554 445 1555 ⁷
482 1551 520 1587 in
540 1562 630 1601 pace
648 1550 838 1588 dimittant
857 1556 893 1589 et
910 1551 1047 1589 dimitti
1068 1551 1223 1598 saciant,
1241 1556 1277 1588 et
1294 1565 1341 1589 ne
1355 1551 1542 1605 judicium
1561 1564 1626 1589 seu
1645 1551 1878 1589 scabinatum
1893 1556 2021 1590 contra

482 1609 581 1660 ipsos
596 1610 787 1660 proferant
801 1623 839 1647 se
854 1610 891 1647 in
907 1610 1034 1661 aliquo
1052 1610 1209 1647 ulterius
1223 1610 1428 1663 procedant
1441 1622 1506 1647 seu
1519 1609 1671 1660 procedi
1687 1602 1839 1655 saciant,
1853 1609 2022 1660 alioquin

482 1669 581 1719 ipsos
599 1670 928 1707 excommunicetis
950 1670 980 1707 si
1006 1670 1221 1720 praemissa
1235 1669 1520 1720 recognoverint
1548 1680 1626 1706 esse
1647 1681 1752 1714 vera,
1777 1667 1847 1706 nisi
1873 1680 2022 1707 causam

475 1728 609 1764 'contra
631 1741 833 1778 praemissa
846 1728 1135 1779 'praetenderint
1159 1728 1356 1765 efficacem.
1383 1727 1504 1776 Quam
1531 1727 1560 1765 si
1587 1726 1875 1778 praetenderint,
1900 1727 2023 1778 citetis

481 1787 582 1837 ipsos
603 1788 793 1825 Teruanae
818 1801 942 1826 coram
969 1788 1078 1826 nobis
1101 1788 1148 1825 ad
1171 1787 1270 1825 diem
1297 1792 1567 1839 competentem
1593 1786 1733 1824 dictam
1756 1799 1904 1824 causam
1931 1780 2022 1823 alle-

481 1850 630 1896 gaturos
649 1851 684 1883 et
702 1851 916 1884 ostensuros
936 1852 972 1884 et
993 1859 1232 1898 processuros
1259 1859 1372 1897 super
1395 1845 1667 1897 praemissis'et
1691 1844 1774 1882 aliis
1796 1844 2022 1890 obiciendis,

482 1909 593 1954 prout
610 1904 657 1957 de
673 1905 759 1954 jure
781 1905 893 1942 suerit
914 1905 1213 1955 procedendum,
1238 1905 1450 1942 inhibentes
1476 1905 1547 1942 sub
1573 1917 1692 1955 poena
1719 1904 2022 1941 excommunica-

482 1963 594 2000 tionis
619 1964 834 2014 praelibatis
863 1965 1021 2010 ballivo,
1045 1964 1228 2011 scabinis,
1255 1964 1388 2015 laycali
1414 1963 1579 2013 justitiae
1604 1967 1640 2000 et
1665 1962 1746 2000 aliis
1772 1962 1948 2000 omnibus
1975 1963 2022 1999 de

482 2022 621 2072 quibus
644 2037 689 2059 ex
714 2028 818 2074 parte
843 2023 1029 2061 dictorum
1055 2024 1202 2061 abbatis
1225 2028 1260 2060 et
1281 2028 1486 2061 conventus
1510 2022 1654 2060 fueritis
1676 2021 1864 2073 requisiti,
1884 2035 1930 2059 ne
1948 2022 2020 2073 ipsi

484 2080 529 2117 de
547 2081 611 2118 lite
628 2081 737 2118 citata
756 2087 792 2119 et
809 2095 917 2120 causa
940 2082 1191 2133 pendentibus
1219 2095 1344 2119 coram
1371 2082 1480 2119 nobis
1509 2086 1637 2121 contra
1664 2081 1763 2132 ipsos
1789 2080 1958 2118 abbatem
1985 2086 2022 2118 et

484 2145 708 2178 conventum
726 2141 773 2178 de
795 2141 945 2179 Thosan
967 2141 1112 2194 aliquid
1134 2146 1373 2192 attemptent,
1400 2142 1580 2178 innovent
1604 2140 1661 2178 vel
1690 2137 2020 2195 immutent'quo'd
2085 2187 2093 2194 =

483 2197 585 2234 sitin
603 2198 834 2248 praejudicio
852 2205 992 2238 vestrae
1011 2200 1286 2251 jurisdictionis
1313 2205 1350 2237 et
1372 2199 1558 2237 dictorum
1582 2196 1727 2236 abbatis
1755 2202 1789 2235 et
1815 2201 2020 2235 conventus

483 2255 688 2306 dampnum
708 2271 773 2295 seu
790 2272 999 2309 gravamen.
1020 2259 1120 2307 Quid
1141 2259 1229 2296 inde
1248 2258 1423 2305 feceritis,
1442 2263 1509 2296 etc.

1197 2434 1308 2444 m·-
