2184 3074
438 360 483 398 18
988 352 1149 391 CODEX
1176 350 1422 390 DUNENSIS.

437 476 556 512 lulum
575 473 824 525 spiritualium
843 485 909 522 per
926 471 1159 520 singulorum
1180 467 1426 519 professiones
1443 471 1479 504 et
1496 467 1757 518 temporalium
1775 479 1843 518 per
1859 465 1970 518 sigilli

437 534 694 578 traditionem,
722 544 834 582 quam
866 530 984 566 eidem
1016 529 1097 565 vice
1127 533 1162 565 et
1194 526 1411 564 auctoritate
1438 525 1577 576 quibus
1602 538 1715 576 supra
1741 525 1896 562 secirrths
1925 524 1971 561 ad

437 591 645 628 animarum
666 590 841 634 salutem,
859 588 1068 637 profectum
1088 590 1124 622 et
1141 585 1338 622 utilitatem
1361 583 1449 621 dicti
1474 583 1707 629 monasterii,
1725 586 1768 620 ut
1784 596 1829 619 ex
1852 586 1974 620 trans-

438 656 516 689 acta
539 652 576 688 in
603 651 683 701 ipso
705 650 779 686 vita
802 647 1026 685 confidimus
1050 646 1207 683 firmiter
1232 649 1267 681 et
1291 649 1474 687 tenemus,
1495 657 1621 680 curam
1639 643 1787 694 recepit.
1806 643 1848 679 In
1867 642 1974 692 cujus

439 710 490 747 rei
510 708 782 753 testimonium,
801 711 868 743 etc.

1141 788 1257 798 -φοογ

1155 919 1249 957 ΧΙΙΙ.

510 1040 745 1078 Mandement
767 1039 811 1076 de
835 1038 991 1088 l'e'chue
1013 1038 1109 1075 Jean
1133 1038 1176 1075 de
1201 1037 1361 1074 Chdlona
1386 1043 1509 1074 contre
1533 1037 1700 1074 l'abbesse
1720 1037 1765 1074 de
1788 1037 1828 1075 V
1826 1037 1901 1086 itry

807 1104 839 1134 et
866 1097 978 1134 l'abbe'
1002 1097 1046 1134 de
1069 1097 1350 1134 saint-Nicolas
1376 1097 1399 1132 ἀ
1426 1097 1571 1134 Furnos
1590 1100 1610 1133 ¹.

485 1293 693 1338 Johannes,
726 1292 793 1328 Dei
826 1291 960 1341 gratia,
988 1289 1266 1327 Chatalanensis
1296 1288 1492 1339 episcopus
1506 1317 1515 1334 ,
1547 1287 1724 1325 omnibus
1754 1292 1788 1325 et
1801 1300 1803 1303 ’
1818 1286 1975 1338 singulis

437 1352 654 1398 abbatibus,
679 1351 890 1402 prioribus,
917 1349 1083 1395 decanis,
1114 1347 1407 1394 archidiaconis,
1434 1347 1623 1384 canonicis
1651 1358 1976 1398 quarumcumque

438 1411 676 1449 ecclesiarum
697 1414 770 1446 tam
791 1408 1058 1446 cathedralium
1084 1420 1197 1457 quam
1222 1419 1296 1443 non
1323 1405 1610 1451 cathedralium,
1629 1404 1976 1455 archipresbyteris,

437 1469 681 1522 presbyteris,
704 1467 904 1518 capellanis
923 1471 959 1503 et
976 1467 1057 1503 aliis
1076 1466 1313 1503 ecclesiarum
1334 1465 1505 1515 praelatis
1524 1469 1560 1501 et
1575 1464 1783 1515 specialiter
1800 1463 1976 1515 magistro

438 1528 578 1566 Jacobo
599 1527 644 1563 de
663 1525 912 1575 Lucenburgh
926 1555 934 1571 ,
955 1525 1087 1561 clerico
1107 1529 1250 1570 nostro,
1269 1524 1424 1561 salutem
1443 1523 1481 1560 in
1499 1523 1673 1560 Domino.

488 1586 581 1623 Cum
602 1584 773 1634 religiosa
791 1583 926 1620 mulier
943 1583 1127 1620 abbatissa
1146 1583 1192 1619 de
1209 1582 1372 1620 Vitriaco
1390 1585 1526 1628 castro,
1549 1581 1800 1619 Cisterciensis
1818 1581 1978 1628 ordinis,

440 1642 717 1681 Chat-alanensis
749 1641 942 1691 dyocesis,
974 1641 1153 1677 beneficia
1179 1640 1248 1677 sibi
1282 1640 1412 1677 collata
1437 1645 1473 1677 et
1496 1653 1667 1677 concessa
1693 1653 1712 1677 a
1739 1640 1836 1677 dicta
1861 1644 1978 1678 matre

441 1702 592 1738 ecclesia
611 1701 765 1737 minime
786 1712 1054 1750 recognoscens
1072 1703 1115 1735 ut
1132 1699 1290 1748 ingrata,
1310 1698 1425 1734 immo
1446 1697 1549 1748 quod
1571 1697 1720 1748 gravius
1745 1703 1819 1744 est,
1846 1698 1979 1744 nititur

441 1759 723 1796 ecclesiasticam
745 1758 957 1795 subvertere
975 1757 1198 1804 libertatem,
1217 1769 1394 1807 spernens
1412 1757 1547 1807 ipsam,
1567 1769 1724 1807 sequens
1743 1757 1898 1807 vestigia
1921 1757 1979 1793 so-

442 1818 607 1855 ventium
628 1818 877 1868 quorumdam
897 1818 1106 1867 laycorum,
1121 1817 1363 1853 irreverenter
1379 1829 1471 1853 ausu
1490 1815 1667 1866 sacrilego
1686 1815 1850 1865 maligno
1867 1812 1977 1852 ducta

442 1877 575 1928 spiritu
602 1877 640 1913 in
668 1877 784 1927 legem
818 1890 882 1913 seu
908 1876 1210 1912 constitutionem
1242 1875 1377 1911 summi
1409 1874 1597 1924 pontificis
1628 1874 1748 1911 honae
1778 1874 1979 1910 memoriae

442 1935 644 1974 Alexandri
664 1936 800 1972 editam
819 1948 932 1985 super
950 1934 1020 1971 hoc
1039 1933 1321 1978 committendo,
1343 1933 1538 1970 dominum
1560 1932 1762 1970 Riclierum
1785 1932 1979 1983 presbyte—

443 2008 546 2041 rum,
565 1994 782 2045 magistrum
803 2007 868 2031 seu
887 1993 1235 2030 amministratorem
1248 2022 1257 2039 ,
1275 1993 1404 2030 fratres
1422 1997 1458 2029 et
1475 2005 1618 2029 sorores
1636 1992 1828 2042 religiosae
1845 1992 1979 2028 domus

443 2055 489 2091 de
507 2055 630 2090 Monte
648 2054 807 2100 Morelli,
827 2053 1104 2090 Chatalanensis
1118 2053 1302 2102 dyocesis,
1318 2052 1364 2088 ad
1384 2052 1543 2088 forensia
1561 2065 1624 2088 sen
1643 2050 1822 2088 secularia
1837 2050 1979 2100 judicia

445 2126 567 2149 coram
583 2112 759 2162 laycalem
771 2111 952 2160 justitiam
968 2111 1225 2148 exercentibus
1239 2124 1302 2147 seu
1317 2123 1440 2147 coram
1452 2109 1596 2160 justitia
1611 2109 1766 2146 seculari
1781 2108 1980 2145 renitentes

446 2176 481 2208 et
495 2171 629 2208 invitos
643 2172 681 2207 in
696 2184 843 2208 causam
858 2171 972 2207 trahit
986 2171 1023 2207 in
1039 2171 1246 2221 periculum
1263 2170 1348 2206 fidei
1362 2174 1397 2206 et
1411 2173 1538 2206 contra
1556 2169 1656 2205 illam
1677 2167 1979 2205 constitutionem

447 2230 716 2280 supradictam,
736 2230 906 2280 quamvis
933 2243 1042 2280 grave
1069 2230 1130 2276 sit,
1157 2229 1385 2280 publicatam
1414 2228 1595 2279 legitime,
1621 2227 1753 2278 spretis
1774 2226 1919 2276 judicio
1945 2230 1982 2263 et

443 2289 703 2340 jurisdictione
734 2289 921 2326 ordinaria
953 2289 1196 2326 ecclesiastica
1231 2293 1373 2335 nostra,
1403 2288 1461 2324 cui
1490 2287 1650 2324 subsunt
1675 2287 1760 2337 jure
1790 2285 1980 2323 ordinario

489 2419 495 2433 ¹
515 2419 580 2444 Jcan
596 2419 628 2444 dc
643 2418 869 2444 Chatcau-Vilain
888 2418 929 2444 fut
949 2418 1049 2453 (ivoque
1069 2419 1101 2444 de
1119 2418 1188 2444 Cha·
1239 2418 1336 2451 Gilles,
1352 2417 1420 2444 abbc'
1435 2418 1468 2444 de
1479 2417 1695 2450 saint-Nicolus,
1706 2415 1720 2442 ὲ
1736 2416 1845 2442 Furnes.

448 2463 690 2497 lons-sur-Marnc,
704 2465 736 2490 de
754 2463 827 2490 ¹284
842 2463 856 2489 ὲ
872 2464 952 2490 ¹515.
973 2464 992 2489 ll
1011 2465 1087 2498 s'ngit
1103 2465 1137 2490 ici
1155 2465 1187 2490 de
