2184 3074
738 355 900 394 CODEX
925 355 1169 394 DUNENSIS.
1652 361 1662 397 l
1676 361 1688 397 Ι
1702 362 1712 397 Ι

185 481 283 523 rent,
297 477 510 514 nullatenus
523 475 622 512 salva
637 473 862 511 conscientia
878 473 1069 524 potuimus
1087 474 1307 520 consentire,
1322 487 1407 511 eum
1427 474 1488 512 illa
1504 475 1673 526 pecunia,
1689 475 1718 512 si

185 549 270 574 cum
291 536 362 574 alia
380 536 564 573 levaretur
581 538 617 571 et
634 533 672 570 in
692 533 866 584 praefatis
882 532 1062 571 nundinis
1083 547 1157 570 non
1180 534 1398 580 solveretur,
1418 535 1517 586 apud
1538 548 1604 573 nos
1627 541 1722 572 esset

185 609 252 648 per
269 596 430 633 multum
450 594 627 646 temporis
645 593 780 639 otiosa,
800 593 949 630 interim
964 593 1040 631 suis
1055 593 1218 631 dominis
1231 607 1295 631 seu
1312 595 1587 646 possessoribus
1604 596 1721 632 servi-

184 658 268 692 tura
288 654 346 692 vel
370 653 525 691 forsitan
552 652 622 690 sub
651 651 773 689 usuris
795 650 843 688 ab
870 651 1060 702 aliquibus
1082 656 1242 704 recepta,
1268 653 1395 690 suisset
1414 653 1537 691 medio
1556 659 1720 705 tempore

185 712 358 750 videlicet
370 711 461 763 regii
481 710 617 748 favoris
631 710 789 748 durante
803 709 982 747 dilatione
997 710 1250 760 fenerantibus
1275 712 1418 749 funesta
1433 712 1581 763 pariens
1599 713 1721 750 incre-

186 776 308 810 menta
327 775 363 808 et
380 769 604 807 debentibus
622 769 859 815 detrimenta,
885 773 952 806 etc.

901 891 1021 901 -οοσ-

872 1023 1032 1062 Lxxvl.

339 1137 573 1176 Mandemem
589 1138 633 1176 de
652 1138 832 1176 l’e'colmre
851 1138 896 1175 de
911 1137 1165 1176 Same-Donat
1184 1138 1319 1189 relatis
1329 1139 1353 1176 ἀ
1370 1151 1422 1176 un
1439 1140 1563 1178 croisc'.

233 1330 457 1370 scolasticus
477 1332 651 1370 ecclesiae
672 1332 957 1370 Sancti-Donati
985 1332 1198 1383 Brugensis‚
1221 1332 1339 1382 judex
1363 1333 1498 1370 unicus
1518 1346 1538 1370 a
1565 1333 1719 1370 domino

182 1396 279 1440 papa
297 1389 501 1440 delegatus,
526 1390 702 1428 omnibus
725 1390 952 1441 presbyteris
976 1395 1012 1427 et
1031 1391 1230 1441 capellanis
1253 1390 1299 1428 ad
1318 1404 1413 1442 quos
1432 1396 1640 1442 praesentes
1657 1392 1720 1429 lit-

183 1451 282 1485 terae
299 1449 537 1499 pervenerint
555 1449 593 1486 in
613 1449 768 1488 domino
787 1450 957 1488 salutem.

233 1505 462 1544 Auctoritate
488 1507 631 1545 domini
651 1521 769 1559 papae
793 1508 903 1546 nobis
922 1509 960 1546 in
986 1508 1054 1546 bac
1073 1513 1177 1560 parte
1199 1508 1395 1546 commissa
1418 1509 1525 1546 vobis
1544 1508 1720 1546 omnibus

185 1569 219 1602 et
245 1565 402 1616 singulis
428 1565 466 1603 in
495 1566 633 1604 virtute
657 1571 804 1605 sanctae
831 1567 1070 1619 obligationis
1101 1571 1137 1604 et
1159 1567 1231 1604 sub
1258 1579 1375 1617 poena
1402 1567 1656 1617 suspensionis
1685 1571 1722 1603 et

183 1625 581 1676 excommunicationis
599 1626 863 1677 praecipiendo
882 1625 1102 1663 mandamus
1127 1630 1311 1676 quatenus
1335 1625 1583 1676 peremptorie
1602 1625 1721 1662 citetis

184 1682 242 1718 vel
265 1681 369 1720 citari
388 1683 529 1720 faciatis
547 1696 671 1721 coram
690 1683 798 1722 nobis
824 1684 957 1735 Brugis
983 1697 1112 1721 omnes
1130 1683 1212 1721 illos
1234 1697 1329 1734 quos
1352 1684 1445 1720 lator
1468 1683 1719 1734 praesentium

186 1740 293 1778 vobis
313 1741 542 1787 nominabit,
567 1754 730 1792 quorum
756 1742 907 1779 nomina
930 1742 1104 1779 videbitis
1132 1742 1169 1778 in
1191 1741 1399 1779 auctentico
1418 1741 1562 1778 domini
1586 1754 1721 1792 papae‚

186 1798 233 1835 ad
252 1798 351 1836 diem
375 1804 644 1850 competentem
666 1801 723 1837 vel
742 1800 787 1837 ad
807 1801 886 1838 dies
905 1805 1154 1851 competentes
1178 1813 1247 1850 pro
1266 1800 1456 1837 voluntate
1473 1799 1599 1836 latoris
1616 1813 1723 1850 prae-

187 1856 369 1904 sentium,
394 1858 593 1895 Eustacbio
614 1858 660 1895 de
679 1887 849 1904 .......
879 1859 973 1896 laico
1000 1860 1254 1910 crucesignato
1281 1871 1543 1909 responsuros,
1573 1859 1722 1896 nomina

187 1913 383 1952 citatorum
410 1919 446 1952 et
468 1916 567 1953 diem
596 1917 673 1954 sive
698 1917 776 1955 dies
800 1917 984 1954 citationis
1010 1917 1118 1954 nobis
1146 1917 1305 1954 fideliter
1335 1916 1554 1954 rescribatis.
1586 1917 1624 1953 ln
1653 1916 1723 1953 hiis

188 1973 416 2024 exequendis
434 1987 532 2012 unus
552 1979 716 2012 vestrum
735 1975 850 2013 alium
870 1976 928 2012 vel
946 1975 1038 2012 alios
1059 1988 1133 2012 non
1153 1979 1349 2026 exspectet.

238 2031 395 2079 Datum,
414 2037 481 2070 etc.
