2184 3074
444 257 517 294 280
996 253 1159 292 CODEX
1184 255 1431 296 DUNENSLS.

441 374 630 423 judaismo
648 372 856 408 voluntarie
870 370 1031 414 delictis,
1051 370 1200 407 eosdem
1220 370 1356 407 Christi
1378 372 1540 408 nominis
1557 374 1784 422 professores
1801 380 1837 412 et
1853 375 1982 412 catho-

445 432 535 469 licae
553 431 639 468 fidei
659 431 834 467 zelatores
853 429 898 465 ad
917 441 981 465 vos
1006 441 1135 465 omnes
1155 457 1308 464 .......
1329 429 1572 476 destinamus!
1591 431 1780 469 caritative
1796 437 1832 470 et
1848 434 1983 472 fidelis-

444 491 536 527 sime
557 490 794 539 deprecantes
815 487 853 523 in
877 486 1036 523 Domino
1055 490 1091 522 et
1108 486 1331 536 propensius
1349 487 1587 525 exhortantes
1609 494 1645 526 et
1666 489 1705 526 in
1727 490 1982 529 remissionem

444 549 551 586 vobis
583 546 839 598 peccaminum
871 544 1106 594 injungentes
1137 548 1321 594 quatenus
1345 558 1430 582 cum
1453 546 1632 596 praedicti
1658 548 1742 598 plus
1767 549 1884 586 velint
1906 551 1981 601 pati

442 607 637 658 penuriam
652 606 690 642 in
709 605 860 642 nomine
874 604 894 642 J
900 603 1142 641 besu-Christi
1158 616 1271 654 quam
1286 617 1372 641 cum
1388 604 1550 642 inimicis
1561 605 1647 643 fidei
1665 607 1890 646 christianae
1905 609 1982 647 suis

440 665 748 717 progenitoribus·
761 663 1020 713 temporalium
1052 663 1218 699 ubertate
1235 663 1414 712 gaudere,
1432 677 1498 701 vos
1515 677 1644 719 omnes
1659 695 1667 702 .
1684 695 1691 703 .
1708 696 1715 703 .
1732 695 1739 703 .
1756 697 1762 702 .
1782 697 1788 702 .
1805 697 1814 714 .,
1829 681 1914 705 cum
1936 668 1983 706 ad

437 738 502 762 vos
520 724 689 761 venerint
714 723 934 759 elemosinas
952 735 1020 778 pro
1039 721 1263 758 relevamine
1282 735 1371 759 suae
1398 722 1626 773 indigentiae
1644 725 1816 775 petituri,
1841 726 1981 764 elemo-

439 784 604 821 sinarum
633 782 703 833 piis
727 786 762 818 ct
791 780 991 817 caritativis
1015 780 1276 831 largitionibus
1299 781 1591 819 misericorditer
1616 784 1858 831 succurratis,
1880 786 1980 837 apud

438 842 623 888 subditos,
650 845 756 878 notos
787 854 830 877 ac
859 840 1002 877 vicinos
1029 845 1168 878 vestros
1197 840 1235 877 in
1260 840 1439 891 petitione
1466 845 1502 878 et
1527 843 1789 880 consecutione
1815 844 1980 895 ipsarum

439 901 725 938 elemosinarum
751 900 850 950 ipsos
879 899 979 936 fideli
1005 899 1197 949 diligentia
1227 903 1262 936 et
1285 900 1480 937 favorabili
1509 901 1671 938 efficacia
1689 904 1916 952 promoturi,
1935 917 1982 942 ne

439 965 591 1011 propter
610 959 901 996 necessariorum
928 958 1112 994 desectum
1139 957 1254 994 relabi
1282 963 1459 1008 tanquam
1483 960 1584 996 canis
1602 960 1650 997 ad
1672 961 1854 999 vomitum
1878 975 1983 1000 com-

439 1020 639 1070 pellantur,
665 1023 700 1055 et
724 1031 770 1054 ne
802 1021 954 1068 propter
985 1017 1172 1067 relapsum
1209 1017 1424 1067 hujusmodi
1458 1031 1594 1055 nomen
1622 1019 1773 1056 Domini
1805 1020 1982 1072 blasphe-

437 1082 569 1122 metur,
597 1081 632 1113 et
651 1090 696 1113 ne
714 1089 827 1126 quam
847 1079 1091 1125 susceperunt
1109 1079 1144 1111 et
1164 1075 1388 1126 profitentur
1410 1075 1571 1113 fideliter
1593 1081 1705 1128 atque
1723 1079 1868 1126 colunt,
1887 1079 1980 1117 fides

439 1135 620 1172 catholiea
639 1134 723 1171 vilis
741 1139 777 1170 et
795 1138 1007 1184 contempta
1027 1133 1219 1170 habeatur.
1243 1133 1318 1170 Nos
1333 1147 1421 1171 vero
1440 1135 1618 1172 omnibus
1637 1140 1673 1172 et
1690 1137 1848 1187 singulis
1865 1137 1982 1175 bene-

439 1194 643 1231 factoribus
675 1193 894 1230 eorumdem
921 1193 1099 1229 confessis
1129 1196 1165 1228 et
1190 1192 1358 1230 contritis
1384 1192 1431 1230 de
1459 1194 1726 1245 omnipotentis
1750 1195 1816 1232 Dei
1834 1196 1982 1235 miseri-

438 1253 563 1290 cordia
590 1257 624 1289 et
647 1253 846 1289 Beatorum
873 1251 969 1288 Petri
993 1255 1028 1287 et
1054 1251 1156 1287 Pauli
1184 1251 1439 1301 apostolorum
1469 1252 1549 1302 ejus
1572 1253 1789 1291 auctoritate
1816 1268 1858 1292 ac
1877 1255 1979 1293 Beati

437 1311 602 1358 Martini,
634 1311 781 1361 patroni
814 1309 950 1355 nostri,
975 1309 1115 1346 meritis
1135 1310 1287 1355 confisi,
1312 1309 1358 1346 de
1379 1310 1546 1360 injuncta
1572 1311 1643 1348 sibi
1670 1313 1897 1360 poenitentia
1914 1314 1980 1352 XL

437 1370 514 1407 dies
542 1369 831 1406 misericorditer
861 1369 898 1405 in
934 1368 1094 1405 Domino
1132 1369 1358 1416 relaxamus,
1390 1370 1612 1408 ratificantes
1644 1370 1911 1409 nichilominus
1944 1377 1980 1409 et

437 1429 558 1466 valere
575 1429 740 1465 volentes
761 1427 798 1464 in
818 1432 942 1464 nostra
956 1427 1106 1477 dyocesi
1125 1441 1254 1464 ornnes
1270 1427 1521 1479 indulgentias
1540 1429 1587 1466 ab
1605 1429 1687 1467 aliis
1702 1430 1978 1468 venerabilibus

436 1488 604 1538 patribus
624 1492 659 1524 et
677 1487 841 1524 dominis
859 1486 1149 1537 archiepiscopis
1175 1492 1210 1523 et
1228 1487 1413 1538 episcopis
1437 1490 1539 1526 datas
1557 1492 1593 1525 et
1615 1501 1806 1526 concessas
1826 1489 1976 1527 eisdem.

1153 1612 1265 1622 —aevo—

1111 1757 1303 1795 (JLXXXl.

518 1873 684 1911 Plaimes
702 1874 886 1911 adresse'es
904 1887 952 1911 an
972 1887 1055 1911 nom
1071 1875 1122 1911 du
1141 1874 1306 1924 chapitre
1323 1874 1366 1911 de
1383 1875 1627 1912 Saint-Donat
1642 1885 1711 1910 sur
1728 1872 1898 1911 l’absence

785 1933 829 1969 de
845 1933 936 1970 Jean
957 1933 1000 1970 de
1019 1934 1252 1983 Dampierre,
1267 1934 1395 1983 pre'vol
1411 1933 1454 1970 dc
1472 1934 1628 1983 Bruqes.

482 2135 569 2172 Viro
588 2136 704 2173 nobili
725 2141 759 2173 et
778 2138 935 2188 potenti„
964 2138 1167 2174 venerabili
1195 2143 1229 2174 et
1248 2137 1406 2174 discreto
1425 2136 1580 2174 domino
1605 2137 1637 2174 J.
1662 2141 1742 2183 etc..,
1764 2137 1920 2174 salutem
1938 2139 1974 2172 et

431 2193 603 2230 ecclesiae
629 2208 717 2232 suae
747 2196 1026 2246 gravaminibus
1056 2202 1091 2234 et
1125 2196 1404 2234 necessitatibus
1429 2196 1538 2246 juxta
1570 2196 1682 2232 officii
1714 2196 1772 2233 sui
1803 2194 1971 2232 debitum

430 2252 639 2290 subvenire.

481 2311 692 2349 Multotiens
717 2314 823 2350 vobis
851 2315 1069 2365 scripsimus
1093 2314 1195 2365 quod
1224 2314 1397 2351 ecclesiae
1429 2317 1575 2350 nostrae
1599 2311 1805 2363 praesentia
1831 2314 1972 2348 vestrae

431 2383 608 2420 personae
626 2371 671 2408 ad
690 2373 951 2410 relevationem
973 2374 1088 2424 ipsius
1107 2373 1428 2424 quamplurimum
1456 2377 1550 2409 esset
1569 2370 1793 2417 necessaria,
1819 2373 1972 2420 propter
