2184 3074
432 258 506 296 500
987 260 998 291 (
1005 257 1146 294 :ODEX
1173 257 1419 295 DUNENSlS.

434 388 583 424 cunque
600 375 742 411 ordinis
761 375 817 410 vel
838 374 1027 424 religionis
1046 373 1219 419 existant,
1235 373 1508 423 praedictarum
1529 374 1736 419 civitatum„
1755 375 1970 425 dyocesium

433 438 468 470 et
486 433 782 483 provinciarum,
801 432 963 482 exceptis
982 431 1274 482 archiepiscopis
1291 435 1328 468 et
1344 431 1528 482 episcopis
1547 432 1779 477 earumdem,
1793 446 1972 483 procura-

434 491 552 528 tiones
579 496 705 528 nostro
729 491 880 527 nomine
903 495 1026 540 petere
1052 494 1087 526 et
1111 490 1256 540 exigere
1278 489 1473 536 studeatis,
1491 490 1653 527 taxando
1670 504 1800 528 eorum
1818 491 1971 533 cuilibet

433 555 569 586 certam
585 550 630 586 de
648 549 736 600 ipsis
751 549 858 598 juxta
873 549 1062 586 facultates
1076 549 1247 599 proprias
1261 549 1503 599 quantitatem
1516 578 1524 594 ,
1540 555 1652 600 prout
1664 555 1783 588 vestra
1799 550 1972 588 discretio

433 607 491 643 cui
511 621 622 658 super
636 607 706 644 hoc
719 609 806 644 stari
822 608 1007 653 volumus,
1023 607 1160 644 viderit
1174 607 1360 658 expedire,
1376 620 1520 644 necnon
1536 621 1703 658 personis
1721 608 1970 654 ecclesiarum7

434 667 599 702 locorum
625 672 660 702 et
683 666 995 703 monasteriorum
1019 665 1186 716 ipsorum
1210 665 1410 702 terminum
1436 666 1728 716 peremptorium
1755 666 1969 718 quindecim

433 725 578 762 dierum
597 730 794 776 postquam
813 726 859 761 de
878 726 1064 762 taxatione
1082 725 1153 762 sibi
1180 725 1273 762 sacta
1299 725 1510 776 pervenerit
1535 726 1581 762 ad
1607 725 1756 763 illorum
1781 726 1969 770 notitiam7

432 784 526 820 infra
545 798 656 834 quem
675 784 721 820 de
735 784 919 834 impositis
933 784 1004 821 sibi
1019 784 1346 835 procurationibus
1360 784 1470 834 plene
1482 784 1708 821 satisfaciant
1720 784 1968 835 praefigendo.¹

432 841 479 878 ita
498 846 619 878 tamen
634 842 736 892 quod
751 842 861 879 alicui
877 842 1117 889 monasterio,
1133 843 1307 879 ecclesiae
1323 856 1388 879 seu
1403 843 1484 880 loco
1495 872 1504 889 ⁷
1518 847 1853 893 quantumcunque
1865 843 1971 879 locu-

431 901 536 950 pleti,
553 902 648 937 ultra
662 906 746 938 octo
761 901 874 939 libras
888 901 1139 947 Turonenses,
1158 902 1215 938 vel
1236 901 1347 938 alicui
1367 901 1491 939 minus
1510 915 1624 952 quam
1641 906 1814 952 quatuor,
1828 901 1971 940 ratione

431 959 736 1008 procurationum
764 959 996 1008 hujusmodi„
1024 960 1236 997 nullatenus
1265 959 1480 1010 imponatis,
1512 960 1817 1006 contradictores,
1842 959 1871 997 si
1905 960 1969 1011 qui

431 1017 582 1062 fuerint,
611 1017 816 1054 monitione
841 1018 1042 1068 praemissa
1066 1031 1132 1068 per
1157 1030 1351 1054 censuram
1376 1018 1658 1055 ecclesiasticam
1686 1018 1967 1069 compescendo.

431 1074 611 1111 Volumus
629 1080 750 1112 autem
767 1076 869 1126 quod
889 1090 954 1126 per
973 1076 1238 1113 testimoniales
1255 1076 1394 1113 litteras
1412 1076 1646 1127 singulorum
1668 1076 1970 1127 archiepiscopo·—

431 1145 512 1169 rum
533 1138 568 1169 et
585 1134 846 1184 episcoporum
868 1148 910 1171 ac
929 1135 1038 1171 etiam
1058 1139 1315 1185 exemptorum
1336 1135 1485 1171 illorum
1501 1147 1596 1184 quos
1609 1147 1720 1184 super
1733 1134 1970 1185 imponendis

430 1192 598 1240 personis
625 1193 805 1243 exemptis
832 1193 1049 1243 hujusmodi
1074 1194 1401 1244 procurationibus
1430 1195 1674 1245 requirendos
1697 1194 1893 1241 duxeritis,
1912 1195 1969 1231 vel

430 1250 652 1288 vicariorum
680 1257 744 1288 aut
770 1252 1046 1302 praedictorum
1073 1253 1360 1290 constitutorum
1389 1253 1425 1289 in
1451 1253 1697 1304 dignitatibus
1723 1253 1911 1290 minorum
1935 1258 1970 1290 et

431 1309 582 1346 nomina
610 1311 779 1346 omnium
808 1311 1062 1357 ecclesiarum7
1091 1312 1400 1349 monasteriorum
1425 1316 1460 1348 et
1484 1312 1652 1349 locorum
1670 1312 1809 1363 quibus
1834 1325 1970 1363 procu—

431 1368 590 1405 rationes
628 1369 843 1419 hujusmodi
883 1370 1020 1407 suerint
1050 1370 1316 1421 imponendae„
1347 1376 1382 1408 et
1411 1371 1654 1421 quantitatem
1687 1371 1852 1421 ipsarum
1882 1371 1970 1408 uni-

430 1427 565 1476 cuique
591 1432 766 1473 taxatam,
789 1428 931 1478 quique
960 1428 1138 1465 solverint
1163 1434 1198 1466 et
1222 1429 1287 1479 qui
1310 1442 1404 1474 non,
1424 1429 1532 1466 nobis
1551 1428 1624 1466 cito
1649 1433 1684 1465 et
1701 1429 1861 1466 fideliter
1878 1429 1969 1466 inti—

431 1486 547 1522 metis.
567 1486 704 1522 Datum
731 1487 831 1537 apud
859 1488 1032 1526 Sanctam
1059 1488 1315 1525 Potentianam
1345 1488 1405 1526 Vll
1433 1488 1516 1525 idus
1538 1517 1715 1525 ........
1731 1489 1968 1539 pontificatus

431 1544 572 1581 domini
593 1545 732 1583 Urbani
753 1559 869 1596 papae
887 1547 1009 1596 quarti
1029 1561 1128 1584 anno
1146 1552 1290 1598 quarto.

478 1603 520 1640 ln
538 1605 646 1653 cujus
665 1606 715 1641 rei
735 1606 989 1643 testimonium
1010 1607 1266 1657 praesentibus
1284 1607 1414 1644 litteris
1433 1612 1601 1643 nostrum
1617 1607 1780 1657 sigillum
1796 1620 1869 1644 una
1883 1621 1967 1644 cum

430 1662 551 1712 sigillo
570 1664 712 1700 domini
734 1665 898 1715 magistri
921 1666 1087 1702 Renaudi
1109 1666 1285 1703 duximus
1305 1666 1580 1717 apponendum.
1951 1661 1957 1667 ’
