2184 3074
760 295 922 335 conssx
947 294 1196 334 DUNENSlS.
1671 300 1743 336 295

210 414 425 461 honestum,
454 416 492 452 in
514 413 772 466 spiritualibus
797 418 833 451 et
859 411 1126 463 temporalibus
1155 411 1471 463 circunspectum,
1502 414 1680 452 valentem
1709 423 1741 453 ct

208 472 383 510 scientem
408 472 582 510 eeclesiae
607 477 753 510 nostrae
774 470 858 521 jura
886 470 998 516 tueri,
1016 469 1188 506 videlicet
1211 470 1426 520 magistrum
1455 472 1675 511 Nicliolaum
1698 476 1743 512 de

208 531 420 576 Ambianis,
436 530 658 568 canonicum
675 534 821 568 nostrae
837 529 1031 572 ecclesiae,
1045 528 1126 565 aliis
1141 528 1177 565 in
1193 528 1283 566 alios
1301 529 1549 580 dirigentibus
1565 538 1646 569 vota
1664 547 1741 571 sua.

156 622 162 630 ,
206 588 375 639 factaque
393 589 589 627 collatione
609 587 752 626 numeri
767 587 814 624 ad
830 600 1044 632 numerum,
1060 586 1127 623 zeli
1144 587 1189 624 ad
1204 587 1343 633 zelum,
1357 589 1478 626 meriti
1493 590 1539 627 ad
1554 592 1740 638 meritum,

206 644 397 683 inventum
424 651 478 684 est
504 646 541 683 in
570 646 775 697 praefatum
803 645 1019 696 magistrum
1048 645 1090 682 N.
1118 645 1293 695 majorem
1309 652 1361 697 ‘et
1388 647 1571 686 saniorem
1600 656 1739 700 partem

206 702 318 740 totius
337 704 488 754 capituli
509 705 749 742 consensisse.
768 703 878 752 Quod
897 703 1063 740 videntes
1082 703 1143 740 alii
1163 703 1227 754 qui
1253 704 1290 741 in
1308 705 1488 742 scrutinio
1507 707 1598 744 alios
1618 710 1740 746 nomi-

206 769 353 810 narant,
373 764 544 802 videlicet
562 764 738 814 majorem
758 769 794 801 et
811 763 994 801 saniorem
1014 768 1154 814 partem
1175 764 1286 801 totius
1305 765 1456 815 capituli
1477 766 1513 804 in
1534 770 1738 818 praefatum

205 821 421 871 magistrum
443 822 484 859 N.
503 822 751 868 consensisse,
770 821 978 873 praedictae
996 822 1241 858 nominationi
1261 822 1307 859 de
1327 824 1501 874 magistro
1522 826 1562 862 N.
1582 841 1740 866 consen-

205 885 348 926 serunt,
376 885 411 918 et
438 894 511 918 una
543 894 628 918 cum
653 881 734 918 aliis
762 880 1010 918 adhaeserunt
1038 880 1167 917 eidem.
1195 881 1341 928 Quibus
1373 883 1462 920 actis
1494 884 1737 925 incontinenti

204 938 415 977 Willelmus
434 940 480 977 de
501 941 759 987 Wevelswale,
779 945 905 978 noster
923 940 1213 986 concanonicus,
1231 941 1383 978 nomine
1397 956 1464 979 suo
1479 949 1654 982 eteorum
1672 947 1736 997 qui

204 996 241 1033 in
260 996 360 1035 dicto
378 998 558 1036 scrutinio
578 998 808 1050 praedictum
828 999 1046 1050 magistrum
1066 999 1108 1036 N.
1129 999 1382 1044 nominarant,
1402 1006 1437 1037 et
1457 1002 1607 1039 nomine
1626 1005 1737 1042 totius

203 1054 351 1102 capituli
371 1061 406 1092 et
424 1056 470 1093 de
488 1069 670 1094 consensu
689 1069 816 1094 eorum
837 1070 878 1093 ac
898 1057 1087 1101 mandato,
1107 1058 1311 1107 praefatum
1333 1059 1548 1108 magistrum
1570 1061 1610 1098 N.
1631 1063 1739 1113 elegit

203 1114 240 1150 in
259 1113 442 1152 decanum
464 1121 609 1152 nostrae
627 1116 800 1153 ecclesiae
818 1129 884 1166 per
901 1116 990 1153 haec
1008 1116 1143 1153 verba:
1167 1117 1206 1153 ln
1228 1116 1378 1153 nominc
1401 1118 1516 1155 Patris
1540 1125 1575 1156 et
1599 1121 1682 1157 Filii
1703 1127 1738 1158 et

204 1171 366 1223 Spiritus
387 1174 523 1212 Sancti.
542 1175 618 1225 Ego
638 1175 850 1212 willelmus
868 1175 914 1211 de
934 1175 1192 1221 Wevelswale,
1211 1176 1411 1213 canonicus
1427 1177 1600 1214 ecclesiae
1613 1179 1736 1216 Sancti

200 1231 399 1270 Donatiani
419 1233 640 1284 Brugensis,
660 1233 811 1271 nominc
830 1247 912 1270 meo
931 1238 966 1271 et
983 1234 1152 1271 omnium
1181 1234 1246 1284 qui
1273 1241 1540 1272 consenserunt
1565 1237 1603 1273 in
1631 1251 1738 1287 prae-

201 1290 340 1328 dictum
363 1292 580 1343 magistrum
601 1293 642 1330 N.
662 1298 697 1330 et
717 1292 867 1330 nomine
886 1293 997 1330 totius
1022 1293 1175 1343 capituli
1200 1294 1314 1330 nostri
1339 1294 1384 1330 de
1409 1295 1583 1332 mandato
1606 1310 1735 1334 eorum

199 1350 295 1402 eligo
311 1351 347 1388 in
369 1352 550 1389 decanum
570 1352 743 1389 ecclesiae
762 1357 908 1389 nostrae
925 1352 1052 1390 Sancti
1069 1352 1266 1389 Donatiani
1286 1354 1486 1403 Brugensis
1507 1355 1627 1393 vii-um
1647 1371 1735 1407 pro-

199 1408 327 1446 vidum
354 1414 390 1446 et
409 1409 611 1447 discretum
638 1411 855 1460 magistrum
880 1410 1099 1447 Nicholaum
1125 1410 1171 1447 de
1198 1411 1407 1457 Ambianis,
1427 1419 1593 1451 nostrum
1622 1415 1733 1464 liujus
1760 1418 1764 1421 χ

198 1466 372 1504 ecclesiae
390 1467 697 1505 concanonicum.
716 1468 863 1516 Quibus
882 1468 990 1514 actis,
1010 1481 1094 1505 cum
1115 1468 1288 1506 instantia
1312 1483 1377 1506 nos
1396 1484 1524 1507 onmes
1542 1478 1578 1509 et
1597 1474 1732 1524 singuli

198 1525 460 1576 requisivimus
474 1526 646 1580 eumdem
665 1531 706 1563 ut
719 1527 887 1564 electioni
905 1527 951 1563 de
968 1541 1006 1564 se
1025 1527 1139 1564 sactae
1157 1540 1265 1564 suum
1286 1528 1395 1564 vellet
1413 1530 1587 1579 praebere
1606 1545 1737 1570 assen-

197 1597 290 1621 sum.
305 1584 378 1632 Qui
392 1585 519 1622 volens
535 1585 587 1622 uti
602 1585 699 1635 juris
715 1585 884 1631 consilio,
898 1585 1006 1622 nobis
1019 1585 1212 1636 respondit
1229 1599 1266 1623 se
1280 1586 1582 1626 deliberaturum.
1598 1590 1732 1629 Habita

197 1641 475 1687 deliberatione,
494 1655 563 1693 pro
581 1643 750 1693 profectu
769 1643 955 1689 eeclesiae,
974 1656 1048 1680 non
1068 1656 1241 1680 recusans
1259 1644 1437 1692 laborem,
1455 1646 1516 1684 die
1528 1647 1631 1685 Jovis
1650 1655 1733 1699 post

195 1705 340 1738 octavas
357 1700 600 1751 Epyphaniae
623 1701 659 1738 in
688 1706 814 1739 nostro
837 1701 1000 1752 capitulo
1023 1702 1193 1739 electioni
1216 1703 1262 1739 de
1281 1717 1319 1740 se
1339 1704 1453 1741 factae
1477 1707 1665 1745 consensit
1692 1708 1729 1746 in

196 1758 284 1796 haec
298 1759 409 1796 verba
424 1775 431 1796 :
448 1759 524 1810 Ego
539 1760 713 1810 magister
726 1760 927 1798 Nicholaus
941 1760 987 1796 de
1003 1760 1210 1806 Ambianis,
1225 1762 1426 1799 canonicus
1441 1764 1614 1802 ecclesiae
1628 1766 1729 1803 Beati

193 1818 392 1855 Donatiani
423 1818 643 1869 Brugensis,
662 1819 806 1860 electus
833 1819 870 1855 in
898 1819 1080 1856 decanum
1111 1819 1277 1868 ejusdem
1310 1821 1499 1867 ecclesiae,
1533 1823 1571 1859 in
1599 1825 1729 1873 primis

194 1881 377 1926 protestor
393 1877 495 1927 quod
515 1891 583 1928 per
600 1891 822 1915 consensum
841 1878 1010 1915 electioni
1030 1877 1075 1914 de
1094 1891 1153 1914 me
1171 1878 1285 1915 factae
1304 1879 1340 1915 in
1359 1879 1540 1918 decanum
1555 1883 1729 1929 ecclesiae

194 1934 402 1984 praedictae
419 1940 455 1972 et
471 1936 759 1986 acceptationem
777 1935 867 1972 dicti
891 1936 1108 1982 decanatus,
1133 1936 1162 1973 si
1183 1950 1242 1973 me
1263 1938 1470 1975 consentire
1489 1944 1524 1975 et
1540 1945 1729 1990 acceptare

193 1993 401 2044 contingat,
417 2007 492 2031 non
513 1994 576 2032 fiat
594 1995 686 2032 mihi
706 1995 977 2046 praejudicium
997 1996 1035 2032 in
1059 1996 1279 2032 canonicatu
1297 2001 1331 2033 et
1349 1997 1557 2046 praebenda
1576 2012 1670 2049 quos
1688 2000 1727 2037 in

194 2051 345 2088 ecclesia
371 2052 555 2102 praedicta
579 2053 750 2099 obtineo,
777 2053 806 2090 si
836 2058 1011 2104 appareat
1041 2053 1164 2103 ipsum
1195 2053 1414 2090 decanatum
1447 2055 1508 2091 alii
1540 2056 1665 2094 deberi
1693 2063 1728 2095 et

194 2109 286 2146 mihi
306 2123 380 2147 non
399 2116 608 2162 competere
622 2113 678 2149 vel
693 2117 901 2163 competere
917 2126 990 2150 non
1007 2126 1124 2163 posse.
1140 2113 1217 2150 Hac
1233 2114 1495 2163 protestatione
1510 2116 1725 2165 praemissa,

193 2181 260 2218 ego
279 2168 400 2206 dictus
418 2170 591 2220 magister
608 2171 808 2208 Nicholaus
827 2171 872 2208 de
893 2171 1086 2209 Ambianis
1111 2185 1131 2208 a
1157 2171 1344 2222 praedicta
1366 2174 1630 2222 protestatione
1653 2189 1726 2212 non

193 2226 384 2273 recedens,
403 2227 518 2266 immo
535 2229 655 2266 eidem
675 2230 831 2267 firmiter
851 2230 1062 2276 inhaerens,
1081 2230 1200 2267 dictae
1217 2230 1386 2267 electioni
1406 2231 1452 2268 de
1469 2245 1527 2268 me
1546 2233 1674 2279 sactae,
1695 2235 1724 2271 si

192 2284 313 2322 dictus
339 2285 538 2323 decanatus
561 2287 654 2324 nulli
673 2288 735 2325 alii
754 2288 800 2325 de
815 2288 899 2337 Jure
917 2293 1100 2339 competat
1119 2301 1182 2325 seu
1200 2288 1308 2325 etiam
1328 2289 1517 2337 debeatur.
1535 2293 1724 2329 consentio

192 2348 227 2380 et
244 2344 386 2382 dictum
406 2345 624 2383 decanatum
644 2353 806 2397 accepto.
