<?xml version="1.0" encoding="UTF-8"?>
<!DOCTYPE html PUBLIC "-//W3C//DTD XHTML 1.0 Transitional//EN"
    "http://www.w3.org/TR/xhtml1/DTD/xhtml1-transitional.dtd">
<html xmlns="http://www.w3.org/1999/xhtml" xml:lang="en" lang="en">
 <head>
  <title>
</title>
<meta http-equiv="Content-Type" content="text/html;charset=utf-8" />
  <meta name='ocr-system' content='tesseract 3.04.00' />
  <meta name='ocr-capabilities' content='ocr_page ocr_carea ocr_par ocr_line ocrx_word'/>
</head>
<body>
  <div class='ocr_page' id='page_1' title='image "./codexdunensissiv00kervuoft/codexdunensissiv00kervuoft_0482.png"; bbox 0 0 2184 3074; ppageno 0'>
   <div class='ocr_carea' id='block_1_1' title="bbox 495 279 1474 319">
    <p class='ocr_par' dir='ltr' id='par_1_1' title="bbox 495 279 1474 319">
     <span class='ocr_line' id='line_1_1' title="bbox 495 279 1474 319; baseline 0.001 -1"><span class='ocrx_word' id='word_1_1' title='bbox 495 279 569 318; x_wconf 69' lang='lat'><strong>440</strong></span> <span class='ocrx_word' id='word_1_2' title='bbox 1042 280 1204 318; x_wconf 85' lang='lat' dir='ltr'>CODEX</span> <span class='ocrx_word' id='word_1_3' title='bbox 1231 280 1474 319; x_wconf 83' lang='lat' dir='ltr'><strong>DUNENSIS.</strong></span> 
     </span>
    </p>
   </div>
   <div class='ocr_carea' id='block_1_2' title="bbox 418 395 2025 2443">
    <p class='ocr_par' dir='ltr' id='par_1_2' title="bbox 418 395 2025 2443">
     <span class='ocr_line' id='line_1_2' title="bbox 494 395 2021 447; baseline 0.004 -14"><span class='ocrx_word' id='word_1_4' title='bbox 494 397 703 443; x_wconf 77' lang='lat' dir='ltr'><strong>veritatem,</strong></span> <span class='ocrx_word' id='word_1_5' title='bbox 739 401 778 433; x_wconf 60' lang='lat' dir='ltr'><strong>et*</strong></span> <span class='ocrx_word' id='word_1_6' title='bbox 807 396 990 447; x_wconf 86' lang='lat' dir='ltr'><strong>quicquid</strong></span> <span class='ocrx_word' id='word_1_7' title='bbox 1021 408 1133 445; x_wconf 89' lang='lat' dir='ltr'><strong>super</strong></span> <span class='ocrx_word' id='word_1_8' title='bbox 1164 395 1236 433; x_wconf 90' lang='lat' dir='ltr'><strong>hiis</strong></span> <span class='ocrx_word' id='word_1_9' title='bbox 1270 395 1498 442; x_wconf 79' lang='lat' dir='ltr'><strong>invenirent,</strong></span> <span class='ocrx_word' id='word_1_10' title='bbox 1525 397 1633 435; x_wconf 90' lang='lat' dir='ltr'><strong>nobis</strong></span> <span class='ocrx_word' id='word_1_11' title='bbox 1659 399 1795 436; x_wconf 80' lang='lat' dir='ltr'><strong>referre</strong></span> <span class='ocrx_word' id='word_1_12' title='bbox 1820 413 1864 438; x_wconf 91' lang='lat' dir='ltr'><strong>ac</strong></span> <span class='ocrx_word' id='word_1_13' title='bbox 1893 413 2021 439; x_wconf 88' lang='lat' dir='ltr'><strong>eorum</strong></span> 
     </span>
     <span class='ocr_line' id='line_1_3' title="bbox 495 453 2024 507; baseline 0.003 -15"><span class='ocrx_word' id='word_1_14' title='bbox 495 455 743 493; x_wconf 85' lang='lat' dir='ltr'><strong>confessiones</strong></span> <span class='ocrx_word' id='word_1_15' title='bbox 773 459 810 491; x_wconf 88' lang='lat' dir='ltr'><strong>et</strong></span> <span class='ocrx_word' id='word_1_16' title='bbox 839 453 1088 504; x_wconf 85' lang='lat' dir='ltr'><strong>depositiones</strong></span> <span class='ocrx_word' id='word_1_17' title='bbox 1121 466 1187 504; x_wconf 89' lang='lat' dir='ltr'><strong>per</strong></span> <span class='ocrx_word' id='word_1_18' title='bbox 1211 466 1364 491; x_wconf 86' lang='lat' dir='ltr'><strong>manum</strong></span> <span class='ocrx_word' id='word_1_19' title='bbox 1396 455 1587 505; x_wconf 80' lang='lat' dir='ltr'><strong>publicam</strong></span> <span class='ocrx_word' id='word_1_20' title='bbox 1619 456 1658 492; x_wconf 94' lang='lat' dir='ltr'><strong>in</strong></span> <span class='ocrx_word' id='word_1_21' title='bbox 1684 457 1831 507; x_wconf 89' lang='lat' dir='ltr'><strong>scriptis</strong></span> <span class='ocrx_word' id='word_1_22' title='bbox 1860 458 2024 497; x_wconf 84' lang='lat' dir='ltr'><strong>redactas</strong></span> 
     </span>
     <span class='ocr_line' id='line_1_4' title="bbox 495 512 2025 566; baseline 0.003 -16"><span class='ocrx_word' id='word_1_23' title='bbox 495 519 621 551; x_wconf 89' lang='lat' dir='ltr'><strong>nostro</strong></span> <span class='ocrx_word' id='word_1_24' title='bbox 650 512 871 564; x_wconf 87' lang='lat' dir='ltr'><strong>apostolatui</strong></span> <span class='ocrx_word' id='word_1_25' title='bbox 902 512 1045 549; x_wconf 85' lang='lat' dir='ltr'><strong>deferre</strong></span> <span class='ocrx_word' id='word_1_26' title='bbox 1071 525 1114 548; x_wconf 88' lang='lat' dir='ltr'><strong>ac</strong></span> <span class='ocrx_word' id='word_1_27' title='bbox 1147 517 1380 562; x_wconf 89' lang='lat' dir='ltr'><strong>praesentare</strong></span> <span class='ocrx_word' id='word_1_28' title='bbox 1410 518 1599 557; x_wconf 75' lang='lat' dir='ltr'><strong>curarent,</strong></span> <span class='ocrx_word' id='word_1_29' title='bbox 1624 514 1763 552; x_wconf 90' lang='lat' dir='ltr'><strong>eisdem</strong></span> <span class='ocrx_word' id='word_1_30' title='bbox 1789 516 1964 566; x_wconf 81' lang='lat' dir='ltr'><strong>magistro</strong></span> <span class='ocrx_word' id='word_1_31' title='bbox 1989 521 2025 554; x_wconf 85' lang='lat' dir='ltr'><strong>et</strong></span> 
     </span>
     <span class='ocr_line' id='line_1_5' title="bbox 493 570 2024 623; baseline 0.002 -14"><span class='ocrx_word' id='word_1_32' title='bbox 493 571 793 623; x_wconf 78' lang='lat' dir='ltr'><strong>praeceptoribus</strong></span> <span class='ocrx_word' id='word_1_33' title='bbox 822 570 1067 607; x_wconf 84' lang='lat' dir='ltr'><strong>absolutionis</strong></span> <span class='ocrx_word' id='word_1_34' title='bbox 1097 570 1320 607; x_wconf 85' lang='lat' dir='ltr'><strong>beneficium</strong></span> <span class='ocrx_word' id='word_1_35' title='bbox 1350 584 1371 607; x_wconf 90' lang='lat' dir='ltr'><strong>a</strong></span> <span class='ocrx_word' id='word_1_36' title='bbox 1402 572 1582 609; x_wconf 86' lang='lat' dir='ltr'><strong>sententia</strong></span> <span class='ocrx_word' id='word_1_37' title='bbox 1612 573 2024 622; x_wconf 79' lang='lat' dir='ltr'><strong>excommunicationis,</strong></span> 
     </span>
     <span class='ocr_line' id='line_1_6' title="bbox 492 629 2023 683; baseline 0.002 -15"><span class='ocrx_word' id='word_1_38' title='bbox 492 644 605 683; x_wconf 84' lang='lat' dir='ltr'><strong>quam</strong></span> <span class='ocrx_word' id='word_1_39' title='bbox 629 643 697 682; x_wconf 87' lang='lat' dir='ltr'><strong>pro</strong></span> <span class='ocrx_word' id='word_1_40' title='bbox 721 629 947 681; x_wconf 75' lang='lat' dir='ltr'><strong>praemissis,</strong></span> <span class='ocrx_word' id='word_1_41' title='bbox 965 629 995 666; x_wconf 91' lang='lat' dir='ltr'><strong>si</strong></span> <span class='ocrx_word' id='word_1_42' title='bbox 1018 642 1104 666; x_wconf 88' lang='lat' dir='ltr'><strong>vera</strong></span> <span class='ocrx_word' id='word_1_43' title='bbox 1128 634 1266 676; x_wconf 84' lang='lat' dir='ltr'><strong>essent,</strong></span> <span class='ocrx_word' id='word_1_44' title='bbox 1285 630 1533 677; x_wconf 82' lang='lat' dir='ltr'><strong>incurrerant,</strong></span> <span class='ocrx_word' id='word_1_45' title='bbox 1557 631 1587 669; x_wconf 92' lang='lat' dir='ltr'><strong>si</strong></span> <span class='ocrx_word' id='word_1_46' title='bbox 1605 631 1876 670; x_wconf 90' lang='lat' dir='ltr'><strong>absolutionem</strong></span> <span class='ocrx_word' id='word_1_47' title='bbox 1896 633 2023 671; x_wconf 89' lang='lat' dir='ltr'><strong>humi-</strong></span> 
     </span>
     <span class='ocr_line' id='line_1_7' title="bbox 494 687 2021 742; baseline 0.003 -16"><span class='ocrx_word' id='word_1_48' title='bbox 494 689 577 726; x_wconf 87' lang='lat' dir='ltr'><strong>liter</strong></span> <span class='ocrx_word' id='word_1_49' title='bbox 593 694 628 726; x_wconf 90' lang='lat' dir='ltr'><strong>et</strong></span> <span class='ocrx_word' id='word_1_50' title='bbox 645 689 776 725; x_wconf 86' lang='lat' dir='ltr'><strong>devote</strong></span> <span class='ocrx_word' id='word_1_51' title='bbox 801 692 983 739; x_wconf 88' lang='lat' dir='ltr'><strong>peterent,</strong></span> <span class='ocrx_word' id='word_1_52' title='bbox 1000 692 1042 724; x_wconf 89' lang='lat' dir='ltr'><strong>ut</strong></span> <span class='ocrx_word' id='word_1_53' title='bbox 1063 687 1265 734; x_wconf 89' lang='lat' dir='ltr'><strong>debebant,</strong></span> <span class='ocrx_word' id='word_1_54' title='bbox 1279 688 1387 738; x_wconf 85' lang='lat' dir='ltr'><strong>juxta</strong></span> <span class='ocrx_word' id='word_1_55' title='bbox 1411 688 1567 726; x_wconf 87' lang='lat' dir='ltr'><strong>formam</strong></span> <span class='ocrx_word' id='word_1_56' title='bbox 1587 688 1787 737; x_wconf 84' lang='lat' dir='ltr'><strong>Ecclesiae,</strong></span> <span class='ocrx_word' id='word_1_57' title='bbox 1805 691 2021 742; x_wconf 83' lang='lat' dir='ltr'><strong>impensuri.</strong></span> 
     </span>
     <span class='ocr_line' id='line_1_8' title="bbox 492 746 2021 800; baseline 0.003 -15"><span class='ocrx_word' id='word_1_58' title='bbox 492 748 564 796; x_wconf 85' lang='lat' dir='ltr'><strong>Qui</strong></span> <span class='ocrx_word' id='word_1_59' title='bbox 597 748 801 785; x_wconf 80' lang='lat' dir='ltr'><strong>cardinales</strong></span> <span class='ocrx_word' id='word_1_60' title='bbox 831 746 877 784; x_wconf 90' lang='lat' dir='ltr'><strong>ad</strong></span> <span class='ocrx_word' id='word_1_61' title='bbox 908 747 1007 797; x_wconf 90' lang='lat' dir='ltr'><strong>ipsos</strong></span> <span class='ocrx_word' id='word_1_62' title='bbox 1037 748 1255 799; x_wconf 85' lang='lat' dir='ltr'><strong>magistrum</strong></span> <span class='ocrx_word' id='word_1_63' title='bbox 1288 752 1325 784; x_wconf 85' lang='lat' dir='ltr'><strong>et</strong></span> <span class='ocrx_word' id='word_1_64' title='bbox 1357 753 1612 799; x_wconf 85' lang='lat' dir='ltr'><strong>praeceptores</strong></span> <span class='ocrx_word' id='word_1_65' title='bbox 1642 750 1886 800; x_wconf 85' lang='lat' dir='ltr'><strong>personaliter</strong></span> <span class='ocrx_word' id='word_1_66' title='bbox 1915 764 2021 788; x_wconf 87' lang='lat' dir='ltr'><strong>acce-</strong></span> 
     </span>
     <span class='ocr_line' id='line_1_9' title="bbox 491 806 2022 861; baseline 0.003 -17"><span class='ocrx_word' id='word_1_67' title='bbox 491 807 635 852; x_wconf 87' lang='lat' dir='ltr'><strong>dentes,</strong></span> <span class='ocrx_word' id='word_1_68' title='bbox 665 806 717 844; x_wconf 91' lang='lat' dir='ltr'><strong>eis</strong></span> <span class='ocrx_word' id='word_1_69' title='bbox 747 806 805 844; x_wconf 88' lang='lat' dir='ltr'><strong>sui</strong></span> <span class='ocrx_word' id='word_1_70' title='bbox 837 806 1017 844; x_wconf 88' lang='lat' dir='ltr'><strong>adventus</strong></span> <span class='ocrx_word' id='word_1_71' title='bbox 1048 819 1196 844; x_wconf 91' lang='lat' dir='ltr'><strong>causam</strong></span> <span class='ocrx_word' id='word_1_72' title='bbox 1230 812 1500 858; x_wconf 87' lang='lat' dir='ltr'><strong>exposuerunt,</strong></span> <span class='ocrx_word' id='word_1_73' title='bbox 1529 813 1566 845; x_wconf 91' lang='lat' dir='ltr'><strong>et</strong></span> <span class='ocrx_word' id='word_1_74' title='bbox 1591 809 1769 859; x_wconf 88' lang='lat' dir='ltr'><strong>quoniam</strong></span> <span class='ocrx_word' id='word_1_75' title='bbox 1794 813 1868 846; x_wconf 87' lang='lat' dir='ltr'><strong>tam</strong></span> <span class='ocrx_word' id='word_1_76' title='bbox 1892 823 2022 861; x_wconf 82' lang='lat' dir='ltr'><strong>perso-</strong></span> 
     </span>
     <span class='ocr_line' id='line_1_10' title="bbox 491 865 2021 918; baseline 0.003 -16"><span class='ocrx_word' id='word_1_77' title='bbox 491 879 559 903; x_wconf 86' lang='lat' dir='ltr'><strong>nae</strong></span> <span class='ocrx_word' id='word_1_78' title='bbox 588 878 700 915; x_wconf 90' lang='lat' dir='ltr'><strong>quam</strong></span> <span class='ocrx_word' id='word_1_79' title='bbox 735 878 791 902; x_wconf 92' lang='lat' dir='ltr'><strong>res</strong></span> <span class='ocrx_word' id='word_1_80' title='bbox 822 865 988 916; x_wconf 89' lang='lat' dir='ltr'><strong>ipsorum</strong></span> <span class='ocrx_word' id='word_1_81' title='bbox 1019 870 1056 902; x_wconf 91' lang='lat' dir='ltr'><strong>et</strong></span> <span class='ocrx_word' id='word_1_82' title='bbox 1078 865 1236 902; x_wconf 89' lang='lat' dir='ltr'><strong>aliorum</strong></span> <span class='ocrx_word' id='word_1_83' title='bbox 1260 865 1557 916; x_wconf 85' lang='lat' dir='ltr'><strong>Templariorum</strong></span> <span class='ocrx_word' id='word_1_84' title='bbox 1588 866 1627 904; x_wconf 95' lang='lat' dir='ltr'><strong>in</strong></span> <span class='ocrx_word' id='word_1_85' title='bbox 1655 880 1770 918; x_wconf 85' lang='lat' dir='ltr'><strong>regno</strong></span> <span class='ocrx_word' id='word_1_86' title='bbox 1793 867 2021 906; x_wconf 86' lang='lat' dir='ltr'><strong>Francorum</strong></span> 
     </span>
     <span class='ocr_line' id='line_1_11' title="bbox 490 924 2023 977; baseline 0.002 -15"><span class='ocrx_word' id='word_1_87' title='bbox 490 924 770 962; x_wconf 88' lang='lat' dir='ltr'><strong>consistentium</strong></span> <span class='ocrx_word' id='word_1_88' title='bbox 797 924 835 961; x_wconf 91' lang='lat' dir='ltr'><strong>in</strong></span> <span class='ocrx_word' id='word_1_89' title='bbox 862 924 1036 962; x_wconf 86' lang='lat' dir='ltr'><strong>manibus</strong></span> <span class='ocrx_word' id='word_1_90' title='bbox 1060 924 1195 962; x_wconf 90' lang='lat' dir='ltr'><strong>nostris</strong></span> <span class='ocrx_word' id='word_1_91' title='bbox 1218 929 1338 971; x_wconf 82' lang='lat' dir='ltr'><strong>erant,</strong></span> <span class='ocrx_word' id='word_1_92' title='bbox 1356 925 1458 975; x_wconf 92' lang='lat' dir='ltr'><strong>quod</strong></span> <span class='ocrx_word' id='word_1_93' title='bbox 1481 925 1596 962; x_wconf 90' lang='lat' dir='ltr'><strong>libere</strong></span> <span class='ocrx_word' id='word_1_94' title='bbox 1617 925 1759 976; x_wconf 89' lang='lat' dir='ltr'><strong>absque</strong></span> <span class='ocrx_word' id='word_1_95' title='bbox 1777 930 1878 963; x_wconf 89' lang='lat' dir='ltr'><strong>metu</strong></span> <span class='ocrx_word' id='word_1_96' title='bbox 1896 927 2023 977; x_wconf 86' lang='lat' dir='ltr'><strong>cujus-</strong></span> 
     </span>
     <span class='ocr_line' id='line_1_12' title="bbox 490 983 2023 1034; baseline 0.001 -14"><span class='ocrx_word' id='word_1_97' title='bbox 490 997 601 1034; x_wconf 86' lang='lat' dir='ltr'><strong>quam</strong></span> <span class='ocrx_word' id='word_1_98' title='bbox 623 983 731 1033; x_wconf 87' lang='lat' dir='ltr'><strong>plene</strong></span> <span class='ocrx_word' id='word_1_99' title='bbox 748 995 790 1019; x_wconf 89' lang='lat' dir='ltr'><strong>ac</strong></span> <span class='ocrx_word' id='word_1_100' title='bbox 807 995 900 1032; x_wconf 90' lang='lat' dir='ltr'><strong>pure</strong></span> <span class='ocrx_word' id='word_1_101' title='bbox 917 995 1029 1032; x_wconf 91' lang='lat' dir='ltr'><strong>super</strong></span> <span class='ocrx_word' id='word_1_102' title='bbox 1046 983 1257 1034; x_wconf 85' lang='lat' dir='ltr'><strong>praemissis</strong></span> <span class='ocrx_word' id='word_1_103' title='bbox 1282 983 1458 1021; x_wconf 92' lang='lat' dir='ltr'><strong>omnibus</strong></span> <span class='ocrx_word' id='word_1_104' title='bbox 1478 983 1568 1034; x_wconf 88' lang='lat' dir='ltr'><strong>ipsis</strong></span> <span class='ocrx_word' id='word_1_105' title='bbox 1586 983 1838 1021; x_wconf 87' lang='lat' dir='ltr'><strong>cardinalibus</strong></span> <span class='ocrx_word' id='word_1_106' title='bbox 1858 984 2023 1022; x_wconf 85' lang='lat' dir='ltr'><strong>dicerent</strong></span> 
     </span>
     <span class='ocr_line' id='line_1_13' title="bbox 489 1041 2020 1094; baseline 0.002 -17"><span class='ocrx_word' id='word_1_107' title='bbox 489 1041 695 1086; x_wconf 85' lang='lat' dir='ltr'><strong>veritatem,</strong></span> <span class='ocrx_word' id='word_1_108' title='bbox 709 1041 760 1078; x_wconf 91' lang='lat' dir='ltr'><strong>cis</strong></span> <span class='ocrx_word' id='word_1_109' title='bbox 778 1041 995 1078; x_wconf 86' lang='lat' dir='ltr'><strong>auctoritate</strong></span> <span class='ocrx_word' id='word_1_110' title='bbox 1011 1041 1213 1091; x_wconf 86' lang='lat' dir='ltr'><strong>apostolica</strong></span> <span class='ocrx_word' id='word_1_111' title='bbox 1232 1041 1486 1091; x_wconf 85' lang='lat' dir='ltr'><strong>injunxerunt.</strong></span> <span class='ocrx_word' id='word_1_112' title='bbox 1505 1042 1578 1090; x_wconf 86' lang='lat' dir='ltr'><strong>Qui</strong></span> <span class='ocrx_word' id='word_1_113' title='bbox 1597 1042 1771 1092; x_wconf 84' lang='lat' dir='ltr'><strong>magister</strong></span> <span class='ocrx_word' id='word_1_114' title='bbox 1788 1046 1824 1079; x_wconf 90' lang='lat' dir='ltr'><strong>et</strong></span> <span class='ocrx_word' id='word_1_115' title='bbox 1843 1055 2020 1094; x_wconf 87' lang='lat' dir='ltr'><strong>praecep-</strong></span> 
     </span>
     <span class='ocr_line' id='line_1_14' title="bbox 490 1099 2020 1151; baseline 0.002 -16"><span class='ocrx_word' id='word_1_116' title='bbox 490 1104 585 1136; x_wconf 90' lang='lat' dir='ltr'><strong>tores</strong></span> <span class='ocrx_word' id='word_1_117' title='bbox 602 1099 793 1145; x_wconf 86' lang='lat' dir='ltr'><strong>Franciae,</strong></span> <span class='ocrx_word' id='word_1_118' title='bbox 814 1104 930 1136; x_wconf 82' lang='lat' dir='ltr'><strong>terrae</strong></span> <span class='ocrx_word' id='word_1_119' title='bbox 944 1099 1226 1146; x_wconf 85' lang='lat' dir='ltr'><strong>ultramarinae,</strong></span> <span class='ocrx_word' id='word_1_120' title='bbox 1243 1099 1508 1147; x_wconf 87' lang='lat' dir='ltr'><strong>Normanuiae,</strong></span> <span class='ocrx_word' id='word_1_121' title='bbox 1525 1100 1748 1151; x_wconf 88' lang='lat' dir='ltr'><strong>Aquitaniae</strong></span> <span class='ocrx_word' id='word_1_122' title='bbox 1769 1114 1812 1138; x_wconf 85' lang='lat' dir='ltr'><strong>ac</strong></span> <span class='ocrx_word' id='word_1_123' title='bbox 1835 1101 2020 1139; x_wconf 84' lang='lat' dir='ltr'><strong>Pictaviae</strong></span> 
     </span>
     <span class='ocr_line' id='line_1_15' title="bbox 487 1157 2019 1210; baseline 0.002 -16"><span class='ocrx_word' id='word_1_124' title='bbox 487 1171 610 1195; x_wconf 89' lang='lat' dir='ltr'><strong>coram</strong></span> <span class='ocrx_word' id='word_1_125' title='bbox 625 1157 713 1208; x_wconf 91' lang='lat' dir='ltr'><strong>ipsis</strong></span> <span class='ocrx_word' id='word_1_126' title='bbox 727 1157 846 1195; x_wconf 89' lang='lat' dir='ltr'><strong>tribus</strong></span> <span class='ocrx_word' id='word_1_127' title='bbox 860 1157 1129 1204; x_wconf 84' lang='lat' dir='ltr'><strong>cardinalibus,</strong></span> <span class='ocrx_word' id='word_1_128' title='bbox 1139 1158 1396 1208; x_wconf 89' lang='lat' dir='ltr'><strong>praesentibus</strong></span> <span class='ocrx_word' id='word_1_129' title='bbox 1409 1163 1572 1209; x_wconf 90' lang='lat' dir='ltr'><strong>quatuor</strong></span> <span class='ocrx_word' id='word_1_130' title='bbox 1585 1159 1848 1197; x_wconf 83' lang='lat' dir='ltr'><strong>tabellionibus</strong></span> <span class='ocrx_word' id='word_1_131' title='bbox 1858 1159 2019 1210; x_wconf 82' lang='lat' dir='ltr'><strong>publicis</strong></span> 
     </span>
     <span class='ocr_line' id='line_1_16' title="bbox 487 1216 2019 1269; baseline 0.001 -15"><span class='ocrx_word' id='word_1_132' title='bbox 487 1221 523 1254; x_wconf 88' lang='lat' dir='ltr'><strong>et</strong></span> <span class='ocrx_word' id='word_1_133' title='bbox 553 1216 680 1253; x_wconf 89' lang='lat' dir='ltr'><strong>multis</strong></span> <span class='ocrx_word' id='word_1_134' title='bbox 707 1216 788 1253; x_wconf 79' lang='lat' dir='ltr'><strong>aliis</strong></span> <span class='ocrx_word' id='word_1_135' title='bbox 814 1216 922 1253; x_wconf 91' lang='lat' dir='ltr'><strong>bonis</strong></span> <span class='ocrx_word' id='word_1_136' title='bbox 954 1216 1043 1253; x_wconf 92' lang='lat' dir='ltr'><strong>viris</strong></span> <span class='ocrx_word' id='word_1_137' title='bbox 1074 1216 1120 1253; x_wconf 87' lang='lat' dir='ltr'><strong>ad</strong></span> <span class='ocrx_word' id='word_1_138' title='bbox 1150 1221 1277 1254; x_wconf 89' lang='lat' dir='ltr'><strong>sancta</strong></span> <span class='ocrx_word' id='word_1_139' title='bbox 1300 1217 1368 1254; x_wconf 91' lang='lat' dir='ltr'><strong>Dei</strong></span> <span class='ocrx_word' id='word_1_140' title='bbox 1393 1217 1595 1267; x_wconf 82' lang='lat' dir='ltr'><strong>ewangelia</strong></span> <span class='ocrx_word' id='word_1_141' title='bbox 1621 1217 1668 1254; x_wconf 86' lang='lat' dir='ltr'><strong>ab</strong></span> <span class='ocrx_word' id='word_1_142' title='bbox 1695 1218 1748 1255; x_wconf 92' lang='lat' dir='ltr'><strong>eis</strong></span> <span class='ocrx_word' id='word_1_143' title='bbox 1777 1218 2019 1269; x_wconf 84' lang='lat' dir='ltr'><strong>corporaliter</strong></span> 
     </span>
     <span class='ocr_line' id='line_1_17' title="bbox 487 1274 2020 1326; baseline 0.001 -14"><span class='ocrx_word' id='word_1_144' title='bbox 487 1280 601 1322; x_wconf 86' lang='lat' dir='ltr'><strong>tacta,</strong></span> <span class='ocrx_word' id='word_1_145' title='bbox 637 1275 812 1326; x_wconf 84' lang='lat' dir='ltr'><strong>praestito</strong></span> <span class='ocrx_word' id='word_1_146' title='bbox 844 1274 1059 1324; x_wconf 85' lang='lat' dir='ltr'><strong>juramento</strong></span> <span class='ocrx_word' id='word_1_147' title='bbox 1092 1275 1195 1325; x_wconf 90' lang='lat' dir='ltr'><strong>quod</strong></span> <span class='ocrx_word' id='word_1_148' title='bbox 1225 1288 1338 1326; x_wconf 91' lang='lat' dir='ltr'><strong>super</strong></span> <span class='ocrx_word' id='word_1_149' title='bbox 1368 1275 1579 1326; x_wconf 85' lang='lat' dir='ltr'><strong>praemissis</strong></span> <span class='ocrx_word' id='word_1_150' title='bbox 1613 1275 1789 1313; x_wconf 93' lang='lat' dir='ltr'><strong>omnibus</strong></span> <span class='ocrx_word' id='word_1_151' title='bbox 1823 1289 1961 1314; x_wconf 89' lang='lat' dir='ltr'><strong>meram</strong></span> <span class='ocrx_word' id='word_1_152' title='bbox 1983 1282 2020 1315; x_wconf 89' lang='lat' dir='ltr'><strong>et</strong></span> 
     </span>
     <span class='ocr_line' id='line_1_18' title="bbox 486 1334 2019 1387; baseline 0.001 -16"><span class='ocrx_word' id='word_1_153' title='bbox 486 1348 617 1385; x_wconf 91' lang='lat' dir='ltr'><strong>puram</strong></span> <span class='ocrx_word' id='word_1_154' title='bbox 635 1334 801 1371; x_wconf 85' lang='lat' dir='ltr'><strong>dicerent</strong></span> <span class='ocrx_word' id='word_1_155' title='bbox 813 1334 1021 1380; x_wconf 88' lang='lat' dir='ltr'><strong>veritatem,</strong></span> <span class='ocrx_word' id='word_1_156' title='bbox 1039 1347 1162 1371; x_wconf 87' lang='lat' dir='ltr'><strong>coram</strong></span> <span class='ocrx_word' id='word_1_157' title='bbox 1182 1334 1271 1385; x_wconf 92' lang='lat' dir='ltr'><strong>ipsis</strong></span> <span class='ocrx_word' id='word_1_158' title='bbox 1289 1334 1526 1385; x_wconf 86' lang='lat' dir='ltr'><strong>singulariter</strong></span> <span class='ocrx_word' id='word_1_159' title='bbox 1543 1335 1657 1372; x_wconf 89' lang='lat' dir='ltr'><strong>libere</strong></span> <span class='ocrx_word' id='word_1_160' title='bbox 1671 1348 1714 1372; x_wconf 90' lang='lat' dir='ltr'><strong>ac</strong></span> <span class='ocrx_word' id='word_1_161' title='bbox 1730 1339 1862 1385; x_wconf 93' lang='lat' dir='ltr'><strong>sponte</strong></span> <span class='ocrx_word' id='word_1_162' title='bbox 1876 1334 2019 1387; x_wconf 81' lang='lat' dir='ltr'><strong>absque</strong></span> 
     </span>
     <span class='ocr_line' id='line_1_19' title="bbox 486 1393 2017 1444; baseline 0.001 -15"><span class='ocrx_word' id='word_1_163' title='bbox 486 1393 674 1430; x_wconf 85' lang='lat' dir='ltr'><strong>coactione</strong></span> <span class='ocrx_word' id='word_1_164' title='bbox 686 1393 854 1443; x_wconf 89' lang='lat' dir='ltr'><strong>qualibet</strong></span> <span class='ocrx_word' id='word_1_165' title='bbox 868 1398 903 1430; x_wconf 91' lang='lat' dir='ltr'><strong>et</strong></span> <span class='ocrx_word' id='word_1_166' title='bbox 920 1397 1059 1430; x_wconf 91' lang='lat' dir='ltr'><strong>terrore</strong></span> <span class='ocrx_word' id='word_1_167' title='bbox 1075 1393 1329 1444; x_wconf 90' lang='lat' dir='ltr'><strong>deposuerunt</strong></span> <span class='ocrx_word' id='word_1_168' title='bbox 1342 1398 1378 1430; x_wconf 89' lang='lat' dir='ltr'><strong>et</strong></span> <span class='ocrx_word' id='word_1_169' title='bbox 1391 1393 1548 1430; x_wconf 86' lang='lat' dir='ltr'><strong>confessi</strong></span> <span class='ocrx_word' id='word_1_170' title='bbox 1564 1394 1731 1440; x_wconf 78' lang='lat' dir='ltr'><strong>fuerunt,</strong></span> <span class='ocrx_word' id='word_1_171' title='bbox 1748 1393 1845 1430; x_wconf 89' lang='lat' dir='ltr'><strong>inter</strong></span> <span class='ocrx_word' id='word_1_172' title='bbox 1858 1398 2017 1440; x_wconf 86' lang='lat' dir='ltr'><strong>caetera,</strong></span> 
     </span>
     <span class='ocr_line' id='line_1_20' title="bbox 485 1451 2017 1502; baseline 0.001 -15"><span class='ocrx_word' id='word_1_173' title='bbox 485 1451 620 1488; x_wconf 84' lang='lat' dir='ltr'><strong>Christi</strong></span> <span class='ocrx_word' id='word_1_174' title='bbox 646 1451 927 1501; x_wconf 84' lang='lat' dir='ltr'><strong>abnegationem</strong></span> <span class='ocrx_word' id='word_1_175' title='bbox 945 1456 981 1488; x_wconf 89' lang='lat' dir='ltr'><strong>ct</strong></span> <span class='ocrx_word' id='word_1_176' title='bbox 998 1452 1223 1502; x_wconf 89' lang='lat' dir='ltr'><strong>spuitionem</strong></span> <span class='ocrx_word' id='word_1_177' title='bbox 1243 1465 1356 1502; x_wconf 93' lang='lat' dir='ltr'><strong>super</strong></span> <span class='ocrx_word' id='word_1_178' title='bbox 1373 1465 1539 1498; x_wconf 88' lang='lat' dir='ltr'><strong>crucem,</strong></span> <span class='ocrx_word' id='word_1_179' title='bbox 1562 1465 1647 1488; x_wconf 91' lang='lat' dir='ltr'><strong>cum</strong></span> <span class='ocrx_word' id='word_1_180' title='bbox 1666 1451 1704 1488; x_wconf 91' lang='lat' dir='ltr'><strong>in</strong></span> <span class='ocrx_word' id='word_1_181' title='bbox 1725 1451 1857 1488; x_wconf 87' lang='lat' dir='ltr'><strong>ordine</strong></span> <span class='ocrx_word' id='word_1_182' title='bbox 1873 1451 2017 1502; x_wconf 85' lang='lat' dir='ltr'><strong>Templi</strong></span> 
     </span>
     <span class='ocr_line' id='line_1_21' title="bbox 484 1509 2017 1561; baseline -0.001 -14"><span class='ocrx_word' id='word_1_183' title='bbox 484 1510 619 1561; x_wconf 88' lang='lat' dir='ltr'><strong>recepti</strong></span> <span class='ocrx_word' id='word_1_184' title='bbox 639 1511 807 1557; x_wconf 83' lang='lat' dir='ltr'><strong>fuerunt,</strong></span> <span class='ocrx_word' id='word_1_185' title='bbox 826 1516 862 1547; x_wconf 91' lang='lat' dir='ltr'><strong>et</strong></span> <span class='ocrx_word' id='word_1_186' title='bbox 878 1511 1031 1561; x_wconf 87' lang='lat' dir='ltr'><strong>quidam</strong></span> <span class='ocrx_word' id='word_1_187' title='bbox 1050 1524 1095 1548; x_wconf 89' lang='lat' dir='ltr'><strong>ex</strong></span> <span class='ocrx_word' id='word_1_188' title='bbox 1117 1511 1169 1548; x_wconf 90' lang='lat' dir='ltr'><strong>eis</strong></span> <span class='ocrx_word' id='word_1_189' title='bbox 1191 1525 1229 1548; x_wconf 92' lang='lat' dir='ltr'><strong>se</strong></span> <span class='ocrx_word' id='word_1_190' title='bbox 1249 1511 1321 1548; x_wconf 92' lang='lat' dir='ltr'><strong>sub</strong></span> <span class='ocrx_word' id='word_1_191' title='bbox 1339 1511 1467 1548; x_wconf 89' lang='lat' dir='ltr'><strong>eadem</strong></span> <span class='ocrx_word' id='word_1_192' title='bbox 1486 1511 1622 1556; x_wconf 81' lang='lat' dir='ltr'><strong>forma,</strong></span> <span class='ocrx_word' id='word_1_193' title='bbox 1640 1510 1779 1547; x_wconf 86' lang='lat' dir='ltr'><strong>scilicet</strong></span> <span class='ocrx_word' id='word_1_194' title='bbox 1796 1523 1882 1546; x_wconf 87' lang='lat' dir='ltr'><strong>cum</strong></span> <span class='ocrx_word' id='word_1_195' title='bbox 1900 1509 2017 1547; x_wconf 90' lang='lat' dir='ltr'><strong>abne-</strong></span> 
     </span>
     <span class='ocr_line' id='line_1_22' title="bbox 484 1567 2018 1620; baseline -0.001 -14"><span class='ocrx_word' id='word_1_196' title='bbox 484 1570 631 1619; x_wconf 88' lang='lat' dir='ltr'><strong>gatione</strong></span> <span class='ocrx_word' id='word_1_197' title='bbox 650 1569 785 1606; x_wconf 91' lang='lat' dir='ltr'><strong>Christi</strong></span> <span class='ocrx_word' id='word_1_198' title='bbox 806 1583 848 1606; x_wconf 87' lang='lat' dir='ltr'><strong>ac</strong></span> <span class='ocrx_word' id='word_1_199' title='bbox 870 1569 1057 1620; x_wconf 87' lang='lat' dir='ltr'><strong>spuitione</strong></span> <span class='ocrx_word' id='word_1_200' title='bbox 1080 1570 1200 1620; x_wconf 74' lang='lat' dir='ltr'><strong>super&#39;</strong></span> <span class='ocrx_word' id='word_1_201' title='bbox 1214 1583 1379 1615; x_wconf 88' lang='lat' dir='ltr'><strong>crucem,</strong></span> <span class='ocrx_word' id='word_1_202' title='bbox 1398 1570 1527 1606; x_wconf 88' lang='lat' dir='ltr'><strong>fratres</strong></span> <span class='ocrx_word' id='word_1_203' title='bbox 1552 1568 1688 1605; x_wconf 90' lang='lat' dir='ltr'><strong>multos</strong></span> <span class='ocrx_word' id='word_1_204' title='bbox 1710 1567 1900 1618; x_wconf 88' lang='lat' dir='ltr'><strong>recepisse.</strong></span> <span class='ocrx_word' id='word_1_205' title='bbox 1922 1567 2018 1605; x_wconf 91' lang='lat' dir='ltr'><strong>Sunt</strong></span> 
     </span>
     <span class='ocr_line' id='line_1_23' title="bbox 484 1625 2017 1678; baseline -0.001 -14"><span class='ocrx_word' id='word_1_206' title='bbox 484 1627 593 1665; x_wconf 90' lang='lat' dir='ltr'><strong>etiam</strong></span> <span class='ocrx_word' id='word_1_207' title='bbox 622 1627 775 1678; x_wconf 89' lang='lat' dir='ltr'><strong>quidam</strong></span> <span class='ocrx_word' id='word_1_208' title='bbox 801 1641 846 1665; x_wconf 89' lang='lat' dir='ltr'><strong>ex</strong></span> <span class='ocrx_word' id='word_1_209' title='bbox 867 1628 919 1665; x_wconf 91' lang='lat' dir='ltr'><strong>eis</strong></span> <span class='ocrx_word' id='word_1_210' title='bbox 949 1628 1013 1678; x_wconf 94' lang='lat' dir='ltr'><strong>qui</strong></span> <span class='ocrx_word' id='word_1_211' title='bbox 1043 1628 1237 1665; x_wconf 87' lang='lat' dir='ltr'><strong>horribilia</strong></span> <span class='ocrx_word' id='word_1_212' title='bbox 1263 1633 1299 1664; x_wconf 92' lang='lat' dir='ltr'><strong>et</strong></span> <span class='ocrx_word' id='word_1_213' title='bbox 1324 1628 1394 1664; x_wconf 89' lang='lat' dir='ltr'><strong>alia</strong></span> <span class='ocrx_word' id='word_1_214' title='bbox 1426 1627 1622 1664; x_wconf 86' lang='lat' dir='ltr'><strong>inhonesta</strong></span> <span class='ocrx_word' id='word_1_215' title='bbox 1647 1625 1826 1670; x_wconf 83' lang='lat' dir='ltr'><strong>confessi,</strong></span> <span class='ocrx_word' id='word_1_216' title='bbox 1846 1628 2017 1676; x_wconf 87' lang='lat' dir='ltr'><strong>quae,ut</strong></span> 
     </span>
     <span class='ocr_line' id='line_1_24' title="bbox 482 1685 2016 1737; baseline -0.002 -14"><span class='ocrx_word' id='word_1_217' title='bbox 482 1699 611 1723; x_wconf 90' lang='lat' dir='ltr'><strong>eorum</strong></span> <span class='ocrx_word' id='word_1_218' title='bbox 625 1686 671 1723; x_wconf 90' lang='lat' dir='ltr'><strong>ad</strong></span> <span class='ocrx_word' id='word_1_219' title='bbox 691 1700 861 1737; x_wconf 88' lang='lat' dir='ltr'><strong>praesens</strong></span> <span class='ocrx_word' id='word_1_220' title='bbox 882 1700 1076 1737; x_wconf 89' lang='lat' dir='ltr'><strong>parcamus</strong></span> <span class='ocrx_word' id='word_1_221' title='bbox 1096 1686 1357 1732; x_wconf 89' lang='lat' dir='ltr'><strong>verecundiae,</strong></span> <span class='ocrx_word' id='word_1_222' title='bbox 1380 1686 1618 1723; x_wconf 89' lang='lat' dir='ltr'><strong>subticemus.</strong></span> <span class='ocrx_word' id='word_1_223' title='bbox 1634 1685 1818 1721; x_wconf 88' lang='lat' dir='ltr'><strong>Dixerunt</strong></span> <span class='ocrx_word' id='word_1_224' title='bbox 1830 1688 2016 1735; x_wconf 89' lang='lat' dir='ltr'><strong>praeterea</strong></span> 
     </span>
     <span class='ocr_line' id='line_1_25' title="bbox 479 1739 2015 1796; baseline -0.003 -14"><span class='ocrx_word' id='word_1_225' title='bbox 479 1750 514 1782; x_wconf 90' lang='lat' dir='ltr'><strong>et</strong></span> <span class='ocrx_word' id='word_1_226' title='bbox 532 1746 689 1782; x_wconf 85' lang='lat' dir='ltr'><strong>confessi</strong></span> <span class='ocrx_word' id='word_1_227' title='bbox 708 1746 858 1782; x_wconf 87' lang='lat' dir='ltr'><strong>fuerunt</strong></span> <span class='ocrx_word' id='word_1_228' title='bbox 871 1759 949 1783; x_wconf 87' lang='lat' dir='ltr'><strong>esse</strong></span> <span class='ocrx_word' id='word_1_229' title='bbox 967 1759 1051 1783; x_wconf 90' lang='lat' dir='ltr'><strong>vera</strong></span> <span class='ocrx_word' id='word_1_230' title='bbox 1069 1759 1164 1796; x_wconf 89' lang='lat' dir='ltr'><strong>quae</strong></span> <span class='ocrx_word' id='word_1_231' title='bbox 1182 1745 1220 1781; x_wconf 95' lang='lat' dir='ltr'><strong>in</strong></span> <span class='ocrx_word' id='word_1_232' title='bbox 1240 1744 1536 1782; x_wconf 79' lang='lat' dir='ltr'><strong>confessionibus</strong></span> <span class='ocrx_word' id='word_1_233' title='bbox 1553 1747 1589 1780; x_wconf 87' lang='lat' dir='ltr'><strong>et</strong></span> <span class='ocrx_word' id='word_1_234' title='bbox 1607 1741 1905 1793; x_wconf 89' lang='lat' dir='ltr'><strong>depositionibus</strong></span> <span class='ocrx_word' id='word_1_235' title='bbox 1923 1739 2015 1778; x_wconf 82' lang='lat' dir='ltr'><strong>con—</strong></span> 
     </span>
     <span class='ocr_line' id='line_1_26' title="bbox 480 1799 2013 1854; baseline -0.002 -15"><span class='ocrx_word' id='word_1_236' title='bbox 480 1802 664 1849; x_wconf 90' lang='lat' dir='ltr'><strong>tinentur,</strong></span> <span class='ocrx_word' id='word_1_237' title='bbox 690 1817 782 1854; x_wconf 88' lang='lat' dir='ltr'><strong>quas</strong></span> <span class='ocrx_word' id='word_1_238' title='bbox 807 1804 950 1840; x_wconf 93' lang='lat' dir='ltr'><strong>dudum</strong></span> <span class='ocrx_word' id='word_1_239' title='bbox 981 1804 1142 1840; x_wconf 86' lang='lat' dir='ltr'><strong>fecerant</strong></span> <span class='ocrx_word' id='word_1_240' title='bbox 1168 1816 1292 1840; x_wconf 89' lang='lat' dir='ltr'><strong>coram</strong></span> <span class='ocrx_word' id='word_1_241' title='bbox 1324 1802 1546 1853; x_wconf 85' lang='lat' dir='ltr'><strong>inquisitore</strong></span> <span class='ocrx_word' id='word_1_242' title='bbox 1577 1801 1783 1838; x_wconf 87' lang='lat' dir='ltr'><strong>haereticae</strong></span> <span class='ocrx_word' id='word_1_243' title='bbox 1806 1799 2013 1851; x_wconf 86' lang='lat' dir='ltr'><strong>pravitatis,</strong></span> 
     </span>
     <span class='ocr_line' id='line_1_27' title="bbox 478 1859 2014 1914; baseline -0.002 -15"><span class='ocrx_word' id='word_1_244' title='bbox 478 1876 574 1914; x_wconf 90' lang='lat' dir='ltr'><strong>quae</strong></span> <span class='ocrx_word' id='word_1_245' title='bbox 601 1863 850 1901; x_wconf 85' lang='lat' dir='ltr'><strong>confessiones</strong></span> <span class='ocrx_word' id='word_1_246' title='bbox 875 1869 911 1901; x_wconf 90' lang='lat' dir='ltr'><strong>et</strong></span> <span class='ocrx_word' id='word_1_247' title='bbox 935 1864 1184 1914; x_wconf 89' lang='lat' dir='ltr'><strong>depositiones</strong></span> <span class='ocrx_word' id='word_1_248' title='bbox 1211 1863 1397 1900; x_wconf 91' lang='lat' dir='ltr'><strong>dictorum</strong></span> <span class='ocrx_word' id='word_1_249' title='bbox 1424 1862 1588 1913; x_wconf 83' lang='lat' dir='ltr'><strong>magistri</strong></span> <span class='ocrx_word' id='word_1_250' title='bbox 1615 1866 1651 1899; x_wconf 90' lang='lat' dir='ltr'><strong>et</strong></span> <span class='ocrx_word' id='word_1_251' title='bbox 1674 1866 1956 1912; x_wconf 86' lang='lat' dir='ltr'><strong>praeceptorum</strong></span> <span class='ocrx_word' id='word_1_252' title='bbox 1975 1859 2014 1896; x_wconf 90' lang='lat' dir='ltr'><strong>in</strong></span> 
     </span>
     <span class='ocr_line' id='line_1_28' title="bbox 479 1919 2012 1973; baseline -0.002 -15"><span class='ocrx_word' id='word_1_253' title='bbox 479 1921 700 1972; x_wconf 86' lang='lat' dir='ltr'><strong>scripturam</strong></span> <span class='ocrx_word' id='word_1_254' title='bbox 719 1922 907 1972; x_wconf 84' lang='lat' dir='ltr'><strong>publicam</strong></span> <span class='ocrx_word' id='word_1_255' title='bbox 923 1936 989 1973; x_wconf 91' lang='lat' dir='ltr'><strong>per</strong></span> <span class='ocrx_word' id='word_1_256' title='bbox 1002 1927 1163 1972; x_wconf 88' lang='lat' dir='ltr'><strong>quatuor</strong></span> <span class='ocrx_word' id='word_1_257' title='bbox 1176 1922 1392 1958; x_wconf 87' lang='lat' dir='ltr'><strong>tabelliones</strong></span> <span class='ocrx_word' id='word_1_258' title='bbox 1411 1921 1583 1971; x_wconf 89' lang='lat' dir='ltr'><strong>publicos</strong></span> <span class='ocrx_word' id='word_1_259' title='bbox 1595 1919 1779 1965; x_wconf 86' lang='lat' dir='ltr'><strong>redactae,</strong></span> <span class='ocrx_word' id='word_1_260' title='bbox 1793 1919 1832 1955; x_wconf 89' lang='lat' dir='ltr'><strong>iu</strong></span> <span class='ocrx_word' id='word_1_261' title='bbox 1847 1919 2012 1969; x_wconf 89' lang='lat' dir='ltr'><strong>ipsorum</strong></span> 
     </span>
     <span class='ocr_line' id='line_1_29' title="bbox 479 1978 2011 2032; baseline -0.003 -15"><span class='ocrx_word' id='word_1_262' title='bbox 479 1980 643 2031; x_wconf 84' lang='lat' dir='ltr'><strong>magistri</strong></span> <span class='ocrx_word' id='word_1_263' title='bbox 662 1987 698 2018; x_wconf 88' lang='lat' dir='ltr'><strong>et</strong></span> <span class='ocrx_word' id='word_1_264' title='bbox 716 1985 995 2031; x_wconf 90' lang='lat' dir='ltr'><strong>praeceptorum</strong></span> <span class='ocrx_word' id='word_1_265' title='bbox 1013 1985 1049 2018; x_wconf 88' lang='lat' dir='ltr'><strong>et</strong></span> <span class='ocrx_word' id='word_1_266' title='bbox 1065 1980 1315 2032; x_wconf 87' lang='lat' dir='ltr'><strong>quorumdam</strong></span> <span class='ocrx_word' id='word_1_267' title='bbox 1333 1980 1492 2016; x_wconf 90' lang='lat' dir='ltr'><strong>aliorum</strong></span> <span class='ocrx_word' id='word_1_268' title='bbox 1511 1979 1696 2016; x_wconf 90' lang='lat' dir='ltr'><strong>bonorum</strong></span> <span class='ocrx_word' id='word_1_269' title='bbox 1715 1978 1883 2015; x_wconf 89' lang='lat' dir='ltr'><strong>virorum</strong></span> <span class='ocrx_word' id='word_1_270' title='bbox 1902 1989 2011 2027; x_wconf 89' lang='lat' dir='ltr'><strong>prae-</strong></span> 
     </span>
     <span class='ocr_line' id='line_1_30' title="bbox 418 2034 2012 2090; baseline -0.003 -14"><span class='ocrx_word' id='word_1_271' title='bbox 418 2067 422 2071; x_wconf 75' lang='grc'><em>.</em></span> <span class='ocrx_word' id='word_1_272' title='bbox 479 2038 609 2084; x_wconf 88' lang='lat' dir='ltr'><strong>sentia,</strong></span> <span class='ocrx_word' id='word_1_273' title='bbox 626 2052 668 2075; x_wconf 88' lang='lat' dir='ltr'><strong>ac</strong></span> <span class='ocrx_word' id='word_1_274' title='bbox 685 2039 819 2076; x_wconf 88' lang='lat' dir='ltr'><strong>deinde</strong></span> <span class='ocrx_word' id='word_1_275' title='bbox 838 2039 1054 2090; x_wconf 88' lang='lat' dir='ltr'><strong>interposito</strong></span> <span class='ocrx_word' id='word_1_276' title='bbox 1079 2039 1291 2090; x_wconf 85' lang='lat' dir='ltr'><strong>aliquorum</strong></span> <span class='ocrx_word' id='word_1_277' title='bbox 1310 2038 1455 2075; x_wconf 89' lang='lat' dir='ltr'><strong>dierum</strong></span> <span class='ocrx_word' id='word_1_278' title='bbox 1474 2037 1593 2088; x_wconf 84' lang='lat' dir='ltr'><strong>spatio</strong></span> <span class='ocrx_word' id='word_1_279' title='bbox 1611 2049 1736 2073; x_wconf 86' lang='lat' dir='ltr'><strong>coram</strong></span> <span class='ocrx_word' id='word_1_280' title='bbox 1761 2035 1851 2086; x_wconf 90' lang='lat' dir='ltr'><strong>ipsis</strong></span> <span class='ocrx_word' id='word_1_281' title='bbox 1874 2034 2012 2072; x_wconf 86' lang='lat' dir='ltr'><strong>eisdem</strong></span> 
     </span>
     <span class='ocr_line' id='line_1_31' title="bbox 480 2094 2013 2148; baseline -0.003 -13"><span class='ocrx_word' id='word_1_282' title='bbox 480 2098 592 2135; x_wconf 84' lang='lat' dir='ltr'><strong>lectae</strong></span> <span class='ocrx_word' id='word_1_283' title='bbox 609 2099 761 2135; x_wconf 87' lang='lat' dir='ltr'><strong>fuerunt</strong></span> <span class='ocrx_word' id='word_1_284' title='bbox 778 2098 823 2135; x_wconf 91' lang='lat' dir='ltr'><strong>de</strong></span> <span class='ocrx_word' id='word_1_285' title='bbox 838 2098 1012 2135; x_wconf 85' lang='lat' dir='ltr'><strong>mandato</strong></span> <span class='ocrx_word' id='word_1_286' title='bbox 1031 2103 1066 2135; x_wconf 88' lang='lat' dir='ltr'><strong>et</strong></span> <span class='ocrx_word' id='word_1_287' title='bbox 1084 2098 1122 2134; x_wconf 90' lang='lat' dir='ltr'><strong>in</strong></span> <span class='ocrx_word' id='word_1_288' title='bbox 1141 2097 1346 2148; x_wconf 85' lang='lat' dir='ltr'><strong>praesentia</strong></span> <span class='ocrx_word' id='word_1_289' title='bbox 1365 2096 1610 2134; x_wconf 87' lang='lat' dir='ltr'><strong>cardinalium</strong></span> <span class='ocrx_word' id='word_1_290' title='bbox 1630 2094 1903 2146; x_wconf 88' lang='lat' dir='ltr'><strong>praedictorum</strong></span> <span class='ocrx_word' id='word_1_291' title='bbox 1921 2098 1957 2131; x_wconf 87' lang='lat' dir='ltr'><strong>et</strong></span> <span class='ocrx_word' id='word_1_292' title='bbox 1973 2094 2013 2131; x_wconf 90' lang='lat' dir='ltr'><strong>in</strong></span> 
     </span>
     <span class='ocr_line' id='line_1_32' title="bbox 477 2152 2013 2207; baseline -0.003 -14"><span class='ocrx_word' id='word_1_293' title='bbox 477 2169 544 2193; x_wconf 91' lang='lat' dir='ltr'><strong>suo</strong></span> <span class='ocrx_word' id='word_1_294' title='bbox 570 2157 713 2206; x_wconf 85' lang='lat' dir='ltr'><strong>vulgari</strong></span> <span class='ocrx_word' id='word_1_295' title='bbox 741 2157 928 2207; x_wconf 83' lang='lat' dir='ltr'><strong>expositae</strong></span> <span class='ocrx_word' id='word_1_296' title='bbox 950 2156 1103 2193; x_wconf 85' lang='lat' dir='ltr'><strong>cuilibet</strong></span> <span class='ocrx_word' id='word_1_297' title='bbox 1126 2156 1360 2201; x_wconf 81' lang='lat' dir='ltr'><strong>eorumdem,</strong></span> <span class='ocrx_word' id='word_1_298' title='bbox 1386 2155 1451 2205; x_wconf 90' lang='lat' dir='ltr'><strong>qui</strong></span> <span class='ocrx_word' id='word_1_299' title='bbox 1482 2157 1757 2204; x_wconf 88' lang='lat' dir='ltr'><strong>perseverantes</strong></span> <span class='ocrx_word' id='word_1_300' title='bbox 1780 2152 1819 2189; x_wconf 88' lang='lat' dir='ltr'><strong>iu</strong></span> <span class='ocrx_word' id='word_1_301' title='bbox 1844 2152 1937 2197; x_wconf 76' lang='lat' dir='ltr'><strong>illis,</strong></span> <span class='ocrx_word' id='word_1_302' title='bbox 1953 2164 2013 2189; x_wconf 87' lang='lat' dir='ltr'><strong>eas</strong></span> 
     </span>
     <span class='ocr_line' id='line_1_33' title="bbox 477 2210 2010 2266; baseline -0.004 -14"><span class='ocrx_word' id='word_1_303' title='bbox 477 2228 646 2265; x_wconf 86' lang='lat' dir='ltr'><strong>expresse</strong></span> <span class='ocrx_word' id='word_1_304' title='bbox 664 2229 706 2252; x_wconf 88' lang='lat' dir='ltr'><strong>ac</strong></span> <span class='ocrx_word' id='word_1_305' title='bbox 723 2221 868 2266; x_wconf 83' lang='lat' dir='ltr'><strong>sponte,</strong></span> <span class='ocrx_word' id='word_1_306' title='bbox 896 2220 1005 2266; x_wconf 91' lang='lat' dir='ltr'><strong>prout</strong></span> <span class='ocrx_word' id='word_1_307' title='bbox 1030 2215 1200 2252; x_wconf 84' lang='lat' dir='ltr'><strong>recitatae</strong></span> <span class='ocrx_word' id='word_1_308' title='bbox 1226 2216 1393 2259; x_wconf 84' lang='lat' dir='ltr'><strong>suerunt,</strong></span> <span class='ocrx_word' id='word_1_309' title='bbox 1411 2213 1687 2264; x_wconf 89' lang='lat' dir='ltr'><strong>approbarunt,</strong></span> <span class='ocrx_word' id='word_1_310' title='bbox 1707 2215 1743 2248; x_wconf 90' lang='lat' dir='ltr'><strong>et</strong></span> <span class='ocrx_word' id='word_1_311' title='bbox 1761 2214 1845 2261; x_wconf 89' lang='lat' dir='ltr'><strong>post</strong></span> <span class='ocrx_word' id='word_1_312' title='bbox 1862 2210 2010 2247; x_wconf 87' lang='lat' dir='ltr'><strong>confes-</strong></span> 
     </span>
     <span class='ocr_line' id='line_1_34' title="bbox 476 2269 2010 2325; baseline -0.003 -15"><span class='ocrx_word' id='word_1_313' title='bbox 476 2274 594 2311; x_wconf 90' lang='lat' dir='ltr'><strong>siones</strong></span> <span class='ocrx_word' id='word_1_314' title='bbox 615 2281 650 2311; x_wconf 90' lang='lat' dir='ltr'><strong>et</strong></span> <span class='ocrx_word' id='word_1_315' title='bbox 675 2275 924 2325; x_wconf 89' lang='lat' dir='ltr'><strong>depositiones</strong></span> <span class='ocrx_word' id='word_1_316' title='bbox 947 2275 1162 2325; x_wconf 87' lang='lat' dir='ltr'><strong>hujusmodi</strong></span> <span class='ocrx_word' id='word_1_317' title='bbox 1181 2275 1227 2311; x_wconf 91' lang='lat' dir='ltr'><strong>ab</strong></span> <span class='ocrx_word' id='word_1_318' title='bbox 1245 2274 1334 2325; x_wconf 91' lang='lat' dir='ltr'><strong>ipsis</strong></span> <span class='ocrx_word' id='word_1_319' title='bbox 1361 2273 1613 2310; x_wconf 86' lang='lat' dir='ltr'><strong>cardinalibus</strong></span> <span class='ocrx_word' id='word_1_320' title='bbox 1635 2271 1682 2308; x_wconf 89' lang='lat' dir='ltr'><strong>ab</strong></span> <span class='ocrx_word' id='word_1_321' title='bbox 1706 2269 2010 2307; x_wconf 88' lang='lat' dir='ltr'><strong>excommunica-</strong></span> 
     </span>
     <span class='ocr_line' id='line_1_35' title="bbox 475 2327 2008 2385; baseline -0.004 -15"><span class='ocrx_word' id='word_1_322' title='bbox 475 2334 575 2370; x_wconf 91' lang='lat' dir='ltr'><strong>tione</strong></span> <span class='ocrx_word' id='word_1_323' title='bbox 609 2348 720 2384; x_wconf 91' lang='lat' dir='ltr'><strong>quam</strong></span> <span class='ocrx_word' id='word_1_324' title='bbox 755 2348 823 2385; x_wconf 90' lang='lat' dir='ltr'><strong>pro</strong></span> <span class='ocrx_word' id='word_1_325' title='bbox 857 2334 1068 2385; x_wconf 87' lang='lat' dir='ltr'><strong>praemissis</strong></span> <span class='ocrx_word' id='word_1_326' title='bbox 1104 2335 1355 2379; x_wconf 89' lang='lat' dir='ltr'><strong>incurrerant,</strong></span> <span class='ocrx_word' id='word_1_327' title='bbox 1389 2332 1662 2370; x_wconf 88' lang='lat' dir='ltr'><strong>absolutionem</strong></span> <span class='ocrx_word' id='word_1_328' title='bbox 1695 2329 1799 2366; x_wconf 80' lang='lat' dir='ltr'><strong>flexis</strong></span> <span class='ocrx_word' id='word_1_329' title='bbox 1831 2327 2008 2379; x_wconf 82' lang='lat' dir='ltr'><strong>genibus,</strong></span> 
     </span>
     <span class='ocr_line' id='line_1_36' title="bbox 476 2386 2009 2443; baseline -0.004 -15"><span class='ocrx_word' id='word_1_330' title='bbox 476 2392 723 2442; x_wconf 89' lang='lat' dir='ltr'><strong>manibusque</strong></span> <span class='ocrx_word' id='word_1_331' title='bbox 748 2393 946 2443; x_wconf 88' lang='lat' dir='ltr'><strong>complosis</strong></span> <span class='ocrx_word' id='word_1_332' title='bbox 965 2393 1158 2431; x_wconf 88' lang='lat' dir='ltr'><strong>humiliter</strong></span> <span class='ocrx_word' id='word_1_333' title='bbox 1174 2398 1209 2430; x_wconf 91' lang='lat' dir='ltr'><strong>et</strong></span> <span class='ocrx_word' id='word_1_334' title='bbox 1230 2393 1361 2430; x_wconf 90' lang='lat' dir='ltr'><strong>devote</strong></span> <span class='ocrx_word' id='word_1_335' title='bbox 1386 2405 1427 2428; x_wconf 86' lang='lat' dir='ltr'><strong>ac</strong></span> <span class='ocrx_word' id='word_1_336' title='bbox 1455 2404 1541 2428; x_wconf 90' lang='lat' dir='ltr'><strong>cum</strong></span> <span class='ocrx_word' id='word_1_337' title='bbox 1571 2389 1808 2427; x_wconf 88' lang='lat' dir='ltr'><strong>lacrimarum</strong></span> <span class='ocrx_word' id='word_1_338' title='bbox 1830 2386 2009 2424; x_wconf 84' lang='lat' dir='ltr'><strong>effusione</strong></span> 
     </span>
    </p>
   </div>
  </div>
 </body>
</html>
