2184 3074
730 367 893 406 CODEX
918 368 1162 406 DUNENSIS.
1667 366 1714 403 97

867 542 1027 580 LXVIII.

180 663 280 713 Bref
297 661 349 699 du
369 673 467 711 pape
494 659 668 710 Boniface
687 659 788 696 VIII
815 659 838 696 ἀ
865 658 979 696 ἰάὂὸέ
1003 659 1047 696 de
1069 658 1216 696 lesan
1241 664 1273 694 el
1298 671 1346 695 au
1372 658 1488 707 doyen
1511 657 1554 694 de
1582 656 1718 707 l'e'qlise

229 722 272 760 de
305 719 508 758 Ter-monde
535 731 584 756 au
612 719 708 769 sujee
738 717 782 756 de
811 717 989 755 l'interdit
1021 718 1123 755 lance'
1152 723 1273 755 contre
1303 717 1352 754 les
1383 716 1566 754 habitante
1600 715 1643 751 de
1681 715 1716 751 la

229 779 314 817 ville
341 776 651 828 d'Ardembourq.

214 950 444 988 vBonit‘acius
462 950 676 1000 episcopus,
695 962 822 986 servus
840 962 1031 986 servorum
1055 949 1139 994 Dei,
1160 949 1303 986 dilectis
1327 949 1413 985 filiis
1439 948 1564 985 abbati
1589 960 1719 984 mona-

182 1009 294 1047 sterio
311 1009 358 1046 de
373 1009 521 1046 Thosan
537 1008 644 1058 juxta
663 1008 805 1058 Brugas
825 1013 860 1044 et
873 1008 1014 1044 decano
1029 1008 1203 1045 ecclesiae
1217 1008 1263 1044 de
1275 1007 1573 1052 Tenercmunda,
1589 1007 1719 1043 Came-

182 1067 342 1105 racensis
361 1070 397 1103 et
414 1066 659 1105 Tornacensis
677 1065 862 1115 dyocesis,
882 1066 1037 1102 salutem
1054 1070 1090 1102 et
1101 1065 1341 1116 apostolicam
1358 1065 1666 1102 benedictionem.

231 1125 383 1162 Favoris
396 1124 511 1161 nostri
521 1123 631 1161 debet
643 1124 840 1174 provenire
847 1123 1032 1174 praesidio
1048 1129 1088 1160 ut
1097 1124 1198 1174 quod
1213 1137 1282 1174 pro
1295 1124 1480 1174 aequitate
1493 1123 1719 1174 deposcitur.

181 1183 314 1222 affectu
331 1183 512 1221 benevolo
531 1183 766 1220 concedatur.
787 1182 962 1220 Exhibita
981 1183 1167 1234 siquidem
1187 1183 1294 1220 nobis
1313 1183 1535 1220 dilectorum
1556 1182 1717 1218 tiliorum

182 1242 418 1294 provisorum
445 1242 607 1280 fabricae
632 1255 673 1280 ac
701 1243 831 1293 populi
857 1243 1032 1280 ecclesiae
1050 1242 1204 1280 Sanctae
1222 1242 1358 1279 Mariae
1377 1242 1485 1279 villae
1509 1241 1556 1278 de
1578 1241 1721 1278 Erden-

182 1302 314 1352 burgo,
333 1300 502 1351 dyocesis
519 1300 780 1342 Tornacensis,
799 1301 930 1351 petitio
949 1301 1165 1337 continebat
1182 1301 1285 1350 quod
1303 1300 1461 1337 dilectus
1481 1300 1579 1336 tilius
1599 1303 1723 1336 noster

183 1360 239 1406 N„
259 1365 348 1397 tune
361 1359 485 1398 Sancti
502 1359 689 1397 Laurentii
705 1359 743 1396 in
761 1360 918 1397 Damaso
933 1359 1129 1410 presbyter
1142 1359 1359 1404 cardinalis,
1378 1360 1415 1395 in
1431 1358 1722 1409 appellationum

183 1422 220 1456 et
245 1417 381 1468 negotii
408 1417 625 1468 principalis
651 1430 760 1454 eausa
786 1430 882 1468 quae
910 1417 1006 1454 inter
1030 1417 1280 1454 venerabilem
1306 1418 1455 1454 fratrem
1485 1420 1650 1453 nostru'm
1676 1416 1721 1457 J.,

182 1476 452 1514 Tornacensem
475 1476 713 1526 episcopum,
739 1487 781 1512 ac
804 1475 980 1512 dilectum
1010 1475 1129 1512 filium
1157 1475 1330 1512 abbatem
1358 1475 1572 1512 monasterii
1598 1473 1722 1510 Sancti

182 1535 344 1573 Bavonis
365 1534 593 1581 Gaudensis,
611 1533 822 1585 praedictae
839 1533 1027 1583 dyocesis,
1046 1547 1091 1571 ex
1116 1538 1220 1584 parte
1246 1547 1338 1579 una,
1357 1539 1392 1570 et
1410 1533 1617 1584 praedictos
1636 1544 1725 1582 pro-

183 1594 321 1631 visores
339 1597 376 1630 et
392 1593 574 1643 populum
594 1605 707 1643 super
727 1592 939 1643 provisione
965 1592 1141 1629 canonica
1167 1592 1287 1628 dictae
1312 1592 1503 1637 ecclesiae,
1530 1605 1572 1627 ex
1593 1591 1724 1635 altera,

183 1651 407 1698 vertebatur,
423 1651 571 1688 auditor
588 1655 687 1688 certo
705 1651 817 1688 modo
835 1650 943 1688 datus
962 1664 981 1687 a
1001 1651 1127 1696 nobis,
1142 1650 1287 1687 dudum
1302 1650 1478 1687 omnibus
1493 1663 1588 1700 quae
1603 1654 1724 1700 partes

187 1723 312 1747 eoram
330 1723 374 1747 eo
392 1723 504 1760 super
521 1723 729 1760 proponere
747 1710 946 1747 voluerunt
965 1710 1117 1755 auditis,
1135 1709 1373 1746 considerans
1387 1709 1490 1760 quod
1505 1723 1548 1746 cx
1564 1709 1723 1759 quibus-

185 1769 271 1805 dam
289 1768 686 1805 excommunicationis
705 1768 743 1805 in
762 1767 972 1818 provisores
992 1767 1201 1818 praedictos
1219 1772 1254 1804 et
1273 1767 1460 1804 interdicti
1481 1767 1518 1804 in
1542 1767 1722 1817 populum

185 1831 221 1864 et
233 1826 510 1864 universitatem
526 1826 647 1863 dietae
658 1826 768 1862 villae
782 1825 990 1871 sententiis,
1005 1830 1089 1876 post
1101 1826 1366 1876 appellationes
1387 1825 1432 1862 ad
1452 1825 1583 1863 Sedem
1603 1826 1723 1875 Apos-

184 1883 333 1922 tolicam
353 1883 560 1934 interjectas
583 1897 649 1934 per
671 1883 887 1934 episcopum
915 1882 1080 1933 ejusdem
1105 1883 1274 1933 prolatis,
1303 1897 1345 1920 ac
1372 1883 1614 1934 denegatione
1639 1884 1723 1920 ossi·

184 1942 326 1980 ciorum
352 1945 388 1978 et
413 1946 727 1982 sacramentorum
754 1941 1104 1986 ecclesiasticorum,
1125 1954 1269 1978 necnon
1293 1941 1479 1978 amotione
1501 1941 1720 1978 elericorum

183 2005 220 2038 et
237 2013 480 2051 personarum
500 1999 829 2037 ecclesiasticarum
848 1999 894 2036 de
912 1999 1010 2036 dicta
1029 1999 1132 2045 villa,
1151 2001 1274 2049 gravia
1296 2005 1466 2050 poterant
1483 2000 1520 2036 in
1542 1999 1614 2036 illis
1632 2013 1720 2049 par·-

186 2059 285 2097 tibus
303 2058 476 2101 scandala
494 2064 530 2095 et
546 2059 756 2095 animarum
776 2058 939 2109 pericula
959 2058 1114 2105 exoriri,
1132 2059 1348 2095 auctoritate
1367 2063 1491 2095 nostra
1513 2058 1583 2095 sibi
1610 2071 1723 2108 super

187 2117 258 2154 boc
275 2117 426 2155 oraculo
445 2117 549 2154 vivae
567 2117 669 2154 vocis
687 2116 895 2167 specialiter
916 2129 1106 2161 concessa,
1126 2116 1316 2153 mandavit
1340 2114 1546 2166 praedictos
1570 2117 1723 2154 clericos

187 2179 222 2212 et
247 2187 421 2225 personas
447 2174 494 2211 ad
519 2174 686 2212 eamdem
705 2174 831 2210 villam
852 2173 972 2210 redire
995 2178 1031 2210 et
1055 2173 1180 2210 divina
1199 2174 1319 2211 officia
1343 2174 1538 2218 celebrari,
1562 2174 1721 2211 conferri

186 2231 390 2282 baptisma,
410 2233 654 2282 poenitentias
678 2232 823 2282 injungi
848 2244 890 2268 ac
910 2236 1137 2268 sacramenta
1155 2232 1226 2268 alia
1249 2245 1314 2282 per
1336 2231 1477 2268 dictum
1503 2231 1719 2282 episcopum

190 2289 379 2340 prohibita
406 2290 607 2328 ministrari
634 2290 788 2336 debere,
813 2290 982 2326 relaxans
1012 2294 1047 2326 et
1077 2302 1252 2326 revocans
1282 2288 1508 2339 praedictam
1535 2289 1719 2326 interdicti

190 2348 409 2385 sententiam
425 2361 544 2399 usque
555 2349 601 2386 ad
618 2349 738 2386 dictae
753 2348 859 2386 Sedis
874 2347 1146 2398 beneplacitum
1162 2347 1374 2384 voluntatis.
1389 2347 1558 2384 Inhibuit
1570 2361 1722 2398 quoque

191 2405 388 2443 cardinalis
427 2406 638 2456 praedictus
667 2406 792 2443 eadem
825 2406 1042 2442 auctoritate
1078 2405 1309 2456 procuratori
1339 2404 1525 2442 dictorum
1558 2406 1721 2456 episcopi

191 2468 227 2501 et
249 2464 392 2502 abbatis
417 2470 452 2502 et
475 2479 541 2516 per
566 2466 688 2516 ipsum
713 2465 888 2515 episcopo
913 2469 950 2501 et
965 2463 1090 2501 abbati
1110 2463 1325 2514 praedictis,
1344 2463 1416 2501 sub
1434 2476 1552 2514 poena
1571 2477 1722 2500 excom-

1528 2522 1573 2558 ¹5
