2184 3074
718 327 878 366 conssx
907 327 1154 367 DUNENsls.
1632 330 1705 367 425

173 444 363 482 cutoribus
389 444 478 482 dicti
501 445 558 482 sui
585 445 790 482 testamenti
815 444 999 482 commisit
1028 449 1063 481 et
1094 443 1334 481 demandavit
1360 444 1581 490 faciendam,
1606 449 1642 480 et
1659 444 1703 480 ad

174 501 245 540 hoc
269 503 451 554 quaedam
477 503 575 541 bona
601 516 666 541 sua
702 503 741 540 in
776 503 948 541 manibus
977 516 1106 541 eorum
1137 502 1284 554 posuit,
1315 503 1462 553 ipsique
1493 507 1705 540 executores

174 571 269 598 onus
286 561 406 599 dictae
425 561 652 599 executionis
674 561 712 598 in
736 574 774 599 se
796 561 1042 613 susceperint,
1068 565 1121 607 et,
1144 561 1217 598 hiis
1239 561 1345 607 actis,
1368 561 1489 599 dietus
1515 561 1704 612 quondam

175 622 326 664 testator
346 619 384 656 in
409 619 536 657 eadem
569 620 760 658 voluntate
790 633 1028 671 perseverans
1053 619 1268 666 decesserit,
1296 619 1550 671 praedictique
1571 632 1707 656 execu-

176 680 273 714 tores
298 677 507 715 sacultatem
535 677 734 715 habuerint
762 682 798 715 et
822 678 983 715 habeant
1012 678 1154 715 dictum
1187 681 1446 714 testamentum
1478 677 1705 728 exequendi.

175 735 315 773 fuerint
331 739 452 773 tamen
470 741 506 774 et
521 741 609 774 sunt
626 736 715 774 dieti
734 741 948 775 executores
966 737 1003 774 in
1029 750 1131 774 mora
1150 741 1186 774 et
1203 736 1349 773 defectu
1368 735 1576 787 exequendi
1596 740 1707 774 testa-

176 798 343 831 mentum
358 794 588 845 praedictum
606 799 643 832 et
660 800 830 833 contenta
849 796 887 833 in
905 796 1054 841 eodem,
1073 809 1115 832 ac
1133 795 1404 832 ordinationem
1422 794 1510 831 dicti
1527 794 1707 832 testatoris

177 851 406 902 adimplendi
426 852 631 890 secundum
649 853 749 904 piam
769 854 951 891 testatoris
965 854 1134 891 ultimam
1153 854 1399 902 voluntatem,
1420 853 1618 904 ipsumque
1636 857 1707 890 tes-

177 914 382 948 tamentum
399 911 532 962 exequi
551 924 626 949 non
646 917 826 950 curarunt
851 926 972 963 neque
997 916 1147 958 curant,
1172 925 1284 962 super
1307 911 1377 949 lioc
1402 917 1523 948 tamen
1542 925 1586 948 ex
1605 916 1708 962 parte

177 967 267 1006 dicti
285 968 413 1006 militis
433 974 683 1020 competenter
707 970 896 1021 requisiti,
924 970 988 1007 sed
1012 970 1136 1020 potius
1160 970 1284 1006 minus
1306 969 1405 1019 juste
1430 969 1655 1007 distulerunt
1673 974 1709 1006 et

178 1026 356 1064 differunt
374 1026 413 1064 in
431 1027 694 1065 detrimentum
721 1028 930 1066 animarum
960 1041 1111 1066 suarum
1145 1032 1180 1064 et
1204 1027 1419 1065 scandalum
1443 1027 1707 1078 plurimorum,

177 1085 278 1123 unde
295 1099 379 1124 cum
397 1099 464 1137 per
482 1115 633 1125 .......
654 1087 885 1125 ordinarium
904 1087 951 1125 sit
968 1087 1242 1138 providendum
1263 1086 1365 1137 quod
1386 1086 1556 1124 universa
1575 1100 1708 1124 secun-

177 1142 269 1180 dum
290 1143 371 1194 pias
396 1148 611 1182 testatorum
637 1145 898 1184 defunctorum
921 1147 1129 1184 voluntates
1156 1149 1336 1182 extremas
1367 1149 1464 1182 recte
1490 1145 1599 1190 liant,
1628 1144 1708 1181 dic—

177 1204 311 1252 tusque
329 1201 434 1239 miles
457 1215 621 1240 asserens
646 1216 713 1240 sua
739 1203 913 1242 interesse
936 1204 1039 1255 quod
1064 1204 1206 1241 dictum
1237 1207 1496 1241 testamentum
1518 1203 1574 1240 sui
1595 1203 1708 1253 patris

174 1260 383 1298 executioni
401 1260 547 1298 debitae
560 1261 821 1309 demandetur,
841 1262 949 1300 nobis
965 1262 1156 1299 humiliter
1174 1261 1439 1312 supplicaverit
1453 1260 1523 1298 sibi
1544 1261 1582 1298 in
1601 1274 1709 1311 prae-

179 1317 300 1355 missis
318 1331 337 1355 a
356 1318 464 1356 nobis
490 1319 680 1357 subveniri
703 1336 710 1356 ε
738 1320 826 1358 hinc
842 1325 896 1358 est
913 1321 1016 1372 quod
1035 1334 1103 1358 nos
1122 1320 1201 1370 ejus
1218 1320 1341 1369 justae
1358 1317 1621 1370 supplicationi
1641 1331 1708 1354 an-

175 1379 346 1422 nuentes,
361 1376 467 1414 vobis
485 1377 660 1416 omnibus
679 1383 714 1415 et
730 1378 802 1416 sibi
821 1379 860 1416 in
878 1379 1014 1416 virtute
1033 1383 1179 1416 sanetae
1198 1377 1431 1415 obedientiae
1449 1382 1485 1414 et
1501 1376 1572 1414 sub
1591 1389 1708 1427 poena

177 1433 354 1471 canonica
380 1433 536 1471 firmiter
562 1439 598 1472 et
622 1434 786 1473 districte
823 1436 1085 1488 praecipiendo
1112 1435 1333 1473 mandamus
1368 1440 1554 1486 quatenus
1588 1434 1709 1472 statim

176 1491 264 1530 visis
283 1492 539 1543 praesentibus
563 1494 863 1544 praenominatos
887 1499 1100 1536 executores
1122 1494 1303 1532 moneatis
1328 1494 1468 1545 prime,
1495 1493 1658 1531 secundo
1676 1498 1711 1530 et

177 1551 301 1598 tertio,
325 1565 477 1604 unoque
494 1554 740 1604 peremptorie
762 1568 831 1605 pro
853 1551 1028 1592 omnibus
1047 1559 1089 1591 ut
1108 1554 1178 1604 ipsi
1198 1553 1238 1590 in
1258 1553 1474 1590 executione
1492 1552 1580 1589 dicti
1601 1556 1711 1589 testa—

177 1610 291 1647 menti
310 1611 531 1660 procedant,
547 1611 745 1662 ipsumque
763 1617 1025 1650 testamentum
1041 1617 1080 1649 et
1093 1615 1265 1649 contenta
1281 1611 1318 1648 in
1334 1610 1463 1647 eodem
1482 1614 1713 1660 exequantur

176 1673 213 1705 et
237 1668 483 1719 adimpleant,
504 1669 673 1721 alioquin
696 1670 795 1721 ipsos
819 1671 939 1708 citetis
963 1670 1211 1722 peremptorie
1234 1683 1358 1707 coram
1388 1669 1495 1706 nobis
1518 1668 1564 1705 ad
1583 1668 1711 1705 seriam

176 1726 345 1777 quintam
364 1730 447 1777 post
459 1726 761 1766 Purificationem
777 1728 909 1766 Beatae
927 1728 1089 1780 Virginis
1102 1758 1111 1775 ,
1130 1733 1256 1766 contra
1276 1727 1418 1764 dictum
1437 1727 1611 1772 militem,
1627 1739 1711 1762 cum

177 1783 323 1834 scriptis
341 1797 406 1822 seu
422 1790 522 1824 carta
540 1787 747 1824 testamenti
765 1787 964 1838 praedicti,
983 1787 1063 1839 ipsa
1077 1787 1214 1837 scripta
1238 1799 1362 1824 coram
1383 1785 1492 1822 nobis
1511 1785 1549 1821 in
1564 1783 1709 1834 judicio

178 1841 343 1880 exhibita
362 1856 428 1880 seu
446 1845 589 1895 copiam
610 1859 740 1883 eorum
757 1846 858 1884 dicto
876 1846 985 1888 militi
1000 1845 1106 1896 cujus
1119 1846 1287 1891 interest,
1303 1850 1358 1890 ut,
1373 1844 1515 1889 asserit,
1532 1844 1710 1886 facturos,

181 1913 404 1951 causamque
421 1915 536 1953 quare
554 1903 673 1941 dictae
690 1905 889 1942 monitioni
908 1918 1036 1956 parere
1056 1917 1129 1941 non
1149 1909 1353 1950 teneantur,
1372 1908 1601 1946 ostensuros,
1622 1914 1710 1938 nec-

181 1970 256 1995 non
275 1971 512 2009 processuros
531 1974 644 2012 super
660 1962 871 2013 praemissis
889 1967 925 2000 et
939 1976 979 2000 ea
998 1962 1234 2014 tangentibus
1249 1975 1290 1998 ac
1307 1961 1408 2006 aliis,
1426 1960 1455 1998 si
1471 1973 1565 2010 opus
1583 1959 1709 2002 fuerit,

182 2021 294 2066 prout
318 2016 364 2054 de
385 2017 470 2067 jure
493 2019 603 2056 suerit
623 2020 922 2070 procedendum,
945 2027 981 2058 et
997 2035 1037 2058 ea
1056 2034 1151 2071 quae
1167 2020 1212 2057 de
1231 2019 1440 2071 praemissis
1461 2022 1538 2054 acta
1559 2017 1710 2061 suerint,

185 2073 293 2112 nobis
311 2074 452 2126 liquide
469 2078 689 2116 rescribatis.
709 2079 750 2117 ln
770 2079 841 2117 hiis
859 2083 981 2117 autem
995 2079 1242 2130 exequendiS,
1261 2083 1327 2114 etc.
1348 2077 1501 2121 Datum,
1522 2080 1587 2112 etc.

884 2270 994 2282 ww·

1515 2489 1563 2525 54
