2184 3074
443 251 516 288 240
994 247 1154 284 CODEX
1182 246 1431 284 DUNENSlS.

445 372 481 404 et
506 379 678 417 rogamus
705 370 889 416 quatenus
921 376 1047 400 omnes
1074 363 1246 400 dominos
1278 363 1519 412 temporales,
1546 363 1722 410 ballivos7
1753 365 1983 402 subballivos

441 424 660 475 justitiarios
679 423 878 467 seculares,
897 435 1102 471 eorumque
1121 421 1199 457 loca
1223 425 1388 457 tenentes
1413 421 1451 457 in
1478 421 1609 458 vestris
1633 422 1827 460 territoriis
1845 423 1984 460 consti-

446 489 543 521 tutos
556 513 565 530 7
596 486 707 533 prout
732 480 938 530 unicuique
968 484 1131 516 vestrum
1163 479 1413 524 subiciuntur,
1436 479 1506 515 sub
1531 492 1692 530 quorum
1725 479 1894 518 dominio
1926 482 1984 518 vel

444 542 613 579 districtu
632 541 752 577 dictus
770 539 828 575 vir
845 538 961 575 Belial
981 542 1145 588 apostata
1163 537 1300 588 poterit
1319 537 1493 582 inveniri7
1513 551 1558 574 ex
1579 542 1683 588 parte
1702 542 1826 575 nostra
1844 539 1985 576 faciatis

444 600 584 651 requiri
599 604 635 636 et
645 598 786 635 moneri
802 596 979 634 canonice
992 602 1034 633 ut
1049 596 1117 646 ipsi
1133 599 1278 632 tantum
1294 596 1567 633 malefactorem
1582 597 1730 647 capiant
1743 601 1780 634 et
1793 601 1983 642 arrestent„

443 663 668 709 captumque
691 662 728 693 et
752 659 970 693 arrestatum
997 654 1105 691 nobis
1130 654 1167 690 in
1187 654 1323 692 nostris
1342 655 1515 704 expensis
1536 655 1607 692 sub
1630 659 1708 693 tuta
1734 657 1985 693 transmittant

443 716 609 753 custodia
640 719 682 751 ut
710 713 916 751 secundum
936 726 1002 749 sua
1028 712 1206 749 demerita
1229 712 1419 762 puniatur,
1443 712 1611 763 alioquin
1634 713 1734 764 ipsos
1757 714 1934 760 monitos7
1954 715 1983 751 si

442 776 560 812 eidem
581 773 778 811 monitioni
798 786 872 809 non
892 778 1115 824 paruerunt„
1135 772 1476 809 excommunicatos
1495 772 1533 809 in
1552 772 1701 824 scriptis
1719 777 1755 810 et
1767 786 1985 810 excommu-

445 835 583 871 nicatos
607 833 756 884 publice
776 831 940 868 nuntiari
961 831 1114 868 faciatis.
1141 830 1242 878 Quid
1267 835 1390 867 autem
1410 830 1498 867 inde
1523 830 1661 868 sactum
1685 831 1813 877 suerit,
1838 845 1983 869 necnon

442 894 594 930 nomina
621 890 1029 929 excommunicatorum
1056 903 1075 926 a
1098 902 1240 926 canone
1259 889 1534 935 nuntiatorum,
1550 903 1594 927 ac
1615 890 1726 927 etiam
1750 891 1981 933 monitorum

443 957 478 989 et
491 950 900 988 excommunicatorum
914 953 1034 986 vestra
1049 949 1278 994 auctoritate,
1293 948 1323 985 si
1340 948 1406 998 qui
1422 948 1572 994 suerint,
1590 961 1796 1000 eorumque
1810 962 1985 1000 responsa

444 1010 585 1061 liquide
603 1008 756 1046 rescribi
776 1008 916 1045 faciatis
935 1021 1002 1058 per
1018 1007 1190 1044 subditos
1204 1011 1345 1044 vestros
1359 1007 1424 1057 qui
1439 1020 1553 1058 super
1567 1007 1639 1045 hoc
1652 1008 1792 1051 fuerint
1803 1008 1984 1059 requisiti„

443 1070 492 1106 ita
517 1068 620 1119 quod
644 1068 682 1104 in
709 1068 761 1104 eis
782 1066 1011 1117 exequendis
1032 1079 1130 1103 unus
1153 1078 1282 1102 eorum
1305 1079 1372 1116 per
1392 1065 1484 1103 alios
1507 1079 1583 1103 non
1603 1070 1820 1112 excusetur,
1841 1071 1985 1104 tantum

443 1128 529 1164 inde
547 1140 614 1178 pro
634 1127 742 1164 nobis
761 1127 953 1171 facientes,
972 1125 1002 1163 si
1021 1126 1159 1176 placet,
1175 1129 1358 1175 quantum
1374 1138 1442 1163 nos
1456 1139 1525 1177 pro
1537 1126 1645 1163 vobis
1659 1130 1695 1163 et
1709 1130 1872 1164 vestrum
1886 1140 1985 1177 quo-

442 1187 532 1223 libet
550 1185 690 1222 velletis
708 1198 786 1222 esse
805 1185 965 1222 facturos
984 1184 1023 1221 in
1042 1197 1130 1221 casu
1148 1183 1333 1220 consimili
1353 1184 1410 1221 vel
1431 1183 1573 1233 majori.
1593 1184 1750 1229 Datum7
1770 1188 1837 1222 etc.

1145 1308 1258 1317 «no——

1157 1449 1280 1487 CLlll.

542 1569 698 1618 Defense
719 1568 762 1605 de
787 1569 1066 1619 communiquer
1082 1581 1166 1605 avec
1187 1568 1345 1605 certains
1362 1567 1483 1617 sm‘sres
1506 1579 1656 1604 convers
1674 1566 1717 1604 de
1739 1566 1885 1604 Tloeosan

927 1628 1083 1678 frappe's
1104 1627 1506 1664 d'eaecommum'cation.

490 1833 583 1869 Cum
608 1833 780 1869 nonnulli
802 1837 876 1868 tam
897 1831 1057 1882 religiosi
1085 1845 1198 1882 quam
1218 1843 1293 1867 non
1313 1829 1475 1880 religiosi
1499 1829 1537 1866 in
1555 1828 1769 1866 temeritatis
1787 1827 1983 1865 audaciam

443 1896 726 1942 prorumpentes
744 1891 935 1941 religiosos
949 1891 1048 1928 viros
1067 1891 1240 1927 abbatem
1255 1894 1291 1926 et
1303 1893 1529 1926 conventum
1547 1887 1760 1925 monasterii
1775 1887 1822 1923 de
1834 1886 1983 1923 'rhosan

444 1950 480 1986 in
502 1950 670 2000 personis
696 1955 731 1986 et
758 1950 866 1987 bonis
894 1962 1024 1986 eorum
1055 1949 1228 1997 nequiter
1251 1948 1462 1994 molestare,
1486 1959 1618 1984 manus
1643 1945 1831 1983 interdum
1858 1945 1897 1982 in
1923 1957 1984 1982 eos

445 2008 646 2057 injiciendo
673 2013 807 2045 temere
834 2007 1012 2044 violentas
1042 2011 1106 2044 aut
1135 2007 1239 2056 injici
1267 2005 1522 2057 procurando,
1554 2009 1618 2042 aut
1645 2004 1736 2041 haec
1762 2003 1984 2041 facientibus

443 2080 569 2116 opem,
600 2066 798 2103 consilium
826 2066 883 2102 vel
914 2079 1104 2103 assensum
1132 2064 1366 2116 praebendo,
1394 2077 1459 2101 seu
1490 2064 1628 2100 sactum
1661 2062 1785 2113 ipsum
1817 2062 1984 2112 ipsorum

443 2125 594 2161 nomine
618 2129 870 2175 perpetratum
903 2130 1025 2162 ratum
1055 2124 1246 2171 habendo,
1277 2124 1434 2174 locaque
1465 2123 1632 2174 ipsorum
1665 2121 1877 2158 invadendo
1907 2120 1985 2158 sive

442 2185 661 2234 occupando
679 2189 715 2221 et
730 2185 818 2222 alias
842 2185 1100 2235 multipliciter
1117 2198 1192 2221 non
1214 2183 1416 2221 formident
1434 2182 1473 2219 in
1491 2182 1702 2219 animarum
1722 2180 1890 2232 ipsorum
1909 2192 1984 2218 non

442 2243 630 2279 modicum
651 2243 934 2290 detrimentum,
958 2243 1149 2293 religionis
1173 2246 1429 2292 contemptum
1454 2245 1489 2278 et
1511 2240 1698 2278 dictorum
1725 2239 1983 2290 religiosorum

441 2301 487 2337 de
504 2301 667 2348 Tllosan2
688 2301 854 2352 dictique
872 2302 1086 2339 monasterii
1104 2315 1216 2353 grave
1233 2301 1457 2352 dampnum,
1477 2304 1518 2336 ut
1537 2299 1628 2337 haec
1645 2312 1690 2336 ex
1707 2298 1875 2349 ipsorum
1894 2297 1984 2334 reli-

441 2359 629 2410 giosorum
666 2360 933 2409 conquestione
971 2360 1079 2397 nobis
1111 2364 1280 2410 porrecta
1315 2358 1552 2409 accepimus:
1580 2357 1668 2394 hinc
1701 2359 1755 2393 est
1782 2354 1885 2406 quod
1917 2367 1984 2392 nos
