2184 3074
450 374 522 411 100
996 372 1156 410 CODEX
1182 372 1428 410 DUNENSlS.

1156 536 1282 573 LXIX.

449 655 683 693 Mandement
708 654 760 690 du
784 652 959 690 cardinal
983 650 1159 688 Matthieu
1187 651 1318 688 Orsini
1337 653 1345 670 ⁸
1368 663 1438 688 sur
1464 650 1514 687 les
1538 649 1722 687 discordes
1746 651 1812 700 qui
1839 651 1985 687 avaient

595 713 703 749 eclate'
718 712 740 748 ἁ
765 712 798 748 Y
790 723 879 760 pres
898 711 992 747 dans
1012 710 1042 747 Ie
1060 711 1263 746 monastero
1279 709 1323 746 de
1341 709 1478 746 l'ordre
1494 708 1538 746 de
1553 708 1834 746 Sainte-Claire.
1878 718 1886 726 ‘

495 892 677 938 Matheus‚
697 893 950 930 misericordia
977 893 1120 938 divina,
1139 894 1293 930 Sanctae
1312 894 1476 931 Mariae
1466 907 1504 930 111
1523 893 1674 931 Porticu
1692 893 1883 944 dyaconus
1902 907 1984 960 car-

446 943 599 997 dinalis,
620 951 791 988 dilectis'
782 965 820 987 111
837 951 984 988 Christo
1003 952 1090 989 filiis
1109 952 1155 988 de
1173 952 1368 998 Gandavo,
1391 957 1456 989 etc.

494 1010 552 1046 Ab
575 1010 663 1046 olim
683 1010 950 1046 monasterium
975 1010 1144 1060 Yprense
1169 1010 1311 1047 ordinis
1331 1010 1485 1047 Sanctae
1511 1011 1638 1048 Clarae
1664 1023 1707 1047 30
1737 1023 1880 1048 sorores
1903 1010 1984 1060 ejus

447 1070 598 1105 suerunt
621 1068 659 1104 in
678 1068 863 1105 discordia
890 1068 977 1106 satis
999 1082 1133 1119 magna
1157 1069 1254 1106 circa
1277 1061 1348 1106 hoc
1372 1070 1436 1106 illo
1459 1064 1666 1120 praestante
1690 1071 1895 1107 fomentum
1918 1069 1984 1120 qui

445 1125 553 1176 ponit
569 1125 728 1162 libenter
745 1126 928 1163 maculam
949 1127 987 1163 111
1006 1127 1142 1173 electis,
1163 1132 1198 1163 et
1216 1128 1302 1164 licet
1318 1128 1535 1165 auctoritate
1551 1132 1674 1165 nostra
1688 1128 1810 1179 prius,
1828 1132 1864 1164 et
1880 1131 1985 1178 post-

445 1183 600 1220 modum
619 1184 837 1220 auctoritate
854 1184 1075 1222 sanctissimi
1094 1185 1208 1235 patris
1224 1185 1374 1224 ,domini
1393 1185 1577 1223 Bonisacii
1601 1185 1727 1222 divina
1750 1185 1984 1236 providentia

445 1241 581 1277 summi
613 1241 820 1291 pontificis,
851 1255 919 1292 pro
946 1242 1208 1279 reformatione
1238 1243 1355 1293 ipsius
1379 1243 1592 1280 monasterii
1623 1243 1759 1281 diversi
1789 1255 1984 1294 processus

446 1299 520 1336 sint
538 1298 655 1335 habiti
675 1303 710 1335 et
728 1299 894 1336 diversae
911 1300 1051 1337 fuerint
1073 1301 1277 1338 sententiae
1295 1301 1569 1351 promulgatae,
1591 1305 1714 1338 tamen
1736 1301 1862 1338 adhuc
1878 1300 1985 1352 quasi

447 1361 570 1394 manet
588 1356 625 1392 in
644 1356 830 1394 discordia
849 1358 945 1394 sicut
962 1359 1084 1408 prius,
1105 1372 1171 1395 1100
1190 1359 1315 1396 existit
1327 1364 1440 1409 prout
1453 1359 1628 1396 convenit
1641 1359 1894 1406 reformatum,
1909 1372 1985 1396 non

446 1414 525 1450 sine
543 1414 740 1464 dispendio
759 1416 887 1452 salutis
904 1429 1075 1453 sororum
1095 1417 1278 1454 dictarum
1294 1423 1329 1453 et
1341 1417 1550 1453 animarum
1569 1417 1735 1467 periculo
1753 1430 1795 1454 ac
1812 1417 1986 1455 scandalo

446 1473 713 1523 plurimorum,
732 1475 949 1524 praesertim
967 1488 1052 1512 011111
1072 1476 1219 1525 aliquae
1237 1476 1283 1512 de
1301 1475 1492 1512 sororibus
1511 1479 1614 1512 extra
1632 1476 1900 1512 monasterium
1918 1475 1986 1512 diu

446 1532 664 1579 manserint,
679 1537 715 1569 et
732 1533 798 1570 ubi
817 1534 1085 1583 professionem
1106 1535 1286 1580 fecerunt,
1307 1547 1381 1571 non
1397 1534 1560 1571 reddunt
1571 1534 1735 1571 Domino
1750 1534 1854 1584 quod
1872 1546 1985 1571 vove-

446 1594 548 1636 runt,
567 1603 635 1627 nec
652 1590 736 1627 illae
753 1605 850 1641 quae
866 1597 1062 1629 morantur
1080 1593 1238 1638 ibidem,
1258 1592 1428 1643 religioni
1451 1605 1658 1642 congruum
1681 1596 1816 1628 statum
1835 1591 1984 1629 habent.

447 1649 539 1684 Cum
566 1649 694 1698 igitur,
720 1650 816 1687 sicut
841 1651 1051 1701 accepimus
1074 1665 1093 1688 a
1117 1652 1421 1702 procuratoribus
1445 1664 1508 1688 seu
1533 1650 1674 1687 nuntiis
1700 1663 1872 1687 sororum
1891 1663 1987 1700 quae

448 1706 543 1743 infra
577 1712 613 1743 ct
633 1713 735 1745 extra
762 1710 1029 1746 monasterium
1057 1723 1199 1746 moram
1225 1710 1394 1756 trahunt,
1421 1709 1468 1746 ad
1497 1722 1561 1746 cor
1585 1709 1780 1745 redeuntes
1806 1711 1990 1759 quaerant

447 1778 575 1815 pacem
602 1767 790 1816 propriam
810 1772 846 1804 et
863 1768 1038 1814 salutem,
1061 1768 1274 1805 discretioni
1299 1773 1439 1805 vestrae
1460 1767 1710 1818 praesentium
1734 1771 1861 1804 tenore
1882 1780 1987 1804 com-

448 1822 631 1860 mittimus
662 1829 698 1860 et
727 1826 948 1863 mandamus
975 1830 1159 1876 quatenus
1187 1840 1253 1863 vos
1282 1827 1339 1863 vel
1365 1827 1441 1863 duo
1472 1831 1635 1863 vestrum
1664 1839 1732 1876 per
1758 1825 1837 1862 vias
1868 1826 1987 1863 licitas

449 1881 631 1918 inducatis
650 1882 730 1920 illas
748 1883 794 1919 de
810 1884 1008 1933 praedictis
1027 1885 1218 1922 sororibus
1236 1889 1272 1921 et
1288 1885 1506 1930 servitiales,
1520 1897 1716 1921 conversos
1735 1888 1770 1920 et
1787 1883 1986 1920 familiares

449 1938 537 1974 dicti
566 1941 778 1977 monasterii
805 1946 840 1977 et
870 1942 1021 1992 quosvis
1047 1943 1139 1980 alios
1169 1943 1235 1992 qui
1263 1943 1517 1980 inobedientes
1546 1942 1685 1979 fuerint
1711 1946 1747 1978 et
1774 1946 1902 1978 contra
1932 1944 1987 1978 est

450 1998 572 2047 papali
605 1999 662 2035 vel
694 2004 818 2036 nostra
849 2001 1066 2037 auctoritate
1096 2014 1330 2051 processum,
1361 2005 1403 2037 ut
1434 2001 1586 2037 redeant
1611 2000 1657 2037 ad
1682 1999 1930 2036 obedientiam
1951 2003 1987 2035 et

451 2057 642 2103 mandata,
661 2064 696 2094 et
719 2059 914 2096 redeuntes
941 2060 1023 2097 illos
1049 2060 1115 2110 qui
1140 2065 1176 2097 et
1201 2073 1298 2110 quae
1322 2059 1632 2096 excommunicati
1653 2059 1710 2095 vel
1729 2058 1898 2108 suspensi
1919 2071 1984 2099 seu

451 2115 636 2152 interdicti
655 2117 822 2164 fuerunt,
842 2118 969 2154 eadem
988 2120 1204 2155 auctoritate
1223 2119 1330 2168 juxta
1353 2120 1510 2156 sormam
1530 2118 1712 2155 Ecclesiae
1734 2117 1932 2154 absolvatis
1949 2121 1986 2154 et

450 2176 626 2212 revocetis
657 2178 1078 2225 excommunicationes,
1110 2179 1370 2229 suspensiones
1406 2183 1441 2214 et
1472 2177 1687 2227 hujusmodi
1726 2176 1985 2222 interdictum,

451 2233 664 2272 inducentes
696 2249 741 2272 ex
770 2241 874 2286 parte
904 2241 1028 2274 nostra
1061 2237 1143 2274 illos
1171 2238 1298 2274 fratres
1325 2237 1390 2287 qui
1418 2242 1545 2273 contra
1571 2236 1770 2272 nonnullas
1801 2248 1846 2271 ex
1877 2234 1986 2271 dictis

451 2293 640 2330 sororibus
664 2294 967 2332 inobedientibus
986 2300 1021 2332 et
1039 2296 1154 2333 dictas
1173 2296 1261 2333 alias
1280 2300 1540 2345 processerunt
1557 2294 1773 2331 auctoritate
1787 2293 1909 2343 papali
1927 2293 1985 2329 vel

451 2351 576 2397 simili,
590 2352 692 2401 quod
707 2352 813 2400 juxta
831 2355 988 2390 sormam
1007 2354 1181 2391 ecclesiae
1197 2354 1333 2390 faciant
1348 2354 1494 2390 eosdem
1514 2365 1708 2403 processus
1727 2351 1806 2389 sine
1823 2350 1986 2387 difficul-

493 2471 500 2485 ¹
523 2471 651 2497 Matthieu
666 2471 756 2498 Orsini
770 2471 811 2498 fut
824 2472 898 2499 c'lcve
912 2481 946 2499 au
960 2473 1109 2499 cardinalat
1119 2482 1151 2499 en
1167 2473 1249 2499 1265.
1263 2473 1332 2499 Mon-t
1344 2481 1377 2499 en
1393 2472 1474 2499 ¹506.
