2184 3074
445 257 531 294 252-
992 254 1153 292 CODEX
1181 254 1428 292 DUNENSIS.

499 371 650 408 Litteras
675 369 894 420 apostolicas
919 382 1003 405 vera
1030 369 1131 405 bulla
1159 369 1334 418 plumbea
1359 369 1396 406 in
1423 369 1487 406 filo
1510 371 1660 421 canapis
1686 371 1859 417 bullatas,
1878 385 1982 409 veras

446 430 615 480 integras„
635 428 813 478 omnique
832 427 1045 478 suspicione
1063 432 1227 465 carentes
1244 440 1311 465 nos
1330 428 1510 478 recepisse
1529 421 1718 474 noveritis,
1733 434 1896 468 tenorem
1915 431 1981 482 qui

447 488 616 538 sequitur
630 484 884 523 continentes.¹

496 546 685 584 Johannes
704 545 919 596 episcopus,
938 548 1005 581 etc.

495 606 587 643 Cum
616 604 729 655 igitur
755 607 926 640 contenta
951 603 990 639 in
1017 602 1126 639 dictis
1149 603 1280 640 litteris
1301 603 1514 653 apostolicis
1543 603 1690 654 negotia
1722 605 1983 655 prosequendo

445 663 580 713 Brugis
598 667 634 699 et
650 662 739 699 alibi
758 675 825 712 per
841 660 1055 697 Flandriam
1075 674 1218 698 moram
1235 674 1302 711 per
1313 661 1392 698 dies
1406 661 1552 712 aliquos
1569 662 1754 700 trahentes
1773 676 1794 700 a
1807 662 1982 714 religioso

446 720 526 757 viro
553 720 686 756 abbate
710 719 756 756 de
775 719 925 756 Thosan
951 718 1200 769 receperimus
1226 719 1411 769 stipendia
1429 719 1542 757 unius
1567 720 1640 757 diei
1660 720 1769 758 nobis
1787 721 1824 758 in
1842 721 1981 759 eisdem

445 777 575 815 litteris
605 777 817 828 apostolicis
843 777 1043 827 assignat-a,
1067 790 1135 814 nos
1162 777 1285 827 ipsum
1311 777 1484 815 abbatem
1509 791 1530 814 a
1549 777 1744 828 stipendiis
1763 779 1980 829 hujusmodi

444 837 606 874 relevare
633 835 816 881 volentes,
840 834 947 872 vobis
971 835 1111 871 decano
1130 835 1336 885 praedicto,
1355 835 1401 872 de
1425 835 1534 886 cujus
1565 836 1743 874 fidelitate
1773 837 1922 887 plenam
1940 837 1981 885 in

442 895 605 932 Domino
625 894 799 931 fiduciam
818 894 1042 944 optinemus.‚
1061 893 1329 932 committimus
1352 899 1388 931 et
1405 895 1626 932 mandamus
1650 901 1836 945 quatenus
1853 909 1983 947 perso-

444 967 509 990 nas
528 953 796 1003 infrascriptam,
813 951 985 989 videlicet
1002 956 1148 989 curatos
1164 952 1272 998 tales,
1291 952 1338 988 ad
1358 952 1675 990 contribuendum
1689 967 1775 991 cum
1793 954 1895 992 dicto
1912 955 1981 992 eb-

443 1012 527 1050 bate
546 1011 583 1048 in
604 1024 736 1048 novem
756 1011 869 1047 libras
887 1010 1156 1056 Tornacenses,
1175 1010 1322 1062 ipsique
1340 1011 1483 1059 abbati,
1497 1015 1617 1049 vestra
1636 1016 1759 1050 tamen
1778 1013 1980 1059 taxatione,

443 1070 663 1123 aequatione
689 1074 724 1106 et
748 1068 987 1119 impositione
1012 1069 1151 1106 eisdem
1177 1069 1313 1106 curatis
1337 1083 1404 1120 per
1423 1083 1488 1108 vos
1506 1070 1608 1120 prius
1631 1071 1754 1118 sactis,
1769 1084 1882 1121 super
1903 1084 1980 1122 quo

440 1133 598 1166 vestram
623 1127 887 1164 conscientiam
915 1139 1129 1173 oneramus,
1154 1127 1432 1178 imposituratos
1463 1128 1510 1165 ad
1539 1128 1760 1166 solvendum
1790 1129 1980 1180 praedicto

439 1187 564 1224 abbati
583 1191 647 1223 aut
664 1186 896 1236 procuratori
915 1198 982 1223 suo
1000 1186 1207 1236 praedictas
1227 1186 1277 1223 ΙΧ
1299 1186 1413 1224 libras
1434 1200 1520 1224 cum
1539 1187 1712 1238 expensis
1730 1187 1819 1224 inde
1839 1188 1980 1226 facien-

439 1246 508 1292 dis7
524 1245 697 1282 videlicet
708 1249 820 1295 prout
837 1248 961 1294 tanget
977 1244 1184 1294 quemlibet
1196 1257 1326 1282 eorum
1340 1245 1558 1283 auctoritate
1576 1251 1702 1283 nostra
1721 1245 1836 1283 immo
1851 1247 1978 1285 verius

440 1304 641 1355 apostolica
660 1316 725 1353 per
743 1316 937 1340 censuram
957 1302 1240 1340 ecclesiasticam
1257 1303 1435 1340 canonica
1455 1303 1661 1341 monitione
1679 1304 1799 1355 prima
1818 1305 1978 1355 compel-

443 1363 534 1400 latis.
550 1363 625 1400 Nos
643 1362 743 1399 enim
762 1375 874 1412 super
891 1361 1102 1412 praemissis
1116 1366 1152 1398 et
1164 1374 1206 1399 ea
1220 1362 1457 1412 tangentibus
1475 1362 1742 1400 committimus
1756 1363 1863 1400 vobis
1881 1363 1980 1401 vices

445 1426 607 1467 nostras„
621 1421 740 1458 donec
758 1434 817 1458 eas
835 1420 1054 1457 duxerimus
1073 1420 1309 1457 revocandas.

1165 1547 1273 1557 ἠ,-

1137 1692 1294 1729 CLXiil.

580 1810 818 1846 Nomination
838 1810 887 1846 du
908 1816 1050 1847 rectem·
1066 1810 1109 1847 de
1127 1810 1263 1860 l'e'qlise
1280 1809 1324 1846 de
1339 1809 1636 1847 Saim-Sauvem·
1653 1810 1675 1846 ἀ
1693 1809 1849 1860 Bruqes.

494 2005 525 2041 M
533 2034 803 2050 ..........
824 2004 890 2041 Dei
907 2004 1023 2055 gratia
1042 2005 1286 2042 Tornacensis
1305 2005 1514 2055 episcopus,
1532 2003 1770 2055 presbyteris,
1789 2001 1926 2040 curatis
1941 2014 1984 2039 ac

446 2064 597 2101 cacteris
626 2063 855 2101 beneficiatis
883 2063 921 2100 in
949 2063 1102 2101 ecciesia
1130 2068 1254 2101 nostra
1280 2063 1402 2101 Sancti
1429 2062 1628 2100 Salvatoris
1655 2061 1856 2113 Brugcnsis
1882 2060 1984 2099 salu-

450 2127 521 2158 tem
543 2122 580 2158 in
601 2122 777 2159 Domino.
1433 2164 1437 2167 ,

497 2181 550 2217 Dc
568 2181 743 2218 fidelitate
761 2186 797 2218 et
815 2181 997 2218 industria
1016 2181 1182 2231 magistri
1199 2181 1329 2219 Jacobi
1351 2181 1389 2218 in
1408 2181 1535 2218 eadem
1555 2179 1709 2217 ecclesia
1727 2178 1844 2216 curati
1864 2178 1984 2215 confi-

448 2238 574 2276 dentes
593 2239 755 2289 regimen
776 2239 879 2276 chori
898 2239 1064 2288 ejusdem
1083 2239 1257 2277 ecclesiae
1274 2238 1542 2276 committimus
1557 2237 1694 2283 eidem,
1709 2241 1887 2274 rectorem
1903 2235 1983 2272 ioco

448 2294 570 2334 nostri
582 2297 620 2333 in
640 2297 736 2334 dicta
756 2298 909 2334 ecclesia
935 2297 1201 2335 constituentes
1224 2297 1395 2334 eumdem
1408 2326 1417 2344 ,
1436 2296 1485 2333 ita
1503 2301 1626 2333 tamen
1644 2294 1748 2346 quod
1762 2294 1792 2331 si
1811 2292 1983 2330 eumdem

450 2355 632 2393 Jacobum
652 2355 778 2392 abesse
797 2355 1007 2406 contigerit,
1022 2356 1136 2392 alium
1151 2356 1413 2393 beneficiatum
1433 2355 1471 2392 in
1487 2354 1584 2392 dicta
1602 2353 1754 2391 ecelesia
1770 2352 1886 2403 possit
1904 2351 1985 2401 ioco
