2184 3074
458 322 527 359 156
1002 318 1164 357 CODEX
1189 319 1438 358 DUNENSIS.

457 438 711 488 praesentibus
728 451 801 474 non
817 437 937 479 decet„
953 450 1020 472 nec
1035 436 1185 486 expedit
1202 435 1486 486 comprehendi,
1503 449 1588 472 cum
1605 437 1778 486 praefatis
1798 438 1994 475 venerabi-

457 497 555 533 libus
569 496 736 547 patribus
756 495 890 532 nostris
910 495 1102 533 Remensis
1121 496 1294 532 ecclesiae
1313 494 1575 545 suffraganeis,
1595 499 1630 532 et
1649 495 1731 533 aliis
1751 509 1847 547 quos
1864 498 1992 534 eadem

458 555 601 605 negotia
620 559 767 604 tangere
789 553 1112 604 circonspieimus‚
1129 566 1385 604 proponamus
1401 557 1596 590 tractatum
1619 553 1822 603 pleniorem
1842 554 1994 598 habere,

458 614 564 650 vobis
583 613 848 650 committimus
866 617 901 649 et
920 612 1140 649 mandamus
1155 616 1338 663 quatenus
1354 612 1565 662 praedictos
1580 612 1832 663 suffraganeos
1850 618 1996 651 nostros

458 672 654 722 diligenter
676 672 787 708 citare
810 671 945 708 curetis
959 675 999 707 ut
1022 671 1091 720 ipsi
1112 671 1355 721 personaliter
1373 670 1475 720 apud
1501 670 1750 708 Silvanectum
1774 671 1835 708 die
1851 671 1996 710 sabbati

458 735 542 780 post
559 735 715 767 octavas.
737 759 743 766 .
770 730 937 775 veniant,
964 734 1000 766 et
1021 729 1124 779 quod
1147 742 1276 766 eorum
1300 729 1580 780 unusquisque,
1600 735 1785 780 quantum
1806 731 1854 768 ad
1873 731 1997 782 ipsum

458 789 634 839 pertinen
654 802 782 825 omnes
799 788 949 825 abbates
969 792 1004 824 et
1022 789 1163 838 priores
1178 788 1440 825 conventuales
1460 801 1535 825 non
1558 793 1749 839 exemptos
1777 790 1849 827 sibi
1867 802 1998 840 perso-

458 848 607 892 naliter7
635 846 795 896 capitula
817 859 904 882 vero
929 845 1198 882 cathedralium
1221 850 1257 882 et
1283 846 1560 895 collegiatarum
1583 846 1821 883 ecclesiarum
1843 861 1996 884 suarum

459 906 649 942 civitatum
678 911 712 941 et
730 904 946 954 dyocesium
970 918 1036 954 per
1060 909 1318 954 procuratores
1343 905 1531 954 ydoneos,
1555 904 1601 941 ad
1622 906 1874 951 tractandum,
1894 906 1998 943 ordi-

460 964 625 1001 nandum
641 969 675 1000 et
688 963 996 1000 consentiendum
1014 963 1173 1013 speciale
1192 963 1409 1000 mandatum
1429 963 1622 1009 habentes,
1642 964 1687 1000 ad
1707 963 1826 1001 dictos
1845 964 1944 1001 diem
1963 969 1998 1001 et

459 1024 581 1060 locum
602 1027 775 1072 procuret
788 1027 822 1058 et
841 1021 949 1058 faciat
963 1021 1171 1072 specialiter
1187 1022 1344 1059 evocari.
1360 1022 1552 1059 Caeterum
1567 1023 1817 1073 praecipimus
1836 1027 1871 1059 et
1890 1036 1998 1060 man-

460 1082 590 1118 damus
616 1085 656 1117 ut
680 1081 726 1116 de
750 1079 1039 1130 parrochialium
1068 1080 1306 1117 ecclesiarum
1327 1081 1534 1118 rectoribus
1561 1082 1599 1118 in
1624 1094 1853 1132 unoquoque
1875 1081 1999 1118 archi-

460 1140 669 1188 (lyaconatu
695 1152 793 1176 unus
818 1139 998 1176 discretus
1025 1139 1187 1176 decanus
1214 1140 1271 1176 vel
1301 1139 1395 1176 alius
1423 1153 1491 1190 pro
1517 1153 1555 1177 se
1582 1144 1617 1177 et
1646 1140 1746 1186 aliis,
1774 1153 1860 1177 cum
1885 1140 1998 1178 simili

461 1198 650 1243 mandato7
669 1198 776 1234 dictis
796 1197 856 1233 die
875 1202 909 1234 et
922 1198 1003 1234 loco
1017 1211 1112 1248 quos
1132 1198 1177 1234 ad
1194 1197 1264 1234 hoc
1282 1211 1348 1248 per
1362 1211 1448 1235 suos
1462 1198 1672 1236 ordinarios
1686 1199 1791 1235 citari
1807 1199 1999 1245 volumus,

460 1257 597 1307 pariter
609 1270 646 1293 se
664 1261 916 1306 praesentent,
939 1269 1081 1306 vosque
1100 1257 1138 1293 in
1158 1256 1289 1293 vestris
1311 1257 1458 1293 civitate
1475 1262 1510 1294 et
1528 1257 1678 1306 dyocesi
1697 1271 1809 1308 super
1827 1258 2001 1295 facientes

460 1314 568 1351 dietis
591 1315 651 1351 die
669 1319 705 1351 et
726 1315 806 1351 loco
830 1315 1074 1365 personaliter
1101 1315 1289 1352 intersitis.
1318 1315 1500 1353 Volumus
1526 1316 1636 1352 etiam
1661 1320 1698 1352 et
1723 1315 1943 1353 mandamus
1960 1320 2003 1353 ut

461 1373 620 1422 quilibet
633 1373 886 1422 suffraganeus
904 1386 1033 1410 omnes
1052 1373 1203 1410 abbates
1221 1378 1256 1410 et
1275 1373 1418 1423 priores
1442 1374 1705 1411 conventuales
1723 1378 1914 1424 exemptos
1936 1387 2002 1412 seu

460 1430 710 1480 privilegiatos
729 1431 765 1467 in
785 1431 861 1468 suis
879 1431 1092 1468 civitatibus
1111 1436 1146 1468 et
1163 1432 1388 1481 dyocesibus
1402 1431 1599 1469 existentes
1618 1436 1722 1482 roget
1738 1431 1948 1482 specialiter
1965 1437 2002 1470 et

459 1489 625 1539 requirat
641 1494 683 1526 ut
696 1490 765 1540 ipsi
784 1491 830 1526 ad
850 1490 1074 1540 praedictam
1092 1491 1190 1527 diem
1209 1495 1243 1527 et
1261 1491 1385 1528 locum
1405 1491 1569 1537 veniant,
1589 1491 1779 1528 tractaturi
1803 1491 2001 1528 nobiscum

462 1560 573 1596 super
591 1548 747 1598 negotiis
766 1549 1003 1599 tangentibus
1018 1562 1085 1586 nos
1100 1553 1135 1586 et
1149 1549 1260 1600 ipsos.
1277 1549 1376 1597 Quid
1392 1554 1514 1586 autem
1530 1549 1704 1595 feceritis,
1721 1549 1829 1586 nobis
1844 1549 2003 1586 fideliter

462 1606 671 1643 rescribatis
702 1621 768 1657 per
797 1613 935 1645 vestras
966 1613 1131 1658 patentes
1162 1609 1301 1646 litteras
1332 1609 1465 1645 harum
1493 1610 1624 1646 seriem
1656 1609 1899 1646 continentes.
1926 1609 2003 1646 Da-

464 1669 561 1709 tum..
581 1670 647 1701 etc.

514 1723 586 1759 Nos
616 1723 728 1773 igitur
758 1729 949 1774 praetextu
979 1724 1163 1761 dictarum
1195 1725 1401 1761 litterarum
1435 1724 1481 1761 ad
1512 1724 1611 1761 diem
1636 1729 1672 1761 et
1697 1725 1821 1761 locum
1848 1724 1887 1761 i'n
1914 1724 2005 1775 ipsis

464 1781 594 1818 litteris
616 1783 902 1832 comprehensos
926 1796 1174 1820 convocamus
1199 1797 1264 1820 vos
1291 1796 1420 1820 omnes
1440 1787 1475 1820 et
1503 1783 1668 1834 singulos
1687 1787 1722 1819 et
1746 1782 1920 1828 citamus7
1942 1781 2006 1819 lit-

464 1845 558 1876 teras
585 1840 814 1890 supradictas
842 1846 878 1877 et
905 1846 1077 1878 contenta
1105 1841 1143 1877 in
1170 1841 1222 1878 eis
1245 1841 1283 1877 in
1311 1841 1467 1891 singulis
1497 1841 1573 1878 suis
1599 1841 1785 1886 articulis,
1816 1844 1929 1891 prout
1957 1839 2004 1876 ad

464 1899 671 1948 quemlibet
687 1903 849 1935 vestrum
869 1904 1026 1949 spectat,
1045 1913 1111 1949 per
1127 1912 1192 1935 vos
1212 1912 1276 1936 seu
1295 1912 1361 1949 per
1379 1899 1494 1935 alium
1515 1899 1687 1936 facientes
1707 1898 1917 1935 executioni
1937 1897 2004 1934 de-

464 1957 563 1993 bitae
580 1957 816 2004 demandari,
840 1958 959 2008 sigilla
980 1964 1099 1996 vestra
1119 1959 1249 1996 litteris
1276 1959 1533 2009 praesentibus
1552 1959 1590 1995 in
1612 1959 1761 2009 signum
1781 1957 2004 2008 receptionis

464 2017 678 2053 earumdem
698 2016 870 2054 facientes
890 2018 1040 2067 apponi.
1060 2018 1196 2054 Datum
1215 2030 1313 2054 anno
1334 2018 1504 2063 Domini,
1525 2022 1592 2054 etc.

516 2075 654 2111 Harum
681 2075 793 2125 igitur
812 2075 949 2112 virtute
974 2076 1179 2113 litterarum
1207 2076 1314 2113 vobis
1339 2076 1588 2127 praecipimus
1609 2080 1645 2112 et
1666 2075 1888 2112 mandamus
1910 2088 2006 2126 qua-

466 2137 572 2170 tenus
591 2133 708 2170 citetis
728 2134 975 2184 peremptorie
999 2135 1250 2172 Silvanectum
1278 2148 1407 2172 omnes
1434 2135 1586 2172 abbates
1613 2134 1649 2170 et
1673 2134 1815 2184 priores
1841 2146 2006 2171 conven-

468 2192 582 2228 tuales
597 2205 671 2228 non
686 2197 876 2242 exemptos
885 2193 995 2230 vestri
1013 2194 1213 2230 decanatus
1229 2194 1483 2244 personaliter,
1498 2193 1659 2243 capitula
1670 2206 1758 2230 vero
1768 2192 2005 2229 ecclesiarum

467 2251 577 2287 vestri
597 2251 795 2288 decanatus
813 2265 878 2302 per
896 2257 1154 2302 procuratores
1176 2253 1363 2302 ydoneos,
1385 2253 1431 2289 ad
1449 2252 1548 2289 diem
1568 2252 1605 2288 in
1625 2251 1733 2288 dictis
1752 2251 1883 2288 litteris
1901 2264 2005 2289 com-

468 2309 710 2358 prehensum7
739 2311 944 2347 secundum
974 2311 1131 2347 formam
1159 2315 1195 2347 et
1223 2315 1387 2348 tenorem
1414 2311 1619 2347 litterarum
1648 2309 1939 2360 praedictarum,
1970 2313 2006 2346 et

469 2367 603 2416 rogetis
627 2380 754 2404 omnes
778 2368 928 2406 abbates
954 2374 990 2406 et
1008 2370 1150 2420 priores
1170 2370 1431 2407 conventuales
1449 2374 1641 2420 exemptos
1662 2381 1727 2406 seu
1753 2367 2005 2418 privilegiatos

470 2425 507 2461 in
523 2429 643 2462 vestro
661 2426 839 2462 decanatu
858 2428 1070 2475 existentes,
1086 2442 1128 2465 ac
1146 2429 1256 2466 etiam
1270 2429 1478 2480 specialiter
1493 2427 1690 2479 requiratis
1705 2431 1746 2463 ut
1760 2426 1830 2476 ipsi
1844 2426 1892 2462 ad
1905 2426 2005 2464 diem
