2184 3074
413 262 485 299 256
966 258 1127 297 CODEX
1154 258 1404 297 DUNENSIS.

414 374 589 412 simulare
608 389 683 413 non
702 377 877 421 valentes,
896 375 1133 412 dilectionem
1148 380 1306 412 vestram
1317 404 1326 422 ,
1339 375 1574 426 gravioribus
1589 375 1636 412 ad
1649 389 1822 426 praesens
1839 389 1952 413 occu-

415 433 489 482 pati
513 434 684 483 negotiis,
716 447 890 484 rogamus
915 433 1076 484 benigne
1101 433 1320 486 mandantes
1343 438 1379 470 et
1400 434 1558 471 firmiter
1578 434 1815 485 injungentes
1840 439 1883 471 ut
1905 434 1953 471 ad

415 490 556 528 dictum
580 492 719 538 locum,
737 492 817 528 zelo
831 491 998 541 justitiae
1016 496 1052 528 et
1068 491 1211 528 ordinis
1229 492 1368 542 pariter
1386 492 1546 537 accensi,
1559 491 1640 529 sine
1658 505 1785 529 morae
1801 492 1954 543 dispen-

417 548 479 584 dio
495 549 737 598 personaliter
749 549 948 595 accedatis,
967 554 1003 586 et
1020 550 1157 586 factum
1184 549 1401 599 hujusmodi
1420 563 1488 600 per
1503 549 1719 600 diligentem
1738 555 1774 587 et
1791 549 1955 587 debitam

417 606 698 656 inquisitionem
716 620 758 644 ac
776 608 999 658 condignam
1019 608 1253 658 punitionem
1272 622 1340 659 per
1359 622 1554 647 censuram
1573 609 1733 655 ordinis,
1756 609 1786 646 si
1809 621 1956 646 necesse

418 666 509 702 fueri
515 671 542 712 t,
557 671 593 702 et
605 666 782 717 rigorem,
796 672 908 717 prout
921 667 1043 704 visum
1059 667 1171 705 fuerit
1183 668 1372 719 expedire,
1387 668 1424 705 in
1439 668 1605 719 plenaria
1619 671 1799 719 potestate
1811 667 1959 704 ordinis

417 725 498 760 loco
531 725 645 761 nostri
671 725 791 762 taliter
819 726 1011 776 corrigatis
1041 727 1167 777 quoad
1194 727 1261 764 Dei
1287 727 1444 778 gloriam
1470 731 1507 764 et
1531 726 1712 764 honorem
1737 726 1880 763 ordinis
1909 725 1958 763 sit

415 787 525 832 atque
557 788 743 830 nostrum,
775 788 810 820 et
840 784 968 820 talium
1002 784 1181 835 iniquitas
1213 785 1397 835 impunita
1430 784 1581 822 caeteris
1613 797 1688 822 non
1722 789 1883 821 transeat
1916 783 1954 820 in

416 843 638 892 exemplum.

1122 928 1235 938 -φοο-

1146 1080 1236 1117 CLI.

707 1207 1074 1245 Excommzmication
1095 1209 1138 1245 de
1152 1207 1369 1246 Guillaume
1387 1207 1432 1244 de
1447 1206 1672 1257 Saeftinyen.

471 1419 650 1457 Ollicialis
675 1421 937 1468 TornacensiS,
961 1422 1137 1460 omnihus
1160 1422 1388 1472 presbyteris
1412 1426 1448 1459 et
1471 1420 1671 1472 capellanis
1697 1420 1736 1457 in
1757 1419 1905 1456 civitate
1925 1423 1962 1455 et

422 1478 570 1527 dyocesi
601 1478 825 1517 Tornacensi
857 1481 1066 1518 constitutis
1092 1481 1139 1518 ad
1169 1494 1264 1532 quos
1290 1485 1500 1532 praesentes
1526 1480 1668 1517 litterae
1698 1477 1960 1529 pervenerint,

424 1537 578 1574 salutem
596 1538 633 1574 in
652 1539 828 1576 Domino.

472 1595 554 1632 Non
573 1597 652 1634 sine
674 1598 796 1635 cordis
819 1598 1082 1646 amaritudine,
1109 1599 1276 1636 dolentes
1293 1599 1488 1636 referimus
1506 1597 1623 1648 quod,
1641 1601 1754 1648 prout
1773 1608 1893 1645 nuper
1912 1593 1960 1630 ad

426 1659 588 1692 nostram
619 1657 788 1706 pervenit
819 1657 1066 1704 audientiam,
1093 1658 1247 1708 quidam
1273 1657 1479 1694 monachus
1505 1657 1550 1693 de
1577 1657 1823 1705 Caroeampo¹
1844 1654 1962 1691 Mori&

425 1715 547 1750 nemis
564 1717 575 1733 ²
600 1714 787 1764 dyocesis,
821 1716 973 1753 nomine
997 1718 1107 1767 Huqo
1133 1717 1175 1754 de
1197 1718 1328 1754 Sancto
1344 1716 1467 1754 Paulo
1485 1719 1495 1736 ³
1518 1716 1583 1766 qui
1610 1728 1734 1752 revera
1756 1714 1833 1752 suis
1857 1713 1961 1750 factis

424 1772 640 1809 enormibus
668 1773 880 1812 inveteratis
906 1780 940 1811 et
958 1776 1169 1813 recentibus
1189 1775 1476 1826 exposcentibus
1499 1775 1623 1826 potius
1650 1773 1761 1810 dehet
1784 1772 1858 1809 dici
1877 1785 1963 1822 per-

424 1844 566 1878 versus,
597 1833 637 1869 in
667 1834 767 1871 dicto
793 1836 1036 1882 monasterio,
1069 1849 1144 1873 non
1178 1836 1284 1873 malis
1315 1836 1492 1886 operibus
1522 1834 1662 1886 quibus
1692 1837 1770 1869 erat
1797 1835 1962 1868 assuetus

424 1895 637 1938 contentus,
663 1893 727 1929 sed
749 1894 938 1944 religionis
964 1899 1000 1931 et
1021 1895 1254 1932 obedientiae
1276 1895 1336 1931 cui
1355 1908 1393 1931 se
1414 1894 1613 1931 devoverat
1629 1890 1784 1929 omnino
1802 1889 1962 1934 oblitus,

425 1949 539 1986 immo
558 1951 683 2000 potius
702 1951 903 1989 humanam
924 1958 1095 1990 naturam
1114 1958 1248 1990 exutus
1276 1959 1311 1990 et
1329 1953 1476 1990 beluam
1500 1951 1656 1989 ferinam
1676 1949 1850 1994 indutus,
1869 1947 1964 1997 dya-

426 2008 510 2045 bolo
535 2010 750 2061 instigante,
778 2013 815 2049 in
843 2013 1057 2064 religiosum
1077 2014 1201 2050 virum
1221 2027 1262 2050 ac
1283 2013 1534 2050 venerabilem
1559 2010 1756 2048 dominum
1772 2009 1939 2058 priorem
1952 2010 1963 2027 ⁴

426 2069 513 2106 dicti
534 2072 765 2118 monasterii,
789 2077 932 2123 patrem
960 2086 1069 2110 suum
1095 2073 1326 2124 spiritualem
1349 2071 1547 2123 pacificum
1571 2074 1606 2106 et
1632 2067 1857 2118 benignum,
1877 2079 1962 2103 cum

467 2198 472 2211 ¹
494 2198 627 2225 Lisez:‹l0
646 2200 839 2226 Tlmsan.T0us
852 2201 890 2227 lcs
905 2205 973 2227 mots
984 2201 1123 2236 imprimes
1134 2209 1167 2227 en
1257 2201 1267 2215 ⁸
1290 2200 1383 2226 Lisez:
1402 2199 1565 2231 wilhelmus,
1582 2197 1670 2230 frater·
1687 2201 1833 2221 canivet-sus.
1859 2191 1880 2218 ll
1893 2189 1966 2216 suffit

426 2245 550 2279 italiqucs
567 2251 627 2272 sont
638 2246 718 2273 e‘crits
731 2249 811 2275 d'unc
823 2249 895 2275 main
913 2249 1055 2276 differente
1068 2253 1094 2275 et
1104 2248 1169 2275 suh·
1218 2247 1252 2272 de
1275 2244 1440 2280 rapprochcr
1462 2244 1500 2270 les
1518 2246 1586 2269 mols
1604 2240 1694 2277 places
1714 2239 1785 2266 deux
1806 2238 1891 2272 lignes
1905 2236 1966 2271 Plus

425 2290 518 2317 stitues
530 2290 544 2317 ὲ
558 2292 674 2319 d'autres
692 2298 761 2320 mois
774 2295 838 2321 dont
854 2303 889 2321 on
904 2303 918 2321 a
942 2295 990 2321 fait
1009 2295 1170 2330 disparaltre
1220 2293 1275 2318 loin
1288 2300 1295 2317 ε
1310 2292 1398 2325 potius
1422 2291 1493 2316 debet
1513 2290 1566 2315 dici
1583 2295 1734 2322 perversus,
1749 2292 1817 2320 pour
1837 2284 1966 2310 s'assurcr

426 2337 463 2363 les
474 2341 559 2363 traces
569 2346 615 2364 sur
625 2339 650 2364 le
662 2339 828 2373 parchemin.
1220 2338 1285 2373 qu’il
1300 2337 1358 2363 faut
1372 2337 1422 2363 lire
1435 2336 1469 2362 ici
1484 2344 1491 2362 ε
1506 2336 1594 2370 frater
1602 2341 1746 2361 convertus.

465 2382 475 2396 ²
497 2383 572 2410 Lisez
588 2392 595 2410 z
614 2384 790 2412 Tornacmzsis.
1259 2385 1268 2399 ⁴
1289 2384 1365 2410 Lisez
1377 2392 1384 2410 :
1397 2384 1524 2409 abbatem.
