2184 3074
701 202 862 242 conax
889 201 1134 241 nonensis.
1191 181 1194 185 ’
1616 204 1688 241 457

155 319 294 357 mitatis
319 320 508 370 angustias
533 321 634 359 illius
659 320 829 371 specialis
855 319 1091 358 haereditatis
1116 319 1342 366 dominicae,
1361 319 1534 357 videlicet
1552 319 1686 357 Terrae

155 377 311 416 Sanctae
331 379 378 416 ab
397 379 612 417 infidelibus
631 379 853 417 mirabiliter
874 378 1130 424 conculcatae,
1147 378 1186 416 in
1204 391 1279 429 qua
1297 378 1394 416 idem
1414 378 1528 428 patris
1545 378 1685 415 aeterni

156 436 272 481 filius,
298 442 446 476 nostrae
469 438 590 477 carnis
614 438 834 476 indumento
850 442 1059 485 contectus,
1078 439 1233 476 salutem
1262 438 1414 476 humani
1441 438 1585 489 generis
1602 438 1683 489 pie-

156 499 228 533 tate
259 495 436 534 ineffabili
462 496 585 534 extitit
609 500 801 547 operatus,
826 509 1016 547 quamque
1041 509 1105 534 sua
1133 497 1212 548 ipse
1236 496 1355 534 voluit
1381 496 1563 548 corporali
1591 496 1684 534 insi-

154 553 260 604 gnire
276 554 483 605 praesentia
502 559 538 592 et
554 555 697 606 proprii
716 555 928 605 aspersione
945 555 1137 606 sanguinis
1159 568 1392 602 consecrare,
1411 555 1527 593 multa
1544 554 1684 592 sollici·

156 612 285 651 tudine
305 612 449 651 studuit
466 613 586 651 eidem
604 617 721 651 terrae
738 614 928 651 retroactis
947 614 1193 665 temporibus,
1207 614 1346 665 quibus
1360 613 1482 664 potuit
1499 612 1683 658 remediis,

155 674 197 707 ut
225 670 384 721 eriperet
416 671 464 708 ab
498 671 588 723 ipsis
625 671 768 722 impiis,
803 671 1025 710 subvenire·
1044 673 1089 710 Et
1121 672 1210 723 quia
1244 672 1340 709 inter
1372 676 1552 717 caeteros,
1587 683 1683 721 quos

155 728 336 779 professio
359 728 582 767 christianae
607 730 796 780 religionis
825 730 1001 777 includit,
1021 730 1156 768 milites
1178 735 1214 767 et
1233 731 1362 767 fratres
1380 729 1534 767 militiae
1549 729 1683 767 domus

154 785 302 837 Templi
322 787 658 832 Jherosolimitani,
676 789 772 827 sicut
797 794 851 827 est
875 789 942 826 toti
967 789 1049 827 orbi
1081 789 1288 834 notorium,
1306 793 1482 839 tanquam
1506 787 1682 839 speciales

154 845 319 896 ejusdem
350 846 435 884 fidei
461 848 605 898 pugiles
636 852 672 885 et
694 848 770 898 jam
803 848 922 886 dictae
947 852 1064 886 terrae
1089 848 1278 899 praecipui
1305 848 1538 893 defensores,
1564 846 1681 897 ipsius

154 908 271 941 terrac
289 904 478 954 negotium
503 906 760 956 principaliter
781 919 907 956 gerere
929 906 1167 950 videbantur,
1186 906 1285 957 ipsos
1303 910 1339 943 et
1356 918 1485 943 eorum
1510 904 1679 942 ordinem

154 963 315 1012 praefata
347 963 508 1001 Ecclesia
534 964 703 1015 specialis
728 965 863 1002 favoris
895 965 1128 1016 plenitudine
1157 978 1400 1016 prosequens,
1418 978 1481 1002 eos
1505 963 1680 1001 adversus

154 1020 289 1058 Christi
309 1021 430 1060 hostes
448 1023 569 1060 crucis
587 1023 744 1060 armavit
759 1023 966 1073 signaculo,
982 1024 1108 1061 multis
1125 1024 1299 1061 exaltavit
1316 1023 1536 1065 honoribus,
1550 1021 1681 1059 ditavit

155 1078 390 1117 facultatibus
405 1093 447 1117 ac
461 1080 615 1118 diversis
631 1080 862 1118 libertatibus
876 1086 912 1118 et
925 1081 1128 1132 privilegiis
1142 1081 1397 1118 communivit.
1413 1081 1472 1118 nii
1490 1080 1679 1126 nimirum,

155 1149 239 1174 cum
257 1137 496 1176 crederentur
516 1139 553 1176 in
576 1138 705 1176 divino
730 1139 880 1177 servitio
904 1140 974 1177 sub
1001 1140 1158 1190 regulari
1190 1139 1318 1176 habitu
1336 1139 1495 1176 fideliter
1511 1138 1679 1184 militare,

154 1194 225 1232 sibi
243 1195 349 1245 quasi
366 1201 585 1233 cunctorum
613 1209 744 1234 manus
764 1197 930 1234 fidelium
949 1210 1034 1234 cum
1049 1197 1246 1247 multiplici
1265 1197 1476 1247 erogatione
1494 1196 1678 1233 bonorum

154 1253 360 1290 sentiebant
385 1254 639 1305 multipharie,
665 1255 866 1306 multisque
891 1255 1011 1293 modis
1037 1261 1189 1306 propter
1212 1269 1252 1292 ea
1271 1255 1484 1305 adjutrices,
1502 1254 1565 1291 sed
1585 1253 1679 1305 proh

153 1311 272 1349 dolor!
293 1324 388 1349 nova
401 1316 437 1349 et
449 1313 661 1350 calamitosa
680 1325 753 1350 vox
770 1313 818 1350 de
835 1313 1073 1363 malignitatis
1092 1313 1246 1350 fratrum
1269 1313 1435 1363 ipsorum
1457 1313 1676 1349 enormitate

154 1369 410 1420 progrediens,
433 1375 601 1408 nostrum
629 1371 802 1422 replevit,
829 1371 943 1408 immo
969 1371 1092 1409 verius
1116 1371 1348 1422 perturbavit
1378 1371 1558 1408 auditum.
1585 1370 1682 1408 llaec

153 1428 252 1465 enim
275 1441 348 1466 vox
371 1429 500 1466 nuntia
524 1430 796 1468 lamentationis
819 1435 855 1468 et
870 1431 1043 1481 gemitus,
1067 1431 1304 1468 audientibus
1326 1430 1515 1467 horrorem
1536 1430 1681 1479 ingerit,

149 1491 362 1524 ,commovet
387 1488 552 1535 animos,
576 1493 716 1526 mentes
742 1489 867 1526 turbat
894 1494 930 1526 et
952 1490 1095 1527 cunctis
1121 1489 1342 1526 christianae
1367 1489 1452 1525 fidei
1475 1488 1680 1525 cultoribus

155 1557 271 1582 novae
291 1545 549 1583 amaritudinis
571 1547 722 1583 calicem
742 1547 1018 1592 subministrat,
1037 1552 1072 1584 et
1089 1547 1179 1584 dum
1199 1547 1281 1584 facti
1307 1547 1437 1584 seriem
1457 1546 1536 1595 ejus
1555 1559 1680 1583 neces-

154 1602 260 1640 sitate
285 1608 458 1654 poscente
482 1604 751 1655 depromimus,
781 1610 904 1642 noster
928 1610 1139 1642 attenuatur
1159 1619 1245 1655 prae
1262 1605 1430 1655 angustia
1447 1604 1616 1655 spiritus,
1634 1610 1669 1641 et

154 1661 376 1698 valetudinis
417 1658 564 1712 fatigata
604 1663 855 1700 confractibus
898 1663 1064 1700 membra
1099 1663 1244 1713 singula
1280 1676 1368 1713 prae
1403 1662 1519 1699 nimio
1553 1661 1680 1699 dolore

153 1721 356 1758 tabescunt.
382 1721 532 1759 Dudum
553 1721 737 1772 siquidem
763 1722 859 1759 circa
880 1727 1026 1759 nostrae
1044 1722 1289 1773 promotionis
1307 1722 1352 1758 ad
1377 1722 1517 1772 apicem
1544 1722 1678 1758 summi

154 1780 391 1831 pontificatus
416 1780 582 1826 initium,
600 1781 709 1825 etiam
734 1785 932 1832 antequam
957 1781 1199 1831 Lugdunum,
1219 1781 1283 1818 ubi
1310 1780 1516 1831 recepimus
1535 1785 1679 1817 nostrae

154 1839 402 1876 coronationis
417 1839 592 1889 insignia,
610 1840 837 1885 veniremus,
852 1845 888 1876 ct
906 1845 988 1891 post
1007 1845 1078 1877 tam
1100 1840 1151 1877 ibi
1170 1853 1282 1890 quam
1300 1839 1406 1884 alibi,
1430 1843 1564 1876 secreta
1582 1851 1679 1889 quo-

154 1896 324 1934 rumdam
356 1897 464 1935 nobis
494 1898 696 1936 insinuatio
726 1900 897 1949 patefecit
926 1899 1027 1950 quod
1056 1899 1242 1950 magister,
1267 1903 1520 1949 praeceptores
1551 1902 1587 1934 et
1615 1897 1676 1934 alii

155 1955 282 1992 fratres
307 1955 449 1995 ordinis
478 1957 598 1994 dictae
622 1957 776 1994 militiae
803 1958 962 2009 Templi,
987 1963 1023 1995 ct
1045 1958 1153 1995 etiam
1180 1959 1257 2008 ipse
1281 1958 1373 1995 ordo
1397 1957 1462 2007 qui
1485 1956 1531 1993 ad
1551 1956 1679 1993 desen-

154 2013 296 2054 sionem
316 2015 530 2065 patrimonii
549 2015 666 2066 ipsius
683 2017 833 2054 Domini
850 2017 972 2054 Nostri
991 2016 1105 2054 Jhesu
1125 2016 1260 2053 Christi
1280 2017 1425 2053 fuerant
1442 2015 1478 2051 in
1498 2019 1678 2052 transma-

153 2071 245 2109 rinis
280 2073 449 2123 partibus
484 2074 668 2125 deputati,
703 2080 830 2112 contra
865 2075 986 2125 ipsum
1014 2075 1216 2112 Dominum
1253 2074 1291 2111 in
1327 2074 1446 2111 scelus
1477 2073 1680 2124 apostasiae

154 2129 411 2181 nephandum,
433 2128 648 2170 detestabile
664 2132 869 2182 ydolatriae
889 2133 1039 2178 vitium,
1056 2133 1262 2170 execrabile
1280 2132 1422 2169 facinus
1440 2131 1678 2169 sodomorum

154 2192 188 2224 et
207 2187 372 2226 haereses
398 2189 515 2227 varias
538 2195 642 2228 erant
666 2191 769 2241 lapsi.
789 2191 859 2229 Sed
877 2191 964 2241 quia
989 2204 1063 2228 non
1084 2196 1161 2228 crat
1182 2190 1399 2234 verisimile,
1419 2203 1485 2226 nec
1503 2189 1680 2226 credibile

154 2245 350 2283 videbatur
366 2247 467 2297 quod
486 2247 555 2284 viri
576 2252 649 2285 tam
669 2248 845 2299 religiosi,
864 2248 928 2299 qui
947 2249 1145 2299 praecipue
1163 2262 1231 2299 pro
1250 2247 1385 2285 Christi
1406 2247 1556 2284 nomine
1569 2260 1678 2284 suum

154 2315 261 2354 saepe
285 2304 503 2355 sanguinem
532 2306 722 2344 effundere
747 2319 789 2344 ac
811 2319 985 2357 personas
1010 2320 1095 2344 suas
1123 2307 1252 2344 mortis
1282 2305 1448 2357 periculo
1471 2306 1681 2356 frequenter
