<?xml version="1.0" encoding="UTF-8"?>
<!DOCTYPE html PUBLIC "-//W3C//DTD XHTML 1.0 Transitional//EN"
    "http://www.w3.org/TR/xhtml1/DTD/xhtml1-transitional.dtd">
<html xmlns="http://www.w3.org/1999/xhtml" xml:lang="en" lang="en">
 <head>
  <title>
</title>
<meta http-equiv="Content-Type" content="text/html;charset=utf-8" />
  <meta name='ocr-system' content='tesseract 3.04.00' />
  <meta name='ocr-capabilities' content='ocr_page ocr_carea ocr_par ocr_line ocrx_word'/>
</head>
<body>
  <div class='ocr_page' id='page_1' title='image "./codexdunensissiv00kervuoft/codexdunensissiv00kervuoft_0065.png"; bbox 0 0 2184 3074; ppageno 0'>
   <div class='ocr_carea' id='block_1_1' title="bbox 746 324 1730 366">
    <p class='ocr_par' dir='ltr' id='par_1_1' title="bbox 746 324 1730 366">
     <span class='ocr_line' id='line_1_1' title="bbox 746 324 1730 366; baseline 0.003 -3"><span class='ocrx_word' id='word_1_1' title='bbox 746 324 906 363; x_wconf 88' lang='lat' dir='ltr'>CODEX</span> <span class='ocrx_word' id='word_1_2' title='bbox 933 324 1180 363; x_wconf 85' lang='lat' dir='ltr'><strong>DUNENSlS.</strong></span> <span class='ocrx_word' id='word_1_3' title='bbox 1681 328 1730 366; x_wconf 75' lang='lat'><strong>23</strong></span> 
     </span>
    </p>
   </div>
   <div class='ocr_carea' id='block_1_2' title="bbox 914 490 1010 529">
    <p class='ocr_par' dir='ltr' id='par_1_2' title="bbox 914 490 1010 529">
     <span class='ocr_line' id='line_1_2' title="bbox 914 490 1010 529; baseline -0.01 -1"><span class='ocrx_word' id='word_1_4' title='bbox 914 490 1010 529; x_wconf 85' lang='lat' dir='ltr'><strong>xlv.</strong></span> 
     </span>
    </p>
   </div>
   <div class='ocr_carea' id='block_1_3' title="bbox 242 606 1679 716">
    <p class='ocr_par' dir='ltr' id='par_1_3' title="bbox 242 606 1679 716">
     <span class='ocr_line' id='line_1_3' title="bbox 242 606 1679 658; baseline -0.001 -11"><span class='ocrx_word' id='word_1_5' title='bbox 242 609 364 647; x_wconf 77' lang='lat' dir='ltr'><strong>Letcre</strong></span> <span class='ocrx_word' id='word_1_6' title='bbox 381 607 425 646; x_wconf 82' lang='lat' dir='ltr'><strong>de</strong></span> <span class='ocrx_word' id='word_1_7' title='bbox 442 607 673 653; x_wconf 77' lang='lat' dir='ltr'><strong>Guillaume,</strong></span> <span class='ocrx_word' id='word_1_8' title='bbox 693 608 823 658; x_wconf 60' lang='lat' dir='ltr'><strong>evaque</strong></span> <span class='ocrx_word' id='word_1_9' title='bbox 839 607 1052 652; x_wconf 79' lang='lat' dir='ltr'><strong>d’Amiens,</strong></span> <span class='ocrx_word' id='word_1_10' title='bbox 1071 607 1095 644; x_wconf 86' lang='grc' dir='ltr'><em>ἀ</em></span> <span class='ocrx_word' id='word_1_11' title='bbox 1113 606 1255 652; x_wconf 82' lang='lat' dir='ltr'><strong>Gillon,</strong></span> <span class='ocrx_word' id='word_1_12' title='bbox 1272 606 1494 658; x_wconf 71' lang='lat' dir='ltr'><strong>archeveque</strong></span> <span class='ocrx_word' id='word_1_13' title='bbox 1510 607 1555 645; x_wconf 80' lang='lat' dir='ltr'><strong>de</strong></span> <span class='ocrx_word' id='word_1_14' title='bbox 1570 608 1679 654; x_wconf 75' lang='lat' dir='ltr'><strong>Sena,</strong></span> 
     </span>
     <span class='ocr_line' id='line_1_4' title="bbox 389 665 1530 716; baseline -0.003 -11"><span class='ocrx_word' id='word_1_15' title='bbox 389 666 540 706; x_wconf 72' lang='lat' dir='ltr'><strong>relative</strong></span> <span class='ocrx_word' id='word_1_16' title='bbox 556 679 636 703; x_wconf 79' lang='lat' dir='ltr'><strong>aux</strong></span> <span class='ocrx_word' id='word_1_17' title='bbox 651 666 793 716; x_wconf 75' lang='lat' dir='ltr'><strong>conflita</strong></span> <span class='ocrx_word' id='word_1_18' title='bbox 809 665 872 703; x_wconf 78' lang='lat' dir='ltr'><strong>des</strong></span> <span class='ocrx_word' id='word_1_19' title='bbox 885 665 1027 715; x_wconf 81' lang='lat' dir='ltr'><strong>pre&#39;lats</strong></span> <span class='ocrx_word' id='word_1_20' title='bbox 1044 671 1076 702; x_wconf 86' lang='lat' dir='ltr'><strong>et</strong></span> <span class='ocrx_word' id='word_1_21' title='bbox 1094 665 1155 702; x_wconf 76' lang='lat' dir='ltr'><strong>des</strong></span> <span class='ocrx_word' id='word_1_22' title='bbox 1173 666 1306 702; x_wconf 68' lang='lat' dir='ltr'><strong>Freres</strong></span> <span class='ocrx_word' id='word_1_23' title='bbox 1324 666 1490 703; x_wconf 70' lang='lat' dir='ltr'><strong>Minenrs</strong></span> <span class='ocrx_word' id='word_1_24' title='bbox 1510 670 1530 702; x_wconf 83' lang='lat'><strong>¹.</strong></span> 
     </span>
    </p>
   </div>
   <div class='ocr_carea' id='block_1_4' title="bbox 190 859 1732 2317">
    <p class='ocr_par' dir='ltr' id='par_1_4' title="bbox 190 859 1728 1207">
     <span class='ocr_line' id='line_1_5' title="bbox 243 859 1725 912; baseline 0 -13"><span class='ocrx_word' id='word_1_25' title='bbox 243 861 467 899; x_wconf 84' lang='lat' dir='ltr'><strong>Reverendis</strong></span> <span class='ocrx_word' id='word_1_26' title='bbox 482 862 518 898; x_wconf 92' lang='lat' dir='ltr'><strong>in</strong></span> <span class='ocrx_word' id='word_1_27' title='bbox 535 861 682 898; x_wconf 83' lang='lat' dir='ltr'><strong>Christo</strong></span> <span class='ocrx_word' id='word_1_28' title='bbox 697 860 866 912; x_wconf 87' lang='lat' dir='ltr'><strong>patribus</strong></span> <span class='ocrx_word' id='word_1_29' title='bbox 879 864 915 897; x_wconf 90' lang='lat' dir='ltr'><strong>et</strong></span> <span class='ocrx_word' id='word_1_30' title='bbox 930 859 1092 897; x_wconf 88' lang='lat' dir='ltr'><strong>dominis</strong></span> <span class='ocrx_word' id='word_1_31' title='bbox 1106 860 1182 896; x_wconf 84' lang='lat' dir='ltr'><strong>suis</strong></span> <span class='ocrx_word' id='word_1_32' title='bbox 1201 860 1404 897; x_wconf 82' lang='lat' dir='ltr'><strong>karissimis</strong></span> <span class='ocrx_word' id='word_1_33' title='bbox 1419 861 1573 899; x_wconf 92' lang='lat' dir='ltr'><strong>domino</strong></span> <span class='ocrx_word' id='word_1_34' title='bbox 1587 862 1725 905; x_wconf 78' lang='lat' dir='ltr'><strong>Giloni,</strong></span> 
     </span>
     <span class='ocr_line' id='line_1_6' title="bbox 191 918 1726 972; baseline 0.001 -14"><span class='ocrx_word' id='word_1_35' title='bbox 191 920 259 958; x_wconf 91' lang='lat' dir='ltr'><strong>Dei</strong></span> <span class='ocrx_word' id='word_1_36' title='bbox 277 921 392 971; x_wconf 81' lang='lat' dir='ltr'><strong>gratia</strong></span> <span class='ocrx_word' id='word_1_37' title='bbox 412 920 616 958; x_wconf 89' lang='lat' dir='ltr'><strong>Senonensi</strong></span> <span class='ocrx_word' id='word_1_38' title='bbox 636 919 934 970; x_wconf 73' lang='lat' dir='ltr'><strong>archiepiscopo,</strong></span> <span class='ocrx_word' id='word_1_39' title='bbox 958 918 1114 969; x_wconf 87' lang='lat' dir='ltr'><strong>ejusque</strong></span> <span class='ocrx_word' id='word_1_40' title='bbox 1131 919 1372 969; x_wconf 81' lang='lat' dir='ltr'><strong>suffraganeis</strong></span> <span class='ocrx_word' id='word_1_41' title='bbox 1391 919 1614 958; x_wconf 85' lang='lat' dir='ltr'><strong>Senonensis</strong></span> <span class='ocrx_word' id='word_1_42' title='bbox 1637 935 1726 972; x_wconf 83' lang='lat' dir='ltr'><strong>pro-</strong></span> 
     </span>
     <span class='ocr_line' id='line_1_7' title="bbox 190 977 1727 1030; baseline 0.001 -13"><span class='ocrx_word' id='word_1_43' title='bbox 190 980 334 1017; x_wconf 83' lang='lat' dir='ltr'><strong>vinciae</strong></span> <span class='ocrx_word' id='word_1_44' title='bbox 351 992 418 1030; x_wconf 88' lang='lat' dir='ltr'><strong>per</strong></span> <span class='ocrx_word' id='word_1_45' title='bbox 435 979 601 1016; x_wconf 90' lang='lat' dir='ltr'><strong>eamdem</strong></span> <span class='ocrx_word' id='word_1_46' title='bbox 621 982 754 1016; x_wconf 89' lang='lat' dir='ltr'><strong>terram</strong></span> <span class='ocrx_word' id='word_1_47' title='bbox 773 977 956 1028; x_wconf 87' lang='lat' dir='ltr'><strong>episcopis</strong></span> <span class='ocrx_word' id='word_1_48' title='bbox 975 977 1158 1015; x_wconf 89' lang='lat' dir='ltr'><strong>universis</strong></span> <span class='ocrx_word' id='word_1_49' title='bbox 1176 978 1221 1014; x_wconf 88' lang='lat' dir='ltr'><strong>ad</strong></span> <span class='ocrx_word' id='word_1_50' title='bbox 1246 991 1341 1028; x_wconf 85' lang='lat' dir='ltr'><strong>quos</strong></span> <span class='ocrx_word' id='word_1_51' title='bbox 1358 983 1567 1029; x_wconf 77' lang='lat' dir='ltr'><strong>praesentes</strong></span> <span class='ocrx_word' id='word_1_52' title='bbox 1585 979 1727 1018; x_wconf 74' lang='lat' dir='ltr'><strong>litterae</strong></span> 
     </span>
     <span class='ocr_line' id='line_1_8' title="bbox 191 1036 1727 1090; baseline 0 -14"><span class='ocrx_word' id='word_1_53' title='bbox 191 1038 443 1090; x_wconf 85' lang='lat' dir='ltr'><strong>pervenerint,</strong></span> <span class='ocrx_word' id='word_1_54' title='bbox 459 1037 688 1080; x_wconf 82' lang='lat' dir='ltr'><strong>willelmus,</strong></span> <span class='ocrx_word' id='word_1_55' title='bbox 703 1036 868 1086; x_wconf 90' lang='lat' dir='ltr'><strong>ejusdem</strong></span> <span class='ocrx_word' id='word_1_56' title='bbox 885 1036 1120 1073; x_wconf 82' lang='lat' dir='ltr'><strong>miseratione</strong></span> <span class='ocrx_word' id='word_1_57' title='bbox 1137 1037 1394 1074; x_wconf 82' lang='lat' dir='ltr'><strong>Ambianensis</strong></span> <span class='ocrx_word' id='word_1_58' title='bbox 1409 1037 1619 1089; x_wconf 59' lang='lat' dir='ltr'><strong>episcopus„</strong></span> <span class='ocrx_word' id='word_1_59' title='bbox 1633 1040 1727 1076; x_wconf 89' lang='lat' dir='ltr'><strong>salu-</strong></span> 
     </span>
     <span class='ocr_line' id='line_1_9' title="bbox 193 1094 1728 1146; baseline 0.001 -11"><span class='ocrx_word' id='word_1_60' title='bbox 193 1101 264 1135; x_wconf 86' lang='lat' dir='ltr'><strong>tem</strong></span> <span class='ocrx_word' id='word_1_61' title='bbox 280 1101 415 1134; x_wconf 88' lang='lat' dir='ltr'><strong>etcum</strong></span> <span class='ocrx_word' id='word_1_62' title='bbox 431 1095 533 1133; x_wconf 90' lang='lat' dir='ltr'><strong>omni</strong></span> <span class='ocrx_word' id='word_1_63' title='bbox 548 1095 752 1132; x_wconf 88' lang='lat' dir='ltr'><strong>reverentia</strong></span> <span class='ocrx_word' id='word_1_64' title='bbox 771 1098 807 1132; x_wconf 90' lang='lat' dir='ltr'><strong>et</strong></span> <span class='ocrx_word' id='word_1_65' title='bbox 824 1094 966 1131; x_wconf 86' lang='lat' dir='ltr'><strong>honore</strong></span> <span class='ocrx_word' id='word_1_66' title='bbox 984 1095 1317 1146; x_wconf 75' lang='lat' dir='ltr'><strong>promptitudinem</strong></span> <span class='ocrx_word' id='word_1_67' title='bbox 1335 1095 1473 1133; x_wconf 88' lang='lat' dir='ltr'><strong>eisdem</strong></span> <span class='ocrx_word' id='word_1_68' title='bbox 1495 1096 1530 1133; x_wconf 88' lang='lat' dir='ltr'><strong>in</strong></span> <span class='ocrx_word' id='word_1_69' title='bbox 1551 1098 1728 1136; x_wconf 81' lang='lat' dir='ltr'><strong>omnibus</strong></span> 
     </span>
     <span class='ocr_line' id='line_1_10' title="bbox 190 1155 456 1207; baseline -0.011 -13"><span class='ocrx_word' id='word_1_70' title='bbox 190 1155 456 1207; x_wconf 79' lang='lat' dir='ltr'><strong>complacendi.</strong></span> 
     </span>
    </p>

    <p class='ocr_par' dir='ltr' id='par_1_5' title="bbox 190 1211 1732 2317">
     <span class='ocr_line' id='line_1_11' title="bbox 240 1211 1727 1263; baseline 0.001 -11"><span class='ocrx_word' id='word_1_71' title='bbox 240 1214 438 1263; x_wconf 85' lang='lat' dir='ltr'><strong>Quiescere</strong></span> <span class='ocrx_word' id='word_1_72' title='bbox 455 1212 624 1250; x_wconf 84' lang='lat' dir='ltr'><strong>videmus</strong></span> <span class='ocrx_word' id='word_1_73' title='bbox 643 1211 829 1248; x_wconf 88' lang='lat' dir='ltr'><strong>interdum</strong></span> <span class='ocrx_word' id='word_1_74' title='bbox 849 1211 1116 1248; x_wconf 77' lang='lat' dir='ltr'><strong>commotiones</strong></span> <span class='ocrx_word' id='word_1_75' title='bbox 1135 1211 1314 1248; x_wconf 82' lang='lat' dir='ltr'><strong>fluctuum</strong></span> <span class='ocrx_word' id='word_1_76' title='bbox 1334 1213 1429 1250; x_wconf 87' lang='lat' dir='ltr'><strong>circa</strong></span> <span class='ocrx_word' id='word_1_77' title='bbox 1451 1214 1608 1251; x_wconf 91' lang='lat' dir='ltr'><strong>marium</strong></span> <span class='ocrx_word' id='word_1_78' title='bbox 1632 1219 1727 1253; x_wconf 88' lang='lat' dir='ltr'><strong>tem-</strong></span> 
     </span>
     <span class='ocr_line' id='line_1_12' title="bbox 192 1270 1726 1325; baseline 0 -14"><span class='ocrx_word' id='word_1_79' title='bbox 192 1277 364 1325; x_wconf 75' lang='lat' dir='ltr'><strong>pestates,</strong></span> <span class='ocrx_word' id='word_1_80' title='bbox 384 1277 420 1309; x_wconf 90' lang='lat' dir='ltr'><strong>et</strong></span> <span class='ocrx_word' id='word_1_81' title='bbox 439 1271 710 1309; x_wconf 86' lang='lat' dir='ltr'><strong>dissentionum</strong></span> <span class='ocrx_word' id='word_1_82' title='bbox 731 1270 899 1307; x_wconf 89' lang='lat' dir='ltr'><strong>materias</strong></span> <span class='ocrx_word' id='word_1_83' title='bbox 919 1282 1189 1320; x_wconf 85' lang='lat' dir='ltr'><strong>nonnunquam</strong></span> <span class='ocrx_word' id='word_1_84' title='bbox 1209 1270 1316 1307; x_wconf 89' lang='lat' dir='ltr'><strong>silere</strong></span> <span class='ocrx_word' id='word_1_85' title='bbox 1334 1272 1584 1322; x_wconf 83' lang='lat' dir='ltr'><strong>conspicimus</strong></span> <span class='ocrx_word' id='word_1_86' title='bbox 1603 1273 1640 1310; x_wconf 92' lang='lat' dir='ltr'><strong>in</strong></span> <span class='ocrx_word' id='word_1_87' title='bbox 1661 1287 1726 1311; x_wconf 89' lang='lat' dir='ltr'><strong>ne-</strong></span> 
     </span>
     <span class='ocr_line' id='line_1_13' title="bbox 190 1328 1727 1384; baseline 0.001 -15"><span class='ocrx_word' id='word_1_88' title='bbox 190 1331 299 1384; x_wconf 82' lang='lat' dir='ltr'><strong>gotiis</strong></span> <span class='ocrx_word' id='word_1_89' title='bbox 318 1335 566 1375; x_wconf 82' lang='lat' dir='ltr'><strong>terrenorum,</strong></span> <span class='ocrx_word' id='word_1_90' title='bbox 585 1328 659 1366; x_wconf 89' lang='lat' dir='ltr'><strong>illis</strong></span> <span class='ocrx_word' id='word_1_91' title='bbox 679 1328 773 1365; x_wconf 88' lang='lat' dir='ltr'><strong>aeris</strong></span> <span class='ocrx_word' id='word_1_92' title='bbox 791 1328 874 1365; x_wconf 89' lang='lat' dir='ltr'><strong>data</strong></span> <span class='ocrx_word' id='word_1_93' title='bbox 895 1328 1085 1379; x_wconf 89' lang='lat' dir='ltr'><strong>temperie,</strong></span> <span class='ocrx_word' id='word_1_94' title='bbox 1104 1328 1182 1365; x_wconf 93' lang='lat' dir='ltr'><strong>istis</strong></span> <span class='ocrx_word' id='word_1_95' title='bbox 1196 1341 1282 1365; x_wconf 91' lang='lat' dir='ltr'><strong>vero</strong></span> <span class='ocrx_word' id='word_1_96' title='bbox 1301 1329 1511 1367; x_wconf 88' lang='lat' dir='ltr'><strong>animorum</strong></span> <span class='ocrx_word' id='word_1_97' title='bbox 1530 1332 1727 1372; x_wconf 84' lang='lat' dir='ltr'><strong>concordia</strong></span> 
     </span>
     <span class='ocr_line' id='line_1_14' title="bbox 191 1386 1729 1438; baseline 0 -11"><span class='ocrx_word' id='word_1_98' title='bbox 191 1389 369 1428; x_wconf 84' lang='lat' dir='ltr'><strong>restituta.</strong></span> <span class='ocrx_word' id='word_1_99' title='bbox 388 1388 479 1435; x_wconf 89' lang='lat' dir='ltr'><strong>Sed,</strong></span> <span class='ocrx_word' id='word_1_100' title='bbox 497 1387 614 1438; x_wconf 74' lang='lat' dir='ltr'><strong>procli</strong></span> <span class='ocrx_word' id='word_1_101' title='bbox 633 1386 754 1423; x_wconf 90' lang='lat' dir='ltr'><strong>dolor!</strong></span> <span class='ocrx_word' id='word_1_102' title='bbox 774 1386 866 1423; x_wconf 92' lang='lat' dir='ltr'><strong>dum</strong></span> <span class='ocrx_word' id='word_1_103' title='bbox 883 1386 929 1423; x_wconf 93' lang='lat' dir='ltr'><strong>ad</strong></span> <span class='ocrx_word' id='word_1_104' title='bbox 948 1386 1148 1424; x_wconf 86' lang='lat' dir='ltr'><strong>sedandam</strong></span> <span class='ocrx_word' id='word_1_105' title='bbox 1164 1386 1402 1423; x_wconf 84' lang='lat' dir='ltr'><strong>rebellionem</strong></span> <span class='ocrx_word' id='word_1_106' title='bbox 1419 1387 1589 1425; x_wconf 78' lang='lat' dir='ltr'><strong>Fratrum</strong></span> <span class='ocrx_word' id='word_1_107' title='bbox 1607 1389 1729 1427; x_wconf 85' lang='lat' dir='ltr'><strong>Mino—</strong></span> 
     </span>
     <span class='ocr_line' id='line_1_15' title="bbox 192 1446 1728 1499; baseline -0.001 -11"><span class='ocrx_word' id='word_1_108' title='bbox 192 1460 276 1488; x_wconf 84' lang='lat' dir='ltr'><strong>rum</strong></span> <span class='ocrx_word' id='word_1_109' title='bbox 295 1452 422 1486; x_wconf 85' lang='lat' dir='ltr'><strong>contra</strong></span> <span class='ocrx_word' id='word_1_110' title='bbox 440 1448 622 1499; x_wconf 86' lang='lat' dir='ltr'><strong>praelatos</strong></span> <span class='ocrx_word' id='word_1_111' title='bbox 642 1446 741 1497; x_wconf 90' lang='lat' dir='ltr'><strong>ipsos</strong></span> <span class='ocrx_word' id='word_1_112' title='bbox 760 1446 890 1483; x_wconf 87' lang='lat' dir='ltr'><strong>initam</strong></span> <span class='ocrx_word' id='word_1_113' title='bbox 909 1450 945 1483; x_wconf 93' lang='lat' dir='ltr'><strong>ct</strong></span> <span class='ocrx_word' id='word_1_114' title='bbox 962 1450 1177 1498; x_wconf 90' lang='lat' dir='ltr'><strong>conceptam</strong></span> <span class='ocrx_word' id='word_1_115' title='bbox 1189 1476 1197 1492; x_wconf 86' lang='lat'><strong>,</strong></span> <span class='ocrx_word' id='word_1_116' title='bbox 1220 1447 1422 1484; x_wconf 80' lang='lat' dir='ltr'><strong>nonnullae</strong></span> <span class='ocrx_word' id='word_1_117' title='bbox 1439 1448 1728 1498; x_wconf 82' lang='lat' dir='ltr'><strong>supplicationes</strong></span> 
     </span>
     <span class='ocr_line' id='line_1_16' title="bbox 192 1505 1729 1558; baseline -0.002 -12"><span class='ocrx_word' id='word_1_118' title='bbox 192 1508 239 1546; x_wconf 90' lang='lat' dir='ltr'><strong>ab</strong></span> <span class='ocrx_word' id='word_1_119' title='bbox 258 1507 397 1546; x_wconf 86' lang='lat' dir='ltr'><strong>eisdem</strong></span> <span class='ocrx_word' id='word_1_120' title='bbox 415 1506 606 1558; x_wconf 87' lang='lat' dir='ltr'><strong>praelatis,</strong></span> <span class='ocrx_word' id='word_1_121' title='bbox 623 1510 737 1556; x_wconf 88' lang='lat' dir='ltr'><strong>prout</strong></span> <span class='ocrx_word' id='word_1_122' title='bbox 753 1509 910 1542; x_wconf 87' lang='lat' dir='ltr'><strong>vestram</strong></span> <span class='ocrx_word' id='word_1_123' title='bbox 929 1505 1186 1555; x_wconf 78' lang='lat' dir='ltr'><strong>paternitatem</strong></span> <span class='ocrx_word' id='word_1_124' title='bbox 1213 1517 1288 1541; x_wconf 94' lang='lat' dir='ltr'><strong>non</strong></span> <span class='ocrx_word' id='word_1_125' title='bbox 1311 1505 1433 1551; x_wconf 70' lang='lat' dir='ltr'><strong>latuit,</strong></span> <span class='ocrx_word' id='word_1_126' title='bbox 1453 1505 1606 1543; x_wconf 92' lang='lat' dir='ltr'><strong>Summo</strong></span> <span class='ocrx_word' id='word_1_127' title='bbox 1629 1506 1729 1543; x_wconf 88' lang='lat' dir='ltr'><strong>Pon·</strong></span> 
     </span>
     <span class='ocr_line' id='line_1_17' title="bbox 193 1564 1728 1615; baseline -0.001 -11"><span class='ocrx_word' id='word_1_128' title='bbox 193 1567 282 1605; x_wconf 80' lang='lat' dir='ltr'><strong>tifici</strong></span> <span class='ocrx_word' id='word_1_129' title='bbox 308 1566 463 1604; x_wconf 78' lang='lat' dir='ltr'><strong>traditae</strong></span> <span class='ocrx_word' id='word_1_130' title='bbox 482 1565 638 1602; x_wconf 87' lang='lat' dir='ltr'><strong>fuissent</strong></span> <span class='ocrx_word' id='word_1_131' title='bbox 655 1564 794 1615; x_wconf 90' lang='lat' dir='ltr'><strong>pluries</strong></span> <span class='ocrx_word' id='word_1_132' title='bbox 813 1569 848 1601; x_wconf 92' lang='lat' dir='ltr'><strong>et</strong></span> <span class='ocrx_word' id='word_1_133' title='bbox 864 1568 1069 1615; x_wconf 74' lang='lat' dir='ltr'><strong>porrectae,</strong></span> <span class='ocrx_word' id='word_1_134' title='bbox 1088 1577 1130 1601; x_wconf 91' lang='lat' dir='ltr'><strong>ac</strong></span> <span class='ocrx_word' id='word_1_135' title='bbox 1147 1569 1247 1614; x_wconf 82' lang='lat' dir='ltr'><strong>grata</strong></span> <span class='ocrx_word' id='word_1_136' title='bbox 1267 1564 1401 1602; x_wconf 89' lang='lat' dir='ltr'><strong>nostris</strong></span> <span class='ocrx_word' id='word_1_137' title='bbox 1423 1565 1728 1615; x_wconf 83' lang='lat' dir='ltr'><strong>procuratoribus</strong></span> 
     </span>
     <span class='ocr_line' id='line_1_18' title="bbox 193 1621 1726 1674; baseline -0.002 -11"><span class='ocrx_word' id='word_1_138' title='bbox 193 1625 240 1663; x_wconf 88' lang='lat' dir='ltr'><strong>ab</strong></span> <span class='ocrx_word' id='word_1_139' title='bbox 262 1625 390 1662; x_wconf 89' lang='lat' dir='ltr'><strong>eodem</strong></span> <span class='ocrx_word' id='word_1_140' title='bbox 416 1623 608 1674; x_wconf 91' lang='lat' dir='ltr'><strong>responsio</strong></span> <span class='ocrx_word' id='word_1_141' title='bbox 636 1622 831 1659; x_wconf 84' lang='lat' dir='ltr'><strong>subsecuta</strong></span> <span class='ocrx_word' id='word_1_142' title='bbox 861 1622 1003 1668; x_wconf 85' lang='lat' dir='ltr'><strong>suisset,</strong></span> <span class='ocrx_word' id='word_1_143' title='bbox 1030 1622 1132 1672; x_wconf 90' lang='lat' dir='ltr'><strong>quod</strong></span> <span class='ocrx_word' id='word_1_144' title='bbox 1159 1622 1255 1658; x_wconf 89' lang='lat' dir='ltr'><strong>idem</strong></span> <span class='ocrx_word' id='word_1_145' title='bbox 1281 1621 1453 1659; x_wconf 89' lang='lat' dir='ltr'><strong>videlicet</strong></span> <span class='ocrx_word' id='word_1_146' title='bbox 1478 1635 1563 1659; x_wconf 88' lang='lat' dir='ltr'><strong>cum</strong></span> <span class='ocrx_word' id='word_1_147' title='bbox 1588 1623 1726 1660; x_wconf 88' lang='lat' dir='ltr'><strong>eisdem</strong></span> 
     </span>
     <span class='ocr_line' id='line_1_19' title="bbox 192 1680 1726 1735; baseline -0.001 -15"><span class='ocrx_word' id='word_1_148' title='bbox 192 1682 364 1735; x_wconf 86' lang='lat' dir='ltr'><strong>praelatis</strong></span> <span class='ocrx_word' id='word_1_149' title='bbox 386 1682 424 1718; x_wconf 93' lang='lat' dir='ltr'><strong>in</strong></span> <span class='ocrx_word' id='word_1_150' title='bbox 450 1681 596 1718; x_wconf 88' lang='lat' dir='ltr'><strong>casibus</strong></span> <span class='ocrx_word' id='word_1_151' title='bbox 623 1684 659 1717; x_wconf 91' lang='lat' dir='ltr'><strong>et</strong></span> <span class='ocrx_word' id='word_1_152' title='bbox 682 1680 913 1718; x_wconf 82' lang='lat' dir='ltr'><strong>consessione</strong></span> <span class='ocrx_word' id='word_1_153' title='bbox 935 1680 1100 1716; x_wconf 88' lang='lat' dir='ltr'><strong>iteranda</strong></span> <span class='ocrx_word' id='word_1_154' title='bbox 1125 1680 1286 1730; x_wconf 87' lang='lat' dir='ltr'><strong>propriis</strong></span> <span class='ocrx_word' id='word_1_155' title='bbox 1318 1680 1572 1718; x_wconf 86' lang='lat' dir='ltr'><strong>sacerdotibus</strong></span> <span class='ocrx_word' id='word_1_156' title='bbox 1597 1681 1726 1732; x_wconf 89' lang='lat' dir='ltr'><strong>procul</strong></span> 
     </span>
     <span class='ocr_line' id='line_1_20' title="bbox 194 1738 1726 1789; baseline -0.001 -10"><span class='ocrx_word' id='word_1_157' title='bbox 194 1741 311 1779; x_wconf 90' lang='lat' dir='ltr'><strong>dubio</strong></span> <span class='ocrx_word' id='word_1_158' title='bbox 330 1740 526 1786; x_wconf 71' lang='lat' dir='ltr'><strong>sentiebat,</strong></span> <span class='ocrx_word' id='word_1_159' title='bbox 546 1739 760 1777; x_wconf 88' lang='lat' dir='ltr'><strong>eorumdem</strong></span> <span class='ocrx_word' id='word_1_160' title='bbox 781 1739 935 1775; x_wconf 83' lang='lat' dir='ltr'><strong>fratrum</strong></span> <span class='ocrx_word' id='word_1_161' title='bbox 962 1738 1115 1775; x_wconf 90' lang='lat' dir='ltr'><strong>rebellio</strong></span> <span class='ocrx_word' id='word_1_162' title='bbox 1140 1743 1176 1775; x_wconf 91' lang='lat' dir='ltr'><strong>et</strong></span> <span class='ocrx_word' id='word_1_163' title='bbox 1201 1738 1348 1775; x_wconf 84' lang='lat' dir='ltr'><strong>sinistra</strong></span> <span class='ocrx_word' id='word_1_164' title='bbox 1374 1739 1628 1789; x_wconf 84' lang='lat' dir='ltr'><strong>interpretatio</strong></span> <span class='ocrx_word' id='word_1_165' title='bbox 1653 1753 1726 1777; x_wconf 90' lang='lat' dir='ltr'><strong>non</strong></span> 
     </span>
     <span class='ocr_line' id='line_1_21' title="bbox 194 1798 1729 1853; baseline -0.002 -14"><span class='ocrx_word' id='word_1_166' title='bbox 194 1801 335 1853; x_wconf 89' lang='lat' dir='ltr'><strong>absque</strong></span> <span class='ocrx_word' id='word_1_167' title='bbox 352 1799 481 1851; x_wconf 82' lang='lat' dir='ltr'><strong>grandi</strong></span> <span class='ocrx_word' id='word_1_168' title='bbox 501 1799 637 1837; x_wconf 85' lang='lat' dir='ltr'><strong>Christi</strong></span> <span class='ocrx_word' id='word_1_169' title='bbox 658 1798 824 1836; x_wconf 79' lang='lat' dir='ltr'><strong>fidelium</strong></span> <span class='ocrx_word' id='word_1_170' title='bbox 844 1798 1041 1848; x_wconf 87' lang='lat' dir='ltr'><strong>dispendio</strong></span> <span class='ocrx_word' id='word_1_171' title='bbox 1061 1798 1342 1848; x_wconf 88' lang='lat' dir='ltr'><strong>percrebrescit,</strong></span> <span class='ocrx_word' id='word_1_172' title='bbox 1363 1803 1397 1835; x_wconf 88' lang='lat' dir='ltr'><strong>et</strong></span> <span class='ocrx_word' id='word_1_173' title='bbox 1415 1799 1467 1835; x_wconf 93' lang='lat' dir='ltr'><strong>sic</strong></span> <span class='ocrx_word' id='word_1_174' title='bbox 1487 1812 1561 1835; x_wconf 92' lang='lat' dir='ltr'><strong>non</strong></span> <span class='ocrx_word' id='word_1_175' title='bbox 1581 1799 1729 1836; x_wconf 72' lang='lat' dir='ltr'><strong>advenit</strong></span> 
     </span>
     <span class='ocr_line' id='line_1_22' title="bbox 194 1856 1730 1911; baseline -0.003 -13"><span class='ocrx_word' id='word_1_176' title='bbox 194 1859 371 1911; x_wconf 88' lang='lat' dir='ltr'><strong>temporis</strong></span> <span class='ocrx_word' id='word_1_177' title='bbox 385 1858 582 1910; x_wconf 86' lang='lat' dir='ltr'><strong>exspectati</strong></span> <span class='ocrx_word' id='word_1_178' title='bbox 596 1857 784 1903; x_wconf 72' lang='lat' dir='ltr'><strong>serenitas,</strong></span> <span class='ocrx_word' id='word_1_179' title='bbox 799 1856 1089 1907; x_wconf 87' lang='lat' dir='ltr'><strong>impulsionibus</strong></span> <span class='ocrx_word' id='word_1_180' title='bbox 1104 1860 1140 1893; x_wconf 93' lang='lat' dir='ltr'><strong>et</strong></span> <span class='ocrx_word' id='word_1_181' title='bbox 1149 1856 1304 1906; x_wconf 90' lang='lat' dir='ltr'><strong>jacturis</strong></span> <span class='ocrx_word' id='word_1_182' title='bbox 1317 1857 1544 1907; x_wconf 82' lang='lat' dir='ltr'><strong>gravissimis</strong></span> <span class='ocrx_word' id='word_1_183' title='bbox 1558 1857 1730 1907; x_wconf 83' lang='lat' dir='ltr'><strong>ingruen-</strong></span> 
     </span>
     <span class='ocr_line' id='line_1_23' title="bbox 196 1915 1728 1967; baseline -0.004 -10"><span class='ocrx_word' id='word_1_184' title='bbox 196 1919 306 1958; x_wconf 91' lang='lat' dir='ltr'><strong>tibus.</strong></span> <span class='ocrx_word' id='word_1_185' title='bbox 321 1919 376 1956; x_wconf 88' lang='lat' dir='ltr'><strong>Ex</strong></span> <span class='ocrx_word' id='word_1_186' title='bbox 390 1918 544 1955; x_wconf 90' lang='lat' dir='ltr'><strong>adverso</strong></span> <span class='ocrx_word' id='word_1_187' title='bbox 558 1929 680 1967; x_wconf 88' lang='lat' dir='ltr'><strong>nuper</strong></span> <span class='ocrx_word' id='word_1_188' title='bbox 696 1915 821 1966; x_wconf 85' lang='lat' dir='ltr'><strong>pej0ra</strong></span> <span class='ocrx_word' id='word_1_189' title='bbox 841 1915 1030 1966; x_wconf 84' lang='lat' dir='ltr'><strong>prioribus</strong></span> <span class='ocrx_word' id='word_1_190' title='bbox 1047 1915 1281 1952; x_wconf 86' lang='lat' dir='ltr'><strong>accumulare</strong></span> <span class='ocrx_word' id='word_1_191' title='bbox 1294 1915 1483 1952; x_wconf 87' lang='lat' dir='ltr'><strong>studentes</strong></span> <span class='ocrx_word' id='word_1_192' title='bbox 1498 1928 1572 1951; x_wconf 90' lang='lat' dir='ltr'><strong>non</strong></span> <span class='ocrx_word' id='word_1_193' title='bbox 1588 1915 1728 1952; x_wconf 78' lang='lat' dir='ltr'><strong>suffulti</strong></span> 
     </span>
     <span class='ocr_line' id='line_1_24' title="bbox 195 1972 1728 2027; baseline -0.005 -11"><span class='ocrx_word' id='word_1_194' title='bbox 195 1991 237 2017; x_wconf 88' lang='lat' dir='ltr'><strong>ac</strong></span> <span class='ocrx_word' id='word_1_195' title='bbox 255 1976 389 2015; x_wconf 89' lang='lat' dir='ltr'><strong>muniti</strong></span> <span class='ocrx_word' id='word_1_196' title='bbox 408 1974 606 2027; x_wconf 85' lang='lat' dir='ltr'><strong>proverbio</strong></span> <span class='ocrx_word' id='word_1_197' title='bbox 620 1974 715 2011; x_wconf 89' lang='lat' dir='ltr'><strong>sicut</strong></span> <span class='ocrx_word' id='word_1_198' title='bbox 729 1975 833 2024; x_wconf 89' lang='lat' dir='ltr'><strong>prius</strong></span> <span class='ocrx_word' id='word_1_199' title='bbox 847 1973 967 2024; x_wconf 88' lang='lat' dir='ltr'><strong>palam</strong></span> <span class='ocrx_word' id='word_1_200' title='bbox 983 1977 1019 2010; x_wconf 91' lang='lat' dir='ltr'><strong>et</strong></span> <span class='ocrx_word' id='word_1_201' title='bbox 1032 1973 1171 2024; x_wconf 88' lang='lat' dir='ltr'><strong>pluries</strong></span> <span class='ocrx_word' id='word_1_202' title='bbox 1189 1973 1227 2009; x_wconf 90' lang='lat' dir='ltr'><strong>in</strong></span> <span class='ocrx_word' id='word_1_203' title='bbox 1242 1973 1319 2010; x_wconf 93' lang='lat' dir='ltr'><strong>suis</strong></span> <span class='ocrx_word' id='word_1_204' title='bbox 1337 1972 1571 2009; x_wconf 86' lang='lat' dir='ltr'><strong>sermonibus</strong></span> <span class='ocrx_word' id='word_1_205' title='bbox 1589 1972 1728 2023; x_wconf 89' lang='lat' dir='ltr'><strong>populo</strong></span> 
     </span>
     <span class='ocr_line' id='line_1_25' title="bbox 195 2030 1729 2089; baseline -0.004 -15"><span class='ocrx_word' id='word_1_206' title='bbox 195 2035 472 2089; x_wconf 82' lang='lat' dir='ltr'><strong>praedixerant,</strong></span> <span class='ocrx_word' id='word_1_207' title='bbox 502 2045 626 2070; x_wconf 91' lang='lat' dir='ltr'><strong>coram</strong></span> <span class='ocrx_word' id='word_1_208' title='bbox 653 2033 762 2069; x_wconf 90' lang='lat' dir='ltr'><strong>etiam</strong></span> <span class='ocrx_word' id='word_1_209' title='bbox 790 2031 993 2069; x_wconf 87' lang='lat' dir='ltr'><strong>reverendo</strong></span> <span class='ocrx_word' id='word_1_210' title='bbox 1020 2032 1058 2068; x_wconf 90' lang='lat' dir='ltr'><strong>in</strong></span> <span class='ocrx_word' id='word_1_211' title='bbox 1086 2031 1234 2068; x_wconf 86' lang='lat' dir='ltr'><strong>Christo</strong></span> <span class='ocrx_word' id='word_1_212' title='bbox 1264 2035 1368 2082; x_wconf 87' lang='lat' dir='ltr'><strong>patre</strong></span> <span class='ocrx_word' id='word_1_213' title='bbox 1393 2030 1546 2067; x_wconf 92' lang='lat' dir='ltr'><strong>domino</strong></span> <span class='ocrx_word' id='word_1_214' title='bbox 1574 2060 1580 2066; x_wconf 94' lang='lat'>.</span> <span class='ocrx_word' id='word_1_215' title='bbox 1611 2060 1618 2067; x_wconf 95' lang='lat'><strong>.</strong></span> <span class='ocrx_word' id='word_1_216' title='bbox 1647 2060 1654 2067; x_wconf 96' lang='lat'>.</span> <span class='ocrx_word' id='word_1_217' title='bbox 1683 2061 1690 2068; x_wconf 95' lang='lat'><strong><em>.</em></strong></span> <span class='ocrx_word' id='word_1_218' title='bbox 1720 2061 1729 2076; x_wconf 89' lang='lat'><strong>,</strong></span> 
     </span>
     <span class='ocr_line' id='line_1_26' title="bbox 195 2089 1730 2145; baseline -0.003 -14"><span class='ocrx_word' id='word_1_219' title='bbox 195 2094 326 2145; x_wconf 78' lang='lat' dir='ltr'><strong>legato,</strong></span> <span class='ocrx_word' id='word_1_220' title='bbox 342 2097 430 2130; x_wconf 90' lang='lat' dir='ltr'><strong>tunc</strong></span> <span class='ocrx_word' id='word_1_221' title='bbox 441 2091 540 2143; x_wconf 87' lang='lat' dir='ltr'><strong>apud</strong></span> <span class='ocrx_word' id='word_1_222' title='bbox 553 2091 739 2140; x_wconf 87' lang='lat' dir='ltr'><strong>Corbyam</strong></span> <span class='ocrx_word' id='word_1_223' title='bbox 754 2090 976 2127; x_wconf 88' lang='lat' dir='ltr'><strong>visitationis</strong></span> <span class='ocrx_word' id='word_1_224' title='bbox 989 2089 1153 2127; x_wconf 83' lang='lat' dir='ltr'><strong>officium</strong></span> <span class='ocrx_word' id='word_1_225' title='bbox 1170 2094 1377 2135; x_wconf 86' lang='lat' dir='ltr'><strong>exercente,</strong></span> <span class='ocrx_word' id='word_1_226' title='bbox 1394 2089 1577 2140; x_wconf 89' lang='lat' dir='ltr'><strong>nobisque</strong></span> <span class='ocrx_word' id='word_1_227' title='bbox 1590 2093 1625 2126; x_wconf 91' lang='lat' dir='ltr'><strong>et</strong></span> <span class='ocrx_word' id='word_1_228' title='bbox 1639 2101 1730 2126; x_wconf 89' lang='lat' dir='ltr'><strong>non-</strong></span> 
     </span>
     <span class='ocr_line' id='line_1_27' title="bbox 196 2147 1730 2199; baseline -0.003 -10"><span class='ocrx_word' id='word_1_229' title='bbox 196 2151 308 2190; x_wconf 88' lang='lat' dir='ltr'><strong>nullis</strong></span> <span class='ocrx_word' id='word_1_230' title='bbox 328 2150 470 2188; x_wconf 86' lang='lat' dir='ltr'><strong>clericis</strong></span> <span class='ocrx_word' id='word_1_231' title='bbox 496 2154 532 2186; x_wconf 90' lang='lat' dir='ltr'><strong>et</strong></span> <span class='ocrx_word' id='word_1_232' title='bbox 549 2148 665 2199; x_wconf 74' lang='lat' dir='ltr'><strong>laycis</strong></span> <span class='ocrx_word' id='word_1_233' title='bbox 683 2148 958 2199; x_wconf 85' lang='lat' dir='ltr'><strong>praesentibus,</strong></span> <span class='ocrx_word' id='word_1_234' title='bbox 977 2148 1127 2198; x_wconf 88' lang='lat' dir='ltr'><strong>publice</strong></span> <span class='ocrx_word' id='word_1_235' title='bbox 1144 2148 1266 2185; x_wconf 89' lang='lat' dir='ltr'><strong>dicere</strong></span> <span class='ocrx_word' id='word_1_236' title='bbox 1283 2151 1612 2198; x_wconf 85' lang='lat' dir='ltr'><strong>praesumpserunt</strong></span> <span class='ocrx_word' id='word_1_237' title='bbox 1628 2147 1730 2199; x_wconf 91' lang='lat' dir='ltr'><strong>quod</strong></span> 
     </span>
     <span class='ocr_line' id='line_1_28' title="bbox 196 2205 1732 2256; baseline -0.003 -8"><span class='ocrx_word' id='word_1_238' title='bbox 196 2210 330 2248; x_wconf 86' lang='lat' dir='ltr'><strong>licebat</strong></span> <span class='ocrx_word' id='word_1_239' title='bbox 346 2208 398 2246; x_wconf 89' lang='lat' dir='ltr'><strong>cis</strong></span> <span class='ocrx_word' id='word_1_240' title='bbox 414 2208 552 2245; x_wconf 87' lang='lat' dir='ltr'><strong>virtute</strong></span> <span class='ocrx_word' id='word_1_241' title='bbox 569 2220 657 2244; x_wconf 89' lang='lat' dir='ltr'><strong>suae</strong></span> <span class='ocrx_word' id='word_1_242' title='bbox 684 2206 825 2243; x_wconf 90' lang='lat' dir='ltr'><strong>litterae</strong></span> <span class='ocrx_word' id='word_1_243' title='bbox 852 2206 890 2243; x_wconf 92' lang='lat' dir='ltr'><strong>in</strong></span> <span class='ocrx_word' id='word_1_244' title='bbox 917 2206 1094 2243; x_wconf 89' lang='lat' dir='ltr'><strong>omnibus</strong></span> <span class='ocrx_word' id='word_1_245' title='bbox 1120 2206 1266 2243; x_wconf 88' lang='lat' dir='ltr'><strong>casibus</strong></span> <span class='ocrx_word' id='word_1_246' title='bbox 1291 2205 1614 2256; x_wconf 86' lang='lat' dir='ltr'><strong>qualitercumque</strong></span> <span class='ocrx_word' id='word_1_247' title='bbox 1636 2218 1732 2256; x_wconf 89' lang='lat' dir='ltr'><strong>quae</strong></span> 
     </span>
     <span class='ocr_line' id='line_1_29' title="bbox 195 2262 1731 2317; baseline -0.004 -12"><span class='ocrx_word' id='word_1_248' title='bbox 195 2269 431 2306; x_wconf 87' lang='lat' dir='ltr'><strong>reservantur</strong></span> <span class='ocrx_word' id='word_1_249' title='bbox 453 2265 644 2317; x_wconf 89' lang='lat' dir='ltr'><strong>praelatis,</strong></span> <span class='ocrx_word' id='word_1_250' title='bbox 671 2265 741 2302; x_wconf 92' lang='lat' dir='ltr'><strong>sibi</strong></span> <span class='ocrx_word' id='word_1_251' title='bbox 768 2265 985 2302; x_wconf 84' lang='lat' dir='ltr'><strong>confitentes</strong></span> <span class='ocrx_word' id='word_1_252' title='bbox 1012 2264 1221 2310; x_wconf 88' lang='lat' dir='ltr'><strong>absolvere,</strong></span> <span class='ocrx_word' id='word_1_253' title='bbox 1250 2268 1431 2314; x_wconf 85' lang='lat' dir='ltr'><strong>punctum</strong></span> <span class='ocrx_word' id='word_1_254' title='bbox 1458 2275 1567 2300; x_wconf 92' lang='lat' dir='ltr'><strong>suum</strong></span> <span class='ocrx_word' id='word_1_255' title='bbox 1595 2262 1641 2299; x_wconf 90' lang='lat' dir='ltr'><strong>ad</strong></span> <span class='ocrx_word' id='word_1_256' title='bbox 1670 2263 1731 2300; x_wconf 91' lang='lat' dir='ltr'><strong>illa</strong></span> 
     </span>
    </p>
   </div>
   <div class='ocr_carea' id='block_1_5' title="bbox 201 2393 1607 2477">
    <p class='ocr_par' dir='ltr' id='par_1_6' title="bbox 201 2393 1607 2477">
     <span class='ocr_line' id='line_1_30' title="bbox 236 2393 1607 2431; baseline -0.003 -8"><span class='ocrx_word' id='word_1_257' title='bbox 236 2397 245 2412; x_wconf 87' lang='lat'><strong>¹</strong></span> <span class='ocrx_word' id='word_1_258' title='bbox 268 2396 420 2423; x_wconf 88' lang='lat' dir='ltr'><strong>Guillaumc</strong></span> <span class='ocrx_word' id='word_1_259' title='bbox 433 2397 466 2423; x_wconf 87' lang='lat' dir='ltr'><strong>dc</strong></span> <span class='ocrx_word' id='word_1_260' title='bbox 479 2397 570 2423; x_wconf 64' lang='lat' dir='ltr'><strong>mocon</strong></span> <span class='ocrx_word' id='word_1_261' title='bbox 584 2396 625 2423; x_wconf 83' lang='lat' dir='ltr'><strong>sut</strong></span> <span class='ocrx_word' id='word_1_262' title='bbox 638 2394 738 2430; x_wconf 62' lang='lat' dir='ltr'><strong>aveque</strong></span> <span class='ocrx_word' id='word_1_263' title='bbox 750 2396 886 2422; x_wconf 76' lang='lat' dir='ltr'><strong>d&#39;Amiens</strong></span> <span class='ocrx_word' id='word_1_264' title='bbox 905 2396 938 2422; x_wconf 83' lang='lat' dir='ltr'><strong>de</strong></span> <span class='ocrx_word' id='word_1_265' title='bbox 988 2395 1199 2431; x_wconf 60' lang='lat' dir='ltr'><strong>archiepiscopat</strong></span> <span class='ocrx_word' id='word_1_266' title='bbox 1217 2395 1249 2421; x_wconf 82' lang='lat' dir='ltr'><strong>de</strong></span> <span class='ocrx_word' id='word_1_267' title='bbox 1266 2394 1331 2422; x_wconf 84' lang='lat' dir='ltr'><strong>Sens</strong></span> <span class='ocrx_word' id='word_1_268' title='bbox 1350 2395 1383 2421; x_wconf 86' lang='lat' dir='ltr'><strong>de</strong></span> <span class='ocrx_word' id='word_1_269' title='bbox 1406 2394 1477 2421; x_wconf 69' lang='lat'><strong>1274</strong></span> <span class='ocrx_word' id='word_1_270' title='bbox 1494 2393 1508 2420; x_wconf 74' lang='lat' dir='ltr'><strong>a</strong></span> <span class='ocrx_word' id='word_1_271' title='bbox 1528 2393 1607 2420; x_wconf 69' lang='grc'><strong>1999.</strong></span> 
     </span>
     <span class='ocr_line' id='line_1_31' title="bbox 201 2441 939 2477; baseline -0.004 -7"><span class='ocrx_word' id='word_1_272' title='bbox 201 2443 274 2471; x_wconf 76' lang='lat'><strong>1278</strong></span> <span class='ocrx_word' id='word_1_273' title='bbox 290 2442 305 2470; x_wconf 66' lang='lat' dir='ltr'><strong>a</strong></span> <span class='ocrx_word' id='word_1_274' title='bbox 326 2443 406 2471; x_wconf 76' lang='lat'>¹308.</span> <span class='ocrx_word' id='word_1_275' title='bbox 424 2443 507 2470; x_wconf 83' lang='lat' dir='ltr'><strong>Gillcs</strong></span> <span class='ocrx_word' id='word_1_276' title='bbox 526 2444 561 2470; x_wconf 87' lang='lat' dir='ltr'><strong>Le</strong></span> <span class='ocrx_word' id='word_1_277' title='bbox 582 2443 684 2469; x_wconf 84' lang='lat' dir='ltr'><strong>Cornut</strong></span> <span class='ocrx_word' id='word_1_278' title='bbox 703 2450 802 2477; x_wconf 87' lang='lat' dir='ltr'><strong>occupa</strong></span> <span class='ocrx_word' id='word_1_279' title='bbox 825 2443 849 2468; x_wconf 79' lang='lat' dir='ltr'><strong>lc</strong></span> <span class='ocrx_word' id='word_1_280' title='bbox 868 2441 939 2476; x_wconf 72' lang='lat' dir='ltr'><strong>siege</strong></span> 
     </span>
    </p>
   </div>
  </div>
 </body>
</html>
