2184 3074
0 2025 9 2278 -W--r-vw
0 1953 3 2004 Ur<
0 1920 1 1925 Α
0 1836 3 1884 -ν<-
0 1796 2 1800 -

0 2711 19 2826 ἓ»

6 2823 19 2880 ἒ

6 2882 21 2931 31

0 2505 13 2653 ἕ
56 2677 60 2680 ,

712 373 873 412 coDEx
901 375 1143 414 DUNENSIS.
1624 378 1694 416 545

163 493 299 532 faciant
316 491 557 530 mentionem.
574 491 710 528 Verum
729 504 813 528 eum
844 505 918 529 non
945 493 1065 530 solum
1095 493 1202 531 nobis
1230 494 1353 545 quoad
1384 494 1632 545 indulgentias
1658 498 1694 530 et

104 549 115 555 ⁴
161 551 375 605 privilegia,
390 549 454 588 sed
473 549 582 586 etiam
601 550 725 600 quoad
741 550 936 588 tuitionem
952 552 1136 589 bonorum
1155 557 1189 589 et
1208 566 1331 590 rerum
1350 566 1418 604 pro
1434 553 1543 590 dictis
1561 552 1694 589 abbate

161 616 198 650 et
217 613 404 649 conventu
431 608 478 646 de
496 608 618 646 Dunis
642 612 771 646 contra
797 609 1012 646 eorumdem
1045 610 1281 660 injuriatores
1309 616 1345 648 et
1370 611 1621 649 molestatores
1647 610 1693 647 sit

161 668 410 714 conservatio,
427 666 639 717 jurisdictio
663 679 705 703 ac
729 667 897 704 executio
915 667 1152 714 demandata„
1171 668 1278 706 vobis
1295 669 1514 706 mandamus
1532 673 1567 706 et
1585 681 1692 719 prae·

161 728 338 780 cipimm't,
353 727 392 764 in
405 725 543 763 virtute
555 724 793 775 obligationis
807 729 842 762 et
855 725 925 762 sub
940 739 1057 776 poena
1073 727 1325 777 suspensionis
1339 740 1451 778 quam
1470 739 1543 763 non
1559 726 1691 763 imme-

160 787 232 826 rito
247 785 416 838 poteritis
434 784 652 829 formidare,
672 783 742 820 nisi
762 783 918 820 viriliter
936 784 1093 822 feceritis
1118 785 1219 835 quod
1244 785 1483 831 mandamus,
1506 789 1689 836 quatenus

159 844 404 898 personaliter
420 842 634 880 accedentes
653 841 699 878 ad
717 841 835 879 dictos
854 842 1035 879 decanum
1058 847 1093 880 et
1114 848 1298 881 cantorem
1322 844 1470 881 eosdem
1494 843 1690 894 diligenter

158 916 237 943 uno
261 906 438 941 contextu
464 900 596 946 semel,
614 899 778 937 secundo
804 904 840 936 et
863 900 970 937 tertio
997 902 1174 939 moneatis
1201 907 1242 939 ut
1266 902 1477 939 citationem
1502 914 1615 953 quam
1642 900 1689 937 de

158 965 254 1002 facto
272 961 352 999 fieri
370 959 641 998 mandaverunt
659 962 785 996 contra
805 958 923 996 dictos
945 958 1115 996 abbatem
1140 964 1173 996 et
1197 965 1419 1007 conventum
1439 959 1485 996 de
1505 959 1623 997 Dunis
1640 959 1687 996 ad

158 1020 372 1060 instantiam
388 1019 507 1057 dictae
525 1017 698 1055 ecclesiae
713 1017 836 1054 Sancti
853 1017 966 1063 Petri,
982 1022 1018 1054 et
1030 1018 1138 1055 etiam
1153 1018 1333 1069 quicquid
1348 1018 1507 1069 amplius
1522 1018 1688 1054 fecerunt

157 1083 285 1118 eontra
303 1091 384 1124 eos,
403 1077 431 1115 si
449 1076 541 1128 quid
562 1076 732 1121 fecerint,
752 1076 888 1113 virtute
911 1075 1093 1113 dictarum
1123 1077 1324 1114 litterarum
1349 1077 1536 1128 papalium
1560 1075 1605 1112 ad
1624 1087 1696 1124 eos·

156 1150 226 1190 pro
251 1135 403 1175 ecclesia
428 1133 617 1172 Gandensi
640 1133 882 1179 directarum⁷
903 1134 1110 1180 annullent,
1130 1139 1301 1172 revocent
1317 1140 1352 1172 et
1370 1135 1591 1172 denuntient
1611 1146 1684 1171 non

157 1200 296 1242 tenere,
317 1207 463 1232 necnon
486 1197 523 1230 et
547 1192 684 1230 virtute
704 1191 867 1242 ipsarum
889 1191 1091 1229 litterarum
1113 1192 1289 1231 desistant
1310 1193 1463 1230 ulterius
1488 1191 1686 1243 procedere

157 1259 285 1293 contra
303 1254 403 1305 ipsos
422 1252 594 1297 abbatem
611 1254 648 1288 et
663 1255 886 1287 conventum
916 1250 961 1286 de
984 1250 1130 1287 Thosan
1152 1255 1188 1288 et
1209 1263 1271 1288 eos
1291 1250 1451 1301 amplius
1475 1250 1683 1293 molestare,

156 1313 344 1366 alioquin,
363 1312 393 1350 si
412 1311 484 1349 hoc
504 1311 629 1352 facere,
641 1305 892 1347 recusaverint
910 1322 974 1346 seu
994 1309 1206 1347 distulerint
1235 1310 1402 1355 indilate,
1428 1322 1571 1346 necnon
1597 1313 1633 1346 et
1653 1308 1683 1345 si

155 1377 283 1410 contra
302 1371 401 1422 ipsos
419 1369 591 1408 abbatem
612 1373 648 1406 et
665 1372 889 1406 conventum
909 1367 954 1405 de
974 1368 1092 1405 Dunis
1111 1367 1148 1405 in
1171 1368 1297 1419 aliquo
1320 1368 1473 1405 ulterius
1495 1379 1684 1418 processe-

154 1431 232 1470 rint
254 1435 319 1468 aut
342 1429 486 1480 aliquid
511 1433 729 1479 attemptare
740 1429 1083 1479 praesumpserint,
1110 1427 1246 1464 virtute
1269 1427 1451 1464 dictarum
1478 1426 1681 1464 litterarum

154 1490 254 1541 ipsos
271 1500 366 1539 quos
383 1499 544 1533 exnunc,
558 1486 589 1523 si
605 1486 676 1524 hoc
692 1486 856 1532 fecerint,
871 1486 909 1523 in
928 1485 1074 1536 scriptis
1088 1485 1453 1523 excommunicamus
1467 1484 1682 1521 auctoritate

151 1561 226 1600 qua
247 1547 455 1599 fungimur,
471 1545 814 1583 excommunicatos
830 1546 951 1596 palam
970 1550 1006 1582 et
1022 1545 1172 1596 publice
1190 1545 1367 1582 nuntietis
1385 1549 1540 1590 extunc,
1558 1556 1682 1595 quan-

153 1607 354 1658 docunque
372 1604 444 1643 hoc
459 1604 777 1656 praesumpserint
794 1607 1021 1655 attemptare.
1036 1603 1110 1641 Nos
1124 1603 1223 1640 enim
1240 1603 1358 1640 dictae
1370 1602 1543 1639 ecelesiae
1557 1600 1680 1639 Sancti

154 1665 272 1711 Petri,
291 1663 321 1702 si
345 1666 473 1701 contra
495 1663 614 1700 dictos
637 1662 808 1700 abbatem
836 1667 871 1699 et
894 1666 1116 1699 conventum
1142 1661 1188 1698 de
1214 1661 1332 1698 Dunis
1357 1673 1479 1698 coram
1507 1659 1615 1696 nobis
1642 1659 1679 1695 in

153 1724 279 1776 aliquo
301 1722 488 1760 voluerint
509 1722 692 1774 experiri,
715 1721 832 1773 parati
865 1734 993 1759 sumus
1022 1726 1057 1758 et
1086 1720 1223 1757 erimus
1253 1733 1364 1770 super
1392 1718 1680 1770 quibuscunque

150 1783 261 1821 rebus
277 1786 313 1820 et
331 1780 439 1819 bonis
458 1781 635 1819 exhibere
650 1781 817 1831 justitiae
836 1781 1158 1831 complementum.

880 1903 978 1914 ..ου-

800 2047 1033 2085 CCCLXXX.

149 2162 382 2201 Mandemem
397 2163 440 2201 de
457 2163 620 2214 l'official
635 2163 679 2201 de
698 2163 735 2201 Ια
752 2164 912 2201 Morinie
927 2175 978 2200 au
998 2163 1093 2213 sajet
1113 2162 1156 2199 de
1179 2162 1216 2199 la
1231 2163 1416 2211 propr-6616
1437 2161 1480 2198 de
1503 2161 1675 2212 quelques

707 2223 867 2259 maisons
891 2221 912 2257 ἀ
937 2221 1124 2269 Nieuport.

198 2414 375 2453 OlIieialis
402 2417 619 2455 Morinensis
644 2417 886 2468 presbyteris„
913 2420 979 2452 etc.
1007 2415 1060 2452 Ex
1086 2418 1188 2464 parte
1218 2413 1471 2464 religiosorum
1505 2416 1670 2452 virorum

150 2472 294 2511 abbatis
311 2478 348 2511 et
363 2481 566 2513 conventus
584 2476 630 2513 de
650 2503 825 2512 ........
845 2474 952 2511 nobis
968 2478 1021 2510 est
1038 2473 1196 2523 graviter
1209 2472 1472 2522 conquerendo
1490 2479 1672 2511 monstra·

1482 2534 1530 2571 69
