2184 3074
422 266 495 302 272
919 281 922 284 ·
971 264 1132 302 CODEX
1160 264 1408 302 DUNENSlS.
1466 280 1467 283 ¹

423 382 578 432 dignum
605 382 652 418 sit
677 394 718 418 ac
740 381 884 430 justum
910 385 953 417 ut
978 393 1123 435 poenae,
1141 380 1319 431 subsequi
1347 381 1480 419 debeat
1506 382 1794 431 incrementum,
1818 398 1962 436 nosque

422 441 595 485 velimus,
622 445 664 476 ut
687 439 850 489 praecise
873 443 1057 485 tenemur,
1079 439 1305 489 praescripta
1332 439 1506 477 mandata
1528 441 1732 491 apostolica
1758 443 1961 480 reverendo
1994 439 1999 444 ⁴

424 500 517 550 patri
541 498 694 535 domino
712 497 907 535 Sabinensi
930 511 972 534 ac
997 498 1226 535 thesaurario
1244 498 1437 536 Baiocensi
1462 499 1679 549 praedictis,
1702 500 1852 551 collegis
1879 514 1963 539 nos—

425 558 507 603 tris„
527 557 710 607 nobisque
727 556 943 606 exequenda
961 556 1008 593 ab
1027 556 1239 607 Apostoliea
1259 557 1354 594 Sede
1373 556 1512 595 directa
1530 558 1664 610 exequi
1679 563 1900 606 reverenter,
1915 573 1962 597 ne

422 616 468 652 de
483 615 702 665 negligentia
719 619 754 651 et
767 619 916 664 torpore
929 614 1099 664 quolibet
1111 615 1149 652 in
1161 614 1372 664 praemissis
1385 628 1405 652 a
1419 615 1519 652 dicta
1531 615 1626 653 Sede
1639 617 1771 654 merito
1786 617 1959 668 redargui

424 675 626 718 valeamus,
654 687 696 709 ac
722 673 759 709 in
787 673 952 721 ejusdem
980 672 1085 710 Sedis
1106 672 1283 710 offensam
1306 677 1459 723 propter
1484 673 1555 711 hoc
1579 674 1743 712 incidere
1767 675 1814 712 de
1837 680 1963 712 nostra

427 732 646 782 negligentia
666 745 778 782 super
792 731 864 768 biis
878 731 925 768 ab
939 731 1068 782 eadem
1081 731 1176 768 Sede
1191 731 1351 782 graviter
1366 732 1570 782 puniendi,
1584 733 1670 770 licet
1682 737 1835 784 propter
1852 733 1965 771 nobi-

426 791 564 827 litatem
584 795 619 826 et
637 795 771 827 statum
791 790 1023 839 praeclarum
1049 790 1192 827 domini
1211 790 1358 827 comitis
1375 791 1579 841 supradicti
1600 792 1763 842 quadam
1781 791 1965 843 aequitate

424 855 459 885 et
482 850 691 885 maturitate
723 853 890 898 pensata,
916 847 1083 897 ejusdem
1115 848 1259 885 domini
1286 849 1432 886 comitis
1455 863 1635 899 personae
1655 863 1698 886 ac
1721 849 1907 887 nobilitati
1929 854 1966 887 et

425 907 630 944 clarissimo
649 906 814 956 ejusdem
834 907 944 943 statui
967 906 1187 952 deserentes,
1207 911 1291 957 post
1308 911 1474 958 tempora
1493 908 1711 945 monitionis
1727 921 1841 958 super
1857 921 1966 958 prae—

427 966 546 1002 missis
568 979 588 1002 a
612 966 720 1002 nobis
748 970 783 1002 et
806 965 852 1001 de
880 965 1054 1002 mandato
1086 970 1213 1002 nostro
1234 966 1452 1003 auctoritate
1474 967 1661 1017 praedicta
1690 966 1762 1004 sibi
1792 967 1907 1004 sactae
1931 970 1968 1004 et

425 1024 821 1061 excommunicationis
847 1038 867 1060 a
892 1024 1000 1061 nobis
1023 1024 1062 1060 in
1090 1024 1212 1074 ipsum
1241 1025 1480 1075 postmodum
1508 1026 1623 1071 latae,
1646 1030 1732 1076 post
1756 1029 1967 1076 temporum

426 1083 670 1133 competentia
691 1083 884 1119 intervalla
904 1096 1022 1133 usque
1044 1082 1090 1119 ad
1116 1082 1207 1119 haec
1237 1087 1403 1134 tempora
1424 1083 1589 1133 ejusdem
1607 1084 1752 1121 domini
1771 1088 1968 1121 contuma-

425 1143 519 1179 ciam
547 1142 583 1178 in
607 1142 819 1192 praemissis
848 1142 919 1178 sub
946 1141 1111 1192 quodam
1139 1142 1236 1179 sacto
1257 1142 1440 1179 velamine
1464 1143 1767 1188 sustinuerimus,
1795 1147 1838 1180 ut
1861 1142 1968 1180 vide-

425 1214 547 1238 remus
572 1201 601 1237 si
629 1201 777 1237 interim
805 1214 911 1237 suam
942 1200 1216 1238 contumaciam
1244 1213 1331 1237 cum
1362 1200 1494 1238 effectu
1521 1205 1714 1252 purgaret,
1744 1201 1834 1251 quia
1860 1201 1898 1238 in
1925 1213 1968 1238 ea

425 1272 570 1309 semper
590 1259 831 1309 postmodum
850 1259 1012 1309 perstitit
1032 1263 1068 1296 et
1084 1258 1263 1309 perdurat
1280 1259 1319 1295 in
1340 1272 1451 1309 grave
1471 1259 1748 1310 praejudicium
1766 1258 1968 1309 praepositi

425 1317 637 1364 memorati,
668 1331 737 1354 nec
761 1318 947 1368 possimus
979 1318 1050 1355 hoc
1080 1317 1236 1355 ulterius
1269 1317 1307 1355 in
1337 1322 1481 1355 tantum
1507 1322 1543 1355 et
1573 1323 1648 1355 tam
1673 1331 1784 1368 grave
1809 1317 1967 1368 praefati

425 1377 569 1414 domini
592 1377 792 1427 praepositi
820 1377 1094 1427 praejudicium
1118 1377 1260 1428 absque
1283 1377 1395 1428 digna
1420 1377 1708 1428 reprehensione
1730 1377 1847 1414 nostri
1871 1389 1969 1427 quo—

426 1436 511 1472 dam
543 1435 712 1486 quaesito
745 1436 859 1486 pallio
896 1436 1087 1483 simulare,
1117 1435 1218 1472 dicto
1249 1435 1403 1473 domino
1431 1436 1642 1486 praeposito
1673 1449 1758 1472 cum
1790 1435 1907 1472 multa
1933 1440 1970 1472 et

426 1507 559 1544 magna
590 1494 738 1531 solertia
770 1494 917 1544 saepius
949 1494 1109 1531 instante
1139 1507 1181 1531 ac
1210 1507 1231 1531 a
1257 1494 1366 1531 nobis
1395 1499 1543 1545 petente
1573 1494 1763 1545 praedicta
1794 1494 1968 1531 mandata

425 1552 626 1602 apostolica
645 1553 854 1590 executioni
873 1553 1019 1589 debitae
1041 1553 1258 1590 demandari
1278 1568 1286 1589 :
1309 1552 1398 1589 hinc
1422 1557 1477 1590 est
1503 1553 1607 1603 quod
1632 1565 1699 1590 nos
1723 1553 1773 1589 ob
1799 1553 1967 1602 ejusdem

426 1611 569 1647 domini
596 1611 742 1648 comitis
773 1611 1046 1648 contumaciam
1074 1611 1112 1648 in
1137 1611 1349 1661 praemissis
1374 1615 1409 1648 et
1433 1611 1482 1648 ob
1509 1611 1685 1647 duratum
1712 1614 1967 1661 contemptum

427 1669 592 1718 ejusdem
612 1669 829 1706 auctoritate
848 1669 1036 1719 praedicta
1055 1669 1164 1706 nobis
1180 1669 1378 1707 commissa
1397 1673 1511 1706 totam
1532 1673 1666 1706 terram
1686 1669 1804 1719 ipsius
1823 1661 1968 1706 domini

428 1727 575 1764 comitis
596 1732 632 1763 et
653 1727 820 1776 ejusdem
835 1728 1091 1777 jurisdictioni
1115 1729 1340 1778 subjectam,
1361 1732 1512 1778 propter
1537 1728 1654 1777 ipsius
1671 1727 1815 1764 domini
1834 1731 1970 1765 contu-

429 1786 606 1832 maciam,
626 1786 664 1822 in
693 1786 765 1823 hiis
784 1787 932 1837 scriptis
954 1787 1201 1824 ecclesiastico
1227 1787 1475 1837 supponimus
1505 1786 1723 1833 interdicto,
1749 1786 1968 1824 mandantes

427 1844 533 1881 vobis
552 1849 587 1881 et
602 1849 768 1882 vestrum
790 1845 945 1882 cuilibet
975 1846 1192 1882 auctoritate
1222 1847 1401 1896 praefata,
1428 1845 1500 1882 sub
1522 1858 1643 1895 poena
1663 1845 1969 1882 excommunica-

427 1903 539 1940 tionis
557 1916 670 1954 quam
691 1903 729 1939 in
748 1916 813 1940 vos
832 1909 868 1940 et
885 1909 1050 1941 vestrum
1077 1904 1302 1954 quemlibet,
1332 1905 1362 1942 si
1390 1908 1518 1941 contra
1545 1903 1724 1949 feceritis,
1747 1903 1901 1941 ferimus
1927 1903 1968 1940 in

429 1962 500 2000 hiis
527 1962 690 2012 scriptis,
716 1966 901 2013 quatenus
928 1964 1071 2000 dictum
1095 1968 1263 2000 nostrum
1283 1963 1522 2000 interdictum
1540 1962 1579 1999 in
1597 1963 1762 2000 ecclesiis
1779 1963 1910 2000 vestris
1927 1963 1967 1999 in

428 2026 522 2057 terra
543 2025 579 2057 et
595 2020 857 2070 jurisdictione
876 2021 966 2058 dicti
988 2022 1131 2058 domini
1159 2022 1305 2059 comitis
1332 2021 1534 2059 observetis
1551 2025 1587 2058 et
1604 2021 1746 2058 faciatis
1764 2021 1880 2059 artius
1897 2021 1968 2058 ob-

427 2079 575 2115 servari.
590 2079 838 2116 Decernentes
857 2080 960 2130 quod
979 2080 1196 2129 hujusmodi
1216 2085 1343 2117 nostro
1362 2080 1559 2117 interdicto
1583 2093 1659 2116 non
1685 2079 1879 2128 subjacent
1902 2092 1968 2116 ve-

429 2137 603 2174 nerabilis
622 2151 664 2174 ac
681 2142 806 2174 sancta
831 2138 1018 2188 praedicta
1041 2139 1241 2189 Brugensis
1265 2139 1417 2176 ccclesia
1439 2143 1475 2176 et
1494 2139 1565 2176 sibi
1583 2138 1796 2189 propinqua
1815 2138 1968 2175 ecclesia

428 2196 551 2232 Sancti
577 2196 723 2242 Basilii,
747 2210 823 2233 non
847 2198 1026 2247 legentes,
1053 2211 1122 2234 nec
1145 2198 1388 2235 deservitores
1417 2198 1647 2244 earumdem,
1672 2197 1736 2235 sed
1758 2197 1905 2234 easdem
1932 2201 1968 2233 et

429 2254 527 2303 ipsos
544 2267 563 2290 a
581 2254 732 2291 vinculo
751 2255 969 2305 hujusmodi
989 2256 1105 2294 nostri
1126 2256 1313 2293 interdicti
1332 2256 1539 2307 excipimus
1557 2260 1593 2293 et
1606 2255 1815 2306 specialiter
1831 2268 1967 2304 excep-

429 2318 563 2358 tamus,
582 2314 775 2351 reservatis
794 2314 1062 2352 nichilominus
1081 2315 1232 2366 collegis
1252 2315 1387 2353 nostris
1405 2315 1604 2366 praedictis
1622 2319 1658 2351 et
1679 2314 1807 2359 nobis,
1827 2313 1913 2362 jure
1931 2317 1967 2350 et

429 2375 606 2421 potestate
624 2385 735 2422 super
752 2374 963 2422 praemissis
981 2379 1017 2412 et
1035 2388 1075 2412 ea
1095 2376 1333 2425 tangentibus
1352 2376 1457 2422 alias,
1477 2380 1589 2425 prout
1607 2373 1819 2411 faciendum
1838 2373 1964 2419 fuerit,

2175 2445 2184 2472 ε

2176 2631 2184 2676 q

2177 2678 2184 2712 l

2173 2738 2184 2770 ⁴!

2177 2806 2184 2903 ἒ

2177 2906 2184 2941 1⁴.
