2184 3074
450 322 499 359 92
1003 321 1163 359 CODEX
1189 322 1436 360 DUNENSIS.

451 438 551 475 niam
574 452 619 475 ex
644 443 747 488 parte
771 437 957 474 dictorum
984 437 1128 474 abbatis
1150 442 1185 474 et
1210 442 1414 474 conventus
1438 437 1547 474 nobis
1569 442 1624 474 est
1643 437 1803 487 graviter
1819 450 1984 489 conque-

450 496 567 534 rendo
585 500 831 533 monstratum
849 495 972 545 quod,
991 495 1075 531 licet
1100 495 1190 545 ipsis
1213 508 1233 531 a
1261 494 1354 531 Sede
1379 494 1591 545 Apostolica
1609 494 1657 532 sit
1673 494 1862 532 indultum
1882 495 1985 546 quod

451 554 530 591 loca
553 559 589 591 et
611 553 785 604 grangiae
810 552 1027 590 eorumdem
1054 553 1150 589 sicut
1175 553 1267 589 atria
1300 552 1538 590 ecclesiarum
1572 552 1620 589 ab
1649 552 1752 589 omni
1783 565 1984 603 pravorum

451 613 604 650 incursu
623 612 668 649 de
686 611 862 648 violentia
877 611 952 648 sint
969 611 1086 647 libera
1106 615 1142 648 et
1158 611 1299 661 quieta,
1319 615 1356 648 et
1370 611 1474 661 quod
1493 611 1589 647 infra
1607 611 1816 648 clausuram
1833 623 1984 648 eorum·

451 671 535 708 dem
559 671 726 708 locorum
752 683 817 707 seu
840 669 1077 720 grangiarum
1101 670 1227 706 nullus
1243 669 1458 706 violentiam
1476 681 1538 706 seu
1558 669 1727 719 rapinam
1746 669 1880 716 facere,
1898 681 1984 706 san-

449 730 600 781 guinem
618 729 789 774 sundere,
808 728 998 765 hominem
1017 741 1167 777 capere,
1186 727 1398 773 verberare,
1415 740 1480 764 seu
1497 727 1711 764 violentiam
1730 727 1894 778 aliquam
1911 728 1984 765 sub

450 787 750 824 interminatione
765 786 1009 823 anathematis
1024 786 1158 822 audeat
1171 798 1349 832 exercere,
1363 786 1384 823 J
1387 786 1538 832 acobus,
1552 786 1651 823 filius
1665 785 1865 833 Ghiselini,
1876 786 1984 837 AEgi-

449 845 533 882 dius
550 846 662 882 frater
679 845 759 894 ejus
770 874 779 890 ,
797 844 916 881 vocati
937 843 1060 880 clerici
1073 873 1082 890 ,
1100 857 1177 880 non
1194 847 1498 894 recognoscentes
1513 844 1719 881 libertatem
1733 844 1856 881 ordini
1875 844 1984 881 cleri-

449 904 517 941 cali
533 917 575 940 ac
588 904 756 954 personis
770 902 1025 940 ecclesiasticis
1038 916 1058 939 a
1072 907 1302 940 sacrosancta
1316 903 1478 940 Ecclesia
1493 907 1609 939 matre
1621 907 1746 940 nostra
1760 915 1984 949 concessam,

448 967 490 999 ut
516 962 649 1012 ingrati
675 966 889 1012 spernentes
917 961 1085 998 eamdem
1113 961 1394 998 ecclesiasticam
1420 961 1644 1007 libertatem,
1671 973 1764 998 ausu
1788 960 1983 1011 sacrilego,

447 1020 611 1070 maligno
629 1020 730 1056 ducti
749 1019 902 1069 spiritu,
918 1032 1032 1055 manu
1051 1023 1206 1065 armata,
1225 1018 1349 1070 gladio
1367 1023 1403 1055 et
1421 1019 1591 1056 falcastro
1605 1018 1823 1069 evaginatis,
1838 1022 1984 1069 portam

447 1079 561 1115 curtis
576 1078 653 1115 sive
665 1078 839 1128 grangiae
855 1077 901 1114 de
916 1077 1013 1128 Lepe
1026 1077 1208 1114 violenter
1222 1077 1454 1114 intraverunt
1468 1077 1650 1114 irruentes
1660 1081 1696 1114 et
1704 1090 1836 1114 manus
1847 1081 1983 1114 temere

446 1136 624 1173 violentas
642 1135 848 1185 injicientes
867 1135 905 1171 in
923 1135 1072 1172 fratrem
1090 1135 1300 1173 Walterum
1315 1147 1535 1172 conversum
1549 1134 1596 1171 de
1609 1134 1747 1181 Dunis,
1763 1135 1981 1186 magistrum

446 1195 566 1231 dictae
587 1194 719 1240 curtis,
738 1194 858 1230 eidem
882 1197 1022 1230 metum
1045 1193 1175 1230 mortis
1202 1193 1298 1230 infra
1317 1193 1484 1230 eamdem
1506 1193 1697 1244 grangiam
1721 1193 1982 1243 gravissimum

446 1253 654 1298 inferendo,
677 1253 801 1289 minus
825 1252 924 1301 juste
949 1257 985 1288 et
1007 1252 1087 1289 sine
1110 1265 1219 1288 causa
1243 1251 1476 1298 rationabili,
1499 1252 1537 1288 in
1565 1251 1751 1288 dictorum
1778 1251 1923 1288 abbatis
1947 1256 1983 1288 et

445 1316 648 1348 conventus
667 1311 939 1361 praejudicium
953 1340 962 1357 ,
981 1311 1140 1347 dedecus
1159 1314 1195 1347 et
1211 1323 1409 1360 gravamen
1421 1339 1430 1356 ,
1455 1303 1717 1360 et’praedictae
1735 1310 1842 1347 Sedis
1861 1311 1982 1361 Apos-

445 1370 575 1407 tolicae
601 1369 776 1418 injuriam
802 1374 837 1406 et
861 1373 1115 1419 contemptum
1145 1382 1187 1405 ac
1216 1368 1433 1405 scandalum
1464 1369 1728 1419 plurimorum.
1759 1368 1865 1407 Unde
1895 1380 1982 1404 cum

445 1428 645 1478 praemissa
667 1427 758 1464 adeo
781 1427 940 1474 notoria,
955 1427 1106 1477 publica
1128 1432 1164 1464 et
1184 1427 1378 1464 manifesta
1396 1439 1474 1464 esse
1488 1427 1661 1463 dicantur
1678 1426 1781 1477 quod
1799 1439 1874 1463 non
1893 1439 1982 1477 pos-

445 1491 533 1524 sunt
550 1486 674 1536 aliqua
693 1486 993 1536 tergiversatione
1014 1486 1142 1532 celari,
1159 1499 1225 1523 nos
1246 1490 1385 1523 tantam
1403 1485 1580 1535 injuriam
1599 1486 1638 1522 in
1655 1486 1776 1523 Deum
1791 1490 1827 1523 et
1840 1486 1980 1523 clerum

445 1545 523 1593 ejus
546 1549 582 1581 et
598 1545 807 1594 specialiter
825 1545 863 1581 in
884 1545 1006 1595 ipsum
1030 1558 1251 1582 conversum
1273 1545 1508 1582 commissam
1535 1557 1610 1581 non
1632 1557 1852 1595 possumus,
1881 1544 1981 1581 salva

389 1601 392 1604 ⁵
445 1603 548 1640 Sedis
562 1603 795 1653 Apostolicae
808 1603 1012 1640 reverentia
1026 1608 1061 1640 et
1075 1603 1228 1649 honore,
1245 1603 1315 1640 sub
1330 1603 1626 1640 dissimulatione
1641 1603 1797 1640 transire
1810 1603 1980 1649 inultam,

445 1661 508 1699 sed
523 1662 690 1698 eamdem
705 1662 829 1712 potius
839 1692 847 1708 ,
862 1667 904 1699 ut
917 1662 1111 1709 debemus,
1126 1663 1263 1698 virtute
1278 1666 1402 1699 nostra
1416 1675 1645 1708 conservare,
1657 1661 1859 1708 vindicare,
1873 1661 1980 1698 vobis

445 1720 621 1757 omnibus
638 1725 674 1757 et
690 1721 845 1770 singulis
864 1725 900 1757 et
917 1720 1124 1770 specialiter
1141 1720 1366 1770 presbyteris
1384 1720 1430 1756 de
1446 1719 1616 1757 Hasnede
1630 1719 1667 1756 in
1682 1719 1818 1756 virtute
1834 1719 1982 1756 sancta'e

446 1779 678 1816 obedientiae
704 1783 740 1815 et
766 1779 836 1816 sub
862 1792 980 1829 poena
1004 1779 1258 1829 suspensionis
1285 1792 1398 1830 quam
1429 1779 1467 1815 in
1494 1778 1567 1816 hiis
1591 1778 1738 1828 scriptis
1765 1778 1918 1815 ferimus
1941 1778 1980 1815 in

447 1837 672 1887 negligentes
694 1842 729 1873 et
747 1837 901 1874 rebelles
920 1837 1282 1892 hujusmodwlostro
1297 1837 1614 1885 mandat0,immo
1627 1837 1752 1887 potius
1766 1837 1982 1886 apostolice,

446 1896 708 1946 praecipiendo
733 1897 952 1933 mandamus
977 1902 1160 1947 quatenus
1185 1898 1333 1934 eosdem
1352 1897 1534 1935 Jacobum
1561 1902 1597 1933 et
1616 1896 1808 1947 AEgidium
1833 1896 1983 1946 publice

446 1956 484 1992 in
505 1956 667 2002 ecclesiis
685 1956 815 1993 vestris
837 1957 1064 1994 denuntietis
1084 1957 1420 1994 excommunicatos
1441 1956 1584 1994 domini
1603 1969 1720 2007 papae
1735 1968 1806 2006 -pro
1824 1954 1983 1992 excessi-

447 2014 517 2051 bus
547 2015 773 2064 praenotatis
799 2019 834 2051 et
860 2015 899 2051 in
926 2016 1145 2052 sententiam
1173 2015 1326 2053 canonis
1352 2015 1543 2062 incidisse,
1569 2019 1606 2051 et
1630 2014 1778 2051 eosdem
1804 2018 1982 2063 tanquam

448 2072 787 2109 excommunicatos
804 2073 1029 2111 denuntietis
1046 2087 1065 2110 a
1084 2074 1388 2111 vestris'subditis
1402 2072 1622 2119 evidandos,
1637 2072 1818 2109 moneatis
1831 2071 1985 2121 insuper

449 2131 596 2168 eosdem
613 2132 796 2169 Jacobum
815 2136 851 2169 et
866 2133 1059 2183 AEgidium
1085 2133 1155 2170 sub
1182 2133 1393 2171 testimonio
1417 2131 1640 2182 competenti
1662 2135 1704 2168 ut
1725 2130 1820 2167 infra
1842 2134 1982 2180 septem

449 2190 526 2227 dies
545 2195 628 2240 post
644 2195 804 2227 vestram
822 2191 1067 2228 monitionem
1086 2191 1193 2228 dictis
1211 2192 1335 2228 abbati
1357 2195 1393 2228 et
1415 2189 1615 2228 conventui
1637 2202 1750 2239 super
1769 2186 1982 2238 praemissis

450 2253 485 2285 et
512 2262 552 2284 ea
576 2249 812 2299 tangentibus
834 2250 915 2286 loco
938 2254 973 2286 et
994 2254 1160 2299 tempore
1180 2249 1411 2286 declarandis
1440 2247 1666 2285 satisfaciant
1695 2251 1732 2284 et
1757 2246 1980 2295 condignam

449 2311 635 2356 praestent
652 2308 866 2354 emendam,
886 2308 1054 2358 alioquin
1073 2308 1174 2359 ipsos
1197 2308 1321 2358 elapso
1344 2306 1561 2344 monitionis
1584 2310 1743 2343 termino
1764 2315 1982 2342 excommu—

451 2365 580 2402 nicetis
598 2369 634 2402 et
654 2367 994 2403 excommunicatos
1008 2367 1158 2417 publice
1178 2366 1374 2412 nuntietis,
1391 2365 1464 2402 alio
1480 2378 1500 2401 a
1515 2364 1623 2401 nobis
1637 2363 1811 2400 mandato
1826 2361 1981 2399 minime

451 2428 653 2474 expectato,
673 2424 743 2461 nisi
758 2437 906 2461 causam
921 2430 1049 2462 contra
1064 2426 1265 2475 praemissa
1279 2425 1386 2462 vobis
1401 2423 1631 2462 ostenderint
1647 2422 1848 2467 efficacem,
1866 2433 1982 2471 quare
