2184 3074
483 351 555 388 {510
1028 349 1190 387 CODEX
1215 349 1461 387 DUNENSIS.

1161 512 1339 550 CCCLVl.

520 632 760 669 Procestation
778 630 839 666 des
859 631 1080 666 monaster-es
1097 628 1141 665 de
1157 628 1325 666 Flandre
1340 636 1461 666 contre
1478 629 1516 667 la
1534 631 1736 668 cmmession
1754 631 1798 668 de
1813 631 1978 669 subsides

923 687 1206 738 ecclesiastiques
1224 700 1273 724 au
1290 688 1349 724 roi
1366 688 1410 725 de
1426 689 1599 726 France.>

528 883 624 931 Quia
638 884 716 933 jam
737 887 866 919 notum
886 885 941 919 est
957 881 1129 932 plurimis
1156 881 1260 932 quod
1285 883 1412 919 multis
1439 882 1650 920 reverendis
1669 882 1846 920 fratribus
1871 881 2015 919 archie-

482 941 657 991 piscopis,
683 940 866 991 episcopis
892 940 995 990 regni
1020 939 1197 977 Franciae
1223 939 1458 990 signantibus
1484 940 1718 978 sanctissimo
1743 939 1839 990 patri
1865 952 2014 977 summe

481 1003 646 1053 pontifici
665 1016 820 1054 regnum
839 1002 1069 1040 Francorum
1083 1006 1224 1039 tantam
1244 1002 1498 1040 necessitatem
1511 1007 1547 1039 et
1562 1014 1782 1053 guerrarum
1797 1001 2015 1040 discrimina

479 1062 660 1099 sustinere
682 1061 783 1112 quod
814 1074 882 1112 pro
905 1061 1120 1098 defensione
1139 1061 1256 1112 ipsius
1274 1073 1420 1098 necesse
1437 1061 1485 1098 sit
1501 1060 1656 1098 domino
1679 1061 1756 1111 regi
1783 1060 2014 1098 Francorum

481 1120 614 1157 illustri
634 1133 700 1171 per
717 1120 888 1157 ecclesias
907 1119 996 1157 dicti
1015 1119 1119 1169 regni
1138 1119 1348 1166 subveniri7
1368 1132 1410 1156 ac
1429 1123 1622 1169 praetextu
1640 1118 1857 1169 hujusmodi
1874 1118 2016 1169 suppli-

482 1179 651 1216 cantibus
668 1182 710 1215 ut
727 1179 778 1215 eis
796 1183 832 1215 et
857 1178 1021 1216 ecclesiis
1039 1177 1128 1214 dicti
1147 1178 1250 1228 regni
1271 1178 1379 1214 liceat
1396 1178 1596 1215 subvenire
1621 1178 1667 1215 de
1688 1178 1797 1215 bonis
1825 1177 2016 1216 ecclesias-

483 1237 563 1273 licis
594 1236 694 1273 dicto
731 1249 844 1287 regno
877 1236 1018 1287 absque
1055 1236 1373 1286 transgressionne
1403 1236 1680 1274 constitutionis
1711 1249 1832 1287 nuper
1862 1249 1883 1273 a
1913 1235 2015 1274 dicto

482 1307 628 1331 summo
647 1294 823 1344 pontifice
840 1307 952 1345 super
970 1294 1041 1331 hoc
1059 1294 1333 1345 promulgatae,
1350 1294 1447 1331 idem
1466 1307 1635 1332 summus
1658 1295 1826 1345 pontifex
1844 1294 1892 1332 ad
1907 1307 2017 1332 man-

482 1354 641 1404 dandam
661 1354 862 1404 praefatam
881 1353 1166 1391 subventionem
1184 1354 1264 1391 fieri
1283 1354 1446 1405 coeperit
1462 1354 1635 1391 inclinari
1653 1358 1690 1391 et
1702 1353 1849 1391 dicatur
1865 1352 2018 1404 publice

482 1413 584 1463 quod
610 1413 765 1464 praefati
784 1412 960 1450 dominus
986 1426 1071 1459 rex,
1091 1412 1359 1464 archiepiscopi
1380 1417 1416 1450 et
1433 1413 1598 1463 episcopi
1617 1426 1684 1463 per
1700 1426 1739 1450 se
1755 1413 1813 1450 vel
1839 1425 1907 1463 per
1925 1412 2018 1449 alios

483 1473 620 1509 instent
637 1472 693 1508 vel
716 1472 851 1508 instare
870 1471 1070 1508 intendunt
1087 1471 1186 1522 apud
1206 1471 1437 1522 praedictum
1459 1475 1600 1522 patrem
1619 1470 1892 1508 sanctissimum
1912 1483 2018 1508 sum-

483 1544 583 1566 mum
602 1530 817 1580 pontificem
844 1530 890 1566 ad
910 1530 1187 1580 impetrandum
1206 1530 1378 1580 compelli
1397 1530 1568 1567 ecclesias
1588 1534 1624 1566 et
1641 1529 1904 1577 ecclesiasticas
1930 1542 2017 1579 per-

483 1601 589 1625 sonas
608 1588 696 1625 dicti
717 1588 819 1638 regni
849 1588 895 1625 ad
923 1588 1207 1625 subventionem
1228 1587 1487 1639 praestandam
1505 1587 1607 1624 dicto
1622 1587 1776 1624 domino
1796 1586 1895 1637 regi,
1909 1599 2019 1623 ocea-

480 1646 583 1683 sione
603 1646 806 1696 praedicta3
823 1651 858 1683 et
887 1659 953 1684 nos
974 1647 1220 1697 probabiliter
1246 1646 1442 1684 timeamus
1462 1659 1508 1683 ne
1525 1646 1643 1697 aliqui
1665 1649 1880 1682 executores
1907 1657 2020 1696 super

484 1705 553 1741 lioc
571 1705 693 1742 forsan
714 1718 781 1756 pro
795 1705 1109 1756 SedeApostolica
1127 1705 1331 1756 deputandi
1346 1709 1473 1742 contra
1490 1717 1557 1742 nos
1580 1718 1708 1742 omnes
1721 1705 1778 1741 vel
1792 1704 1937 1755 aliquos
1954 1716 2019 1758 seu

483 1764 644 1814 aliquem
677 1765 733 1800 vel
766 1770 893 1801 contra
929 1764 1099 1802 ecclesias
1138 1768 1279 1801 nostras
1309 1777 1438 1801 omnes
1470 1768 1505 1800 et
1539 1763 1703 1814 singulas
1733 1762 1849 1800 velint
1879 1762 2021 1813 absque

484 1835 614 1859 causae
644 1822 855 1873 cognitione
885 1823 1085 1873 procedere
1115 1823 1160 1859 ad
1187 1822 1486 1874 compellendum
1515 1835 1583 1860 nos
1607 1836 1675 1873 per
1691 1834 1883 1859 censuram
1902 1821 2020 1858 eecle-

482 1880 667 1917 siasticam
686 1885 870 1931 praestare
894 1881 1179 1918 subventionem
1205 1881 1448 1932 praedictam7
1472 1880 1574 1931 quod
1593 1881 1622 1918 si
1643 1880 1764 1926 fieret,
1783 1891 2021 1930 gravaremur

484 1938 617 1987 injuste
635 1951 703 1989 pro
717 1952 759 1975 eo
777 1942 877 1989 quod
894 1940 1079 1989 praefatus
1093 1939 1268 1976 dominus
1287 1953 1351 1976 rex
1369 1939 1625 1990 principaliter
1643 1938 1759 1976 movit
1771 1942 1807 1975 et
1821 1938 2020 1989 prosequi-

485 2003 544 2033 tur
560 2010 728 2047 guerram
749 2002 784 2034 et
810 1998 948 2034 bellum
976 1998 1125 2035 induxit
1153 1998 1270 2035 nobili
1295 1998 1377 2035 viro
1402 1998 1556 2035 domino
1575 1997 1740 2034 Guidoni
1760 1996 1886 2034 comiti
1906 1996 2020 2033 Flan-

483 2056 585 2092 driae
603 2060 637 2092 et
654 2056 817 2106 aliquam
845 2061 985 2106 partem
1007 2061 1123 2093 terrae
1147 2070 1234 2094 suae
1260 2070 1328 2108 per
1348 2057 1562 2094 violentiam
1589 2055 1802 2107 occupavit,
1822 2055 1893 2092 sub
1911 2054 2020 2104 cnjus

484 2113 628 2150 comitis
651 2113 821 2151 districtu
854 2119 889 2151 et
917 2128 983 2152 nos
1010 2120 1045 2152 et
1072 2116 1246 2152 ecclesiae
1273 2119 1419 2152 nostrae
1442 2127 1571 2152 sumus
1597 2119 1633 2151 et
1656 2113 1722 2165 qui
1750 2126 1896 2164 semper
1919 2125 2021 2150 more

485 2172 761 2222 progenitorum
789 2187 941 2211 suorum
974 2175 1084 2211 velud
1104 2175 1278 2225 princeps
1297 2174 1500 2211 catholicus
1519 2186 1586 2210 nos
1612 2172 1704 2210 fovit
1721 2172 1759 2209 in
1779 2184 1870 2223 pace
1893 2183 1936 2207 ac
1953 2183 2021 2208 nos

456 2274 458 2277 v
484 2236 518 2266 ut
537 2231 634 2267 bona
662 2237 786 2269 nostra
812 2233 858 2269 ab
886 2233 988 2270 omni
1008 2233 1144 2283 injuria
1169 2238 1205 2270 et
1228 2233 1461 2271 infestatione
1480 2231 1659 2283 protexit,
1681 2244 1749 2268 nec
1774 2230 1874 2267 idem
1898 2241 2019 2266 comes

484 2290 666 2338 prafatum
695 2304 817 2340 regem
843 2304 885 2328 ac
909 2305 1065 2342 regnum
1099 2292 1374 2343 impugnaverit
1398 2292 1454 2328 vel
1481 2292 1692 2342 impugnet,
1715 2289 1829 2326 immo
1856 2292 1927 2326 stet
1951 2300 2019 2339 pro

484 2347 697 2384 defensione
723 2349 779 2385 sui
807 2354 843 2386 et
861 2354 977 2386 terrae
1003 2364 1090 2387 suae
1112 2356 1148 2387 et
1169 2351 1284 2388 nostri
1312 2355 1347 2388 et
1368 2363 1492 2387 rerum
1521 2354 1748 2395 nostrarum,
1773 2351 1809 2384 et
1832 2346 2017 2398 praefatus

484 2405 658 2442 dominus
676 2419 741 2442 rex
759 2411 794 2443 et
810 2408 867 2443 sui
883 2408 1008 2445 omnia
1025 2408 1123 2446 bona
1142 2414 1283 2455 nostra,
1300 2421 1395 2459 quae
1410 2408 1526 2445 multa
1545 2407 1725 2444 habemus
1743 2409 1846 2442 extra
1863 2403 2018 2456 comita-

435 2478 437 2480 ·
485 2469 563 2499 tum
582 2463 790 2511 flandriae,
811 2465 882 2502 sub
904 2479 972 2503 suo
991 2471 1026 2503 et
1043 2480 1197 2504 suorum
1215 2467 1428 2517 adjutorum
1447 2466 1617 2504 districtu
1636 2462 1888 2506 consistentia,
1905 2474 2018 2498 occu-
