2184 3074
456 258 531 299 3³4
1007 259 1169 298 CODEX
1193 260 1437 300 DUNENSIS.

460 377 644 422 teneatur)
665 375 754 412 hinc
771 381 826 413 est
843 375 944 425 quod
961 375 1008 413 de
1025 380 1122 413 statu
1143 376 1354 429 exiguitatis
1371 390 1473 414 meae
1490 377 1690 415 sinceritati
1709 383 1850 416 vestrae
1866 383 1987 429 pateat

459 446 526 483 per
543 438 751 483 praesentes
770 446 829 470 mc
854 433 899 470 ad
923 445 1096 484 praesens
1122 433 1388 471 incolumitatis
1412 434 1592 472 beneficio
1613 435 1838 485 potiturum,
1855 436 1919 474 sed
1935 436 1986 474 ob

459 490 695 528 rationabiles
714 504 841 528 causas
858 504 950 541 quas
968 491 1181 529 litteratorie
1199 492 1407 542 exprimere
1425 506 1501 530 non
1527 493 1651 541 valeo,
1672 494 1775 531 omni
1801 494 1986 547 tranquil-

459 547 559 585 litate
582 548 703 585 cordis
725 548 836 586 simul
862 553 897 585 et
918 549 1151 598 jocunditate
1177 549 1375 600 privatum.
1405 550 1512 589 Unde
1531 550 1638 589 vohis
1662 551 1853 589 veritatem
1878 564 1987 602 aper-

459 606 532 643 tius
550 606 748 643 denudabo
774 619 858 643 cum
879 620 916 644 se
940 611 1085 658 tempus
1102 607 1281 646 obtulerit
1297 613 1537 659 oportunum.
1562 609 1773 656 Carissime,
1791 609 1986 648 elaboran-

457 664 544 701 dum
570 678 644 701 non
670 670 724 702 est
748 669 790 701 ut
812 666 948 702 amoris
974 666 1083 703 vestri
1110 666 1204 703 mihi
1234 667 1346 704 fidem
1377 667 1518 704 faciatis
1549 667 1731 718 amplius,
1759 681 1845 704 nam
1868 667 1983 705 animi

456 723 566 760 vestri
583 724 628 759 de
646 736 728 760 meo
746 737 853 760 sumo
873 724 1071 770 indicium3
1092 737 1166 762 non
1187 729 1242 762 est
1265 725 1364 762 enim
1389 725 1513 763 verior
1533 716 1696 764 imitator
1719 726 1855 764 amoris
1872 726 1983 764 alieni

457 794 568 831 quam
587 781 651 831 qui
670 781 717 818 de
737 794 806 820 suo
823 783 938 820 sumit
955 783 1182 833 exemplum.
1204 783 1297 822 Dico
1318 788 1442 822 autem
1466 797 1513 823 ex
1537 784 1747 825 concientia
1762 784 1866 835 quod
1882 784 1979 826 mri-

456 839 538 876 tatis
569 852 643 889 qua
676 843 807 877 mutuo
840 841 1116 888 connectimur,
1149 841 1356 886 recordatio
1382 841 1515 880 intimo
1552 841 1675 881 cordis
1707 842 1779 880 mei
1809 841 1902 882 adeo
1930 846 1985 883 ⁰⁸8
2052 880 2056 884 ,
2096 867 2102 873 -

456 897 568 934 infixa
603 902 645 934 ut
681 911 748 935 nec
774 899 941 936 locorum
970 899 1223 950 longitudine,
1253 914 1321 938 nec
1346 901 1523 951 temporis
1554 899 1787 952 prolixitate,
1815 913 1883 941 nec
1911 900 1984 941 nli·

453 956 646 993 occasione
675 969 901 1007 quacunque
928 957 1047 995 valeat
1072 957 1307 1008 aliquatenus
1341 958 1485 997 aboliri.
1521 958 1594 998 Sed
1624 957 1719 1009 quid
1746 958 1871 998 valent
1898 957 1983 996 talia

454 1014 590 1064 scripta
617 1014 714 1051 inter
735 1015 897 1052 amicos?
926 1015 1123 1053 Amicitiae
1155 1016 1347 1055 sinceritas
1377 1016 1536 1067 pectoris
1565 1016 1683 1067 magis
1713 1016 1826 1055 fidem
1854 1020 1986 1066 postu·-

455 1074 506 1110 lat
527 1087 639 1124 quam
666 1074 934 1114 delineamenta
960 1075 1153 1114 sermonis.
1182 1076 1374 1115 Praeterea
1405 1076 1530 1116 sciatis
1559 1076 1663 1127 quod
1693 1089 1781 1126 prae
1807 1075 1984 1117 omnibu

455 1132 666 1170 viventibus
694 1146 758 1170 vos
786 1134 911 1172 videre
936 1134 1123 1181 desidero,
1149 1138 1186 1173 et
1207 1134 1237 1171 si
1267 1134 1419 1174 effect-us
1442 1147 1526 1174 meo
1555 1134 1795 1185 responderet
1821 1133 1985 1180 affectui,

456 1203 649 1241 nunquam
669 1191 800 1228 vellem
817 1205 838 1228 a
859 1191 994 1231 dilecto
1012 1205 1192 1243 personae
1211 1196 1352 1233 vestrae
1368 1193 1501 1233 affeetu
1518 1193 1680 1243 gratuito
1697 1193 1871 1243 separari.
1890 1192 1985 1233 Pro-

453 1263 554 1300 pono
568 1251 667 1288 enim
680 1251 867 1290 licentiam
881 1252 1046 1302 accipere
1065 1251 1237 1290 veniendi
1254 1252 1301 1290 ad
1314 1265 1393 1298 vos,
1411 1265 1564 1302 sperans
1581 1251 1684 1302 quod
1703 1251 1788 1302 pius
1805 1250 1985 1293 dominun.

454 1322 521 1359 per
537 1323 641 1346 suam
665 1310 956 1349 misericordiam
975 1311 1047 1362 piis
1064 1311 1159 1349 votis
1178 1311 1477 1350 condescendens
1495 1323 1620 1351 meum
1645 1310 1684 1348 in
1709 1309 1812 1349 brevi
1837 1309 1985 1351 desido-

455 1368 551 1406 rium
571 1369 800 1420 adimplebit.
819 1370 856 1408 Si
877 1371 1000 1416 vobis,
1024 1371 1238 1417 karissime,
1256 1371 1295 1408 in
1317 1370 1514 1409 scribendo
1531 1383 1638 1409 rarus
1655 1369 1794 1415 videar,
1815 1368 1909 1409 nihil
1932 1368 1984 1409 ob

455 1426 526 1465 hoc
536 1428 652 1466 amori
670 1428 885 1479 decerptum
899 1430 1114 1475 aestimetis,
1133 1443 1219 1468 nam
1239 1429 1511 1467 indissolubilis
1530 1428 1597 1467 iste
1615 1441 1720 1467 amor
1745 1427 1866 1466 nodus
1889 1426 1985 1465 ami-

455 1485 562 1522 citiae
587 1486 652 1536 qui
682 1491 826 1524 nostros
852 1488 1002 1538 copulat
1025 1492 1061 1524 et
1078 1487 1272 1537 conjungit
1294 1487 1455 1532 animos,
1478 1486 1690 1525 nullatenus
1708 1486 1831 1535 rumpi
1850 1483 1986 1535 poterit

454 1544 510 1580 vel
530 1544 692 1580 dissolvi.
711 1543 880 1582 Valentis.
907 1545 1065 1582 Oremus
1083 1558 1152 1596 pro
1171 1545 1329 1582 invicem
1350 1549 1392 1582 ut
1408 1545 1604 1590 salvemur,
1623 1556 1711 1594 prae
1729 1542 1882 1582 caeteris
1895 1554 1986 1581 nos-

456 1605 531 1637 trae
549 1602 676 1638 salutis
704 1602 879 1652 operibus
898 1603 1085 1640 studentes
1109 1603 1251 1640 caritati
1273 1602 1515 1653 spiritualiter
1539 1614 1686 1651 semper
1711 1601 1918 1645 intendere,
1938 1613 1986 1640 ne

455 1659 623 1696 veniente
651 1660 813 1697 Domino
843 1661 968 1698 vacuis
1000 1661 1233 1711 lampadibus
1263 1664 1497 1697 occurrentes
1526 1672 1611 1696 cum
1638 1658 1748 1696 fatuis
1773 1657 1982 1708 virginibus

455 1718 708 1764 excludamur,
727 1719 789 1755 sed
808 1720 967 1757 caritatis
985 1733 1080 1769 quae
1105 1719 1256 1756 caeteris
1281 1719 1482 1756 virtutibus
1509 1718 1602 1755 lucis
1630 1717 1852 1754 beneficium
1875 1729 1984 1766 prae-

458 1781 580 1826 parat.
599 1778 739 1814 accensi
760 1778 917 1823 lumine,
938 1792 1021 1815 cum
1042 1778 1122 1828 ipso
1139 1791 1348 1815 mereamur
1363 1777 1498 1827 apertis
1512 1776 1640 1826 januis
1654 1775 1818 1812 introire.
