2184 3074
741 328 900 366 CODEX
927 329 1174 367 DUNENSlS.
1665 334 1729 370 197

190 443 333 481 ordinis
352 444 552 481 lamentose
571 444 682 481 fuerit
706 443 917 494 expositum
942 444 1180 481 benedictum
1207 458 1364 495 regnum
1391 445 1568 484 Franciac
1600 447 1727 486 inimi·

192 515 320 540 corum
339 515 467 552 graves
490 502 671 540 sustinere
690 503 875 540 molestias
894 507 930 540 et
944 502 1135 550 incursus,
1157 508 1308 554 propter
1333 517 1428 555 quos
1450 505 1619 543 omnium
1642 519 1729 543 nos-

194 565 291 598 trum
322 565 356 598 et
390 560 627 598 subditorum
660 565 873 599 nostrorum
905 561 1155 612 tranquillitas
1186 561 1446 613 impugnatur,
1481 563 1663 615 nobisque
1693 570 1728 602 et

193 619 327 657 nostris
349 619 581 657 monasteriis
604 618 770 656 minatur
786 619 995 670 periculum
1021 632 1063 656 ac
1084 619 1249 665 ruinam,
1274 620 1343 658 nisi
1362 620 1472 658 dictis
1491 622 1669 660 molestiis
1692 628 1726 660 ct

190 677 400 716 incursibus
418 683 651 724 occurratur,
669 677 715 715 ad
735 690 832 728 quae
844 677 933 715 dicti
953 678 1055 729 regni
1076 678 1171 716 vires
1189 692 1320 729 parum
1339 679 1546 725 sufficiunt,
1577 687 1727 732 propter

191 734 293 785 quod
322 734 520 785 praedictis
547 735 746 773 abbatibus
772 740 808 773 et
835 735 944 774 nobis
973 736 1059 774 fecit
1084 735 1276 774 humiliter
1302 738 1503 788 supplicari
1528 739 1629 789 quod
1660 752 1726 776 nos

191 792 372 830 auxilium
395 798 432 831 et
454 793 652 830 consilium
674 793 794 831 eidem
821 793 1000 832 adhibere
1029 807 1243 832 curaremus
1266 795 1312 832 ad
1343 796 1584 847 extirpandos
1607 796 1723 834 dictas

190 852 376 890 molestias
393 858 429 890 et
447 853 634 899 incursus,
651 858 835 904 quatenus
858 854 1014 891 exulatis
1032 853 1141 891 dictis
1160 854 1336 892 molestiis
1358 859 1393 892 et
1410 854 1586 905 periculis
1604 869 1671 893 nos
1690 861 1725 893 et

189 910 329 948 subditi
349 911 464 948 nostri
484 911 584 962 pacis
605 915 840 957 testamento,
858 911 966 949 sicuti
987 911 1163 949 hactenus
1179 913 1260 949 freti
1281 913 1439 959 suimus,
1455 914 1674 951 frueremur.

227 968 314 1006 ‘Nos
332 982 437 1015 vero,
459 969 688 1006 attendentes
706 969 804 1006 dicta
823 970 987 1020 pericula
1014 970 1206 1007 imminere
1230 971 1337 1008 nobis
1358 976 1395 1008 et
1418 971 1523 1009 vobis
1553 977 1589 1009 ct
1613 986 1725 1023 geue-

191 1025 316 1064 raliter
330 1027 506 1064 omnibus
528 1026 625 1064 dict'r
637 1027 760 1078 regni,
785 1027 1014 1065 attendentes
1038 1028 1190 1079 insuper
1203 1042 1269 1079 per
1278 1029 1419 1078 jactum
1441 1030 1619 1067 mercium
1635 1030 1723 1068 dicti

191 1083 305 1135 regis,
323 1097 416 1135 quas
431 1085 583 1135 quidem
599 1098 738 1123 merces
757 1098 903 1123 necesse
918 1086 1030 1123 habet
1047 1099 1231 1137 exponere
1245 1093 1398 1139 propter
1411 1089 1574 1138 pericula
1592 1102 1724 1139 supra-

190 1143 286 1180 dicta
298 1172 307 1189 ,
323 1148 466 1181 nostras
479 1144 597 1182 salvas
611 1144 767 1182 existere
780 1150 816 1183 et
830 1158 1023 1196 personas,
1042 1151 1192 1197 propter
1208 1160 1304 1197 quae
1321 1147 1527 1184 secundum
1545 1149 1721 1185 naturalis

189 1202 383 1253 aequitatis
402 1203 583 1240 rationem
597 1209 634 1242 et
646 1205 853 1243 sanctiones
872 1205 1054 1256 legitimas
1071 1206 1267 1252 debemus,
1285 1206 1332 1243 de
1354 1206 1462 1244 bonis
1480 1207 1587 1245 nobis
1605 1221 1624 1244 a
1646 1208 1723 1244 Deo

189 1260 350 1306 collatis,
371 1261 417 1298 ad
435 1262 734 1312 supportandum
755 1267 876 1300 tantae
894 1263 1003 1300 molis
1022 1263 1187 1314 pondus,
1208 1264 1419 1301 subvenire.

238 1319 420 1367 Quocirca
439 1319 641 1370 supradicti
664 1320 815 1358 abbates
834 1326 870 1358 et
889 1334 955 1358 nos
977 1322 1076 1372 apud
1094 1322 1290 1359 Divionem
1318 1328 1469 1373 propter
1492 1323 1562 1360 hoc
1581 1325 1723 1375 specia-

190 1377 273 1413 liter
286 1377 517 1428 congregati,
533 1378 684 1415 nomine
702 1379 902 1428 cujuslibet
916 1384 1083 1416 nostrum
1107 1385 1141 1417 et
1163 1380 1275 1418 totius
1293 1381 1452 1427 ordinis,
1472 1381 1517 1417 dc
1537 1381 1720 1418 bonorum

189 1435 345 1472 consilio
368 1435 546 1473 duximus
576 1436 827 1474 ordinandum
854 1438 957 1488 quod
986 1452 1069 1488 pars
1095 1438 1237 1476 decima
1263 1440 1431 1476 omnium
1457 1439 1667 1476 reddituum
1687 1445 1723 1476 et

190 1498 439 1544 proventuum
459 1495 628 1532 omnium
651 1497 960 1534 monasteriorum
981 1498 1248 1535 monachorum
1270 1499 1384 1535 nostri
1404 1499 1544 1536 ordinis
1565 1499 1600 1535 in
1621 1499 1721 1535 dicto

188 1565 301 1603 regno
319 1553 494 1590 Franciae
519 1554 774 1601 existentium,
803 1561 1050 1606 proventuum
1072 1556 1224 1607 inquam
1244 1562 1279 1594 et
1298 1557 1509 1594 reddituum
1529 1558 1722 1594 dumtaxat

187 1623 283 1660 quae
297 1610 394 1647 dicta
413 1612 634 1649 monasteria
651 1612 688 1649 in
702 1613 802 1650 dicto
821 1627 934 1664 regno
953 1614 1165 1664 percipiunt
1182 1619 1218 1651 et
1235 1620 1508 1652 consueverunt
1527 1615 1716 1666 percipere

187 1673 221 1704 et
240 1668 390 1715 habere,
409 1682 475 1719 per
492 1675 637 1720 tempus
659 1671 801 1708 biennii
827 1672 1033 1722 colligatur,
1056 1677 1091 1709 et
1114 1673 1150 1709 in
1177 1673 1324 1710 duobus
1349 1674 1531 1718 terminis,
1552 1673 1722 1710 videlicet

188 1727 224 1763 in
243 1727 526 1765 Resurrectione
539 1729 690 1766 Domini
709 1734 745 1766 et
760 1730 797 1767 in
814 1730 905 1767 sesto
921 1731 1021 1768 Beati
1038 1731 1195 1782 Remigii
1210 1732 1473 1782 subsequente,
1489 1732 1583 1782 patri
1598 1732 1720 1769 abbati

187 1785 403 1835 assignetur,
423 1786 487 1822 ubi
507 1786 629 1824 (lictus
648 1793 751 1838 pater
768 1788 919 1826 duxerit
936 1790 1212 1840 assignandum.
1231 1790 1440 1827 AEstimatio
1458 1804 1545 1827 vero
1562 1803 1624 1827 seu
1644 1791 1721 1827 col-

187 1844 273 1880 latio
291 1844 476 1882 dictorum
495 1851 743 1895 proventuum
764 1852 800 1884 ct
818 1848 1031 1885 reddituum
1052 1849 1288 1886 conscientiis
1305 1849 1482 1886 abbatum
1508 1854 1543 1885 et
1567 1862 1718 1886 suorum

186 1902 422 1940 subditorum
448 1904 691 1955 relinquetur,
724 1920 837 1957 quam
866 1907 1157 1945 aestimationem
1185 1908 1383 1959 saepedicti
1417 1908 1567 1945 abbates
1592 1913 1628 1944 et
1654 1920 1720 1944 nos

188 1959 285 1997 bona
304 1960 377 1998 fide
394 1965 430 1998 et
452 1961 532 1999 sine
557 1963 688 2000 fraude
705 1964 742 2001 in
764 1960 1000 2003 conscientiis
1026 1966 1160 2003 nostris
1185 1971 1222 2003 et
1248 1967 1482 2004 subditorum
1509 1971 1719 2002 nostrorum

187 2017 286 2055 dicto
305 2019 380 2069 regi
400 2020 658 2070 promisimus,
677 2027 790 2072 prout
808 2023 846 2060 in
867 2024 1028 2074 quadam
1047 2024 1167 2061 littera
1187 2024 1306 2062 eidem
1324 2024 1455 2061 tradita
1475 2029 1510 2060 et
1528 2023 1575 2060 ab
1590 2024 1718 2060 eodem

187 2080 388 2127 acceptata,
411 2091 525 2128 quam
552 2092 676 2117 secum
706 2080 824 2118 defert
849 2082 943 2119 lator
967 2083 1234 2133 praesentium,
1260 2082 1406 2133 plenius
1434 2081 1608 2118 videbitis
1629 2094 1720 2118 con-

191 2133 312 2170 tineri.

239 2191 335 2229 Hinc
347 2195 517 2244 estquod
532 2208 600 2233 nos
613 2197 832 2234 auctoritate
845 2197 1022 2235 abbatum
1038 2198 1311 2248 praedictorum
1327 2202 1363 2234 et
1377 2202 1518 2243 nostra,
1533 2197 1571 2233 in
1586 2197 1721 2234 virtute

189 2255 336 2288 sanctae
353 2251 586 2291 obedientiae
599 2259 636 2292 et
649 2255 720 2293 sub
738 2269 856 2307 poena
875 2257 1287 2302 excommunicationis,
1302 2256 1408 2293 vobis
1421 2255 1554 2293 damus
1568 2255 1723 2292 firmiter

189 2309 227 2346 in
247 2309 429 2348 mandatis
447 2315 630 2361 quatenus
649 2326 714 2351 vos
736 2318 771 2351 et
789 2319 950 2352 vestrum
971 2314 1130 2365 quilibet
1148 2314 1285 2352 dictam
1309 2319 1451 2364 partem
1476 2313 1657 2350 decimam
1676 2313 1722 2350 de

189 2367 297 2405 dictis
319 2369 562 2418 proventibus
583 2374 618 2407 et
642 2371 850 2409 redditibus
878 2373 1186 2410 monasteriorum
1201 2377 1407 2410 vestrorum
1430 2372 1466 2408 in
1487 2372 1721 2409 conscientiis

192 2426 321 2463 vestris
342 2430 378 2463 et
403 2427 639 2466 subditorum
668 2434 875 2467 vestrorum
909 2431 1113 2469 secundum
1148 2431 1300 2469 modum
1332 2436 1367 2468 et
1398 2432 1552 2468 sormam
1584 2430 1721 2480 quibus
