2184 3074
406 332 455 369 24
956 327 1116 365 CODEX
1143 325 1391 364 DUNENSlS.

406 447 518 483 verba
547 463 564 479 «
584 446 698 483 Vobis
723 445 869 495 plenam
895 444 1136 481 concedimus
1163 444 1370 480 facultatem
1400 461 1439 490 »,
1462 448 1498 480 et
1523 457 1597 480 non
1623 445 1669 481 ad
1689 446 1943 495 praecedentia

408 507 465 543 vel
484 504 747 554 subsequentia
766 504 986 550 descrentes,
1002 503 1172 554 quamvis
1190 503 1454 554 subsequentia
1473 502 1670 539 intentioni
1690 504 1799 554 plane
1817 505 1946 554 plene-

408 577 482 615 que
499 563 669 609 obvient,
687 567 799 612 prout.
814 566 966 612 apparet
984 562 1138 598 cuilibet
1156 561 1326 598 intuenti.

459 622 553 660 Sane
567 620 776 671 praemissis
792 620 839 656 ab
853 620 983 656 eodem
999 621 1117 670 legato
1135 619 1283 669 plenius
1301 619 1507 664 intellectis,
1523 632 1618 669 quae
1633 619 1725 656 forte
1738 633 1822 656 cum
1839 633 1947 658 man-

409 680 622 725 suetudine,
637 683 749 729 prout
763 692 829 728 per
843 678 955 714 verba
971 678 1110 714 ibidem
1128 691 1148 714 a
1167 678 1294 714 multis
1308 677 1449 727 percipi
1465 677 1602 727 potuit,
1619 690 1692 714 non
1708 679 1947 729 amplectens,

410 738 651 775 intentionem
681 736 818 773 summi
848 736 1035 786 pontificis
1063 735 1101 771 in
1126 735 1363 772 concessione
1389 735 1597 785 praedictae
1626 736 1767 773 litterae
1792 738 1947 776 asseruit

409 811 445 834 se
472 796 633 841 novisse,
660 800 695 831 et
719 799 917 843 antequam
945 794 1047 830 fieret
1073 794 1244 830 eumdem
1271 807 1466 830 romanum
1489 794 1702 843 pontificem
1728 797 1947 846 superhaec

411 855 549 892 monita
569 853 775 904 palpavisse
793 866 881 903 prae
906 852 1076 898 caeteris,
1104 852 1340 889 subinferens
1365 853 1468 903 quod
1490 853 1575 902 jura
1599 853 1814 903 hujusmodi
1839 869 1947 892 man—

410 914 495 950 dato
513 911 673 962 generali
694 911 906 948 nullatenus
924 912 1207 948 transferuntur.

459 972 545 1008 Erat
563 974 749 1020 praeterea
770 970 864 1006 sacta
883 960 1009 1006 contra
1032 982 1099 1006 nos
1118 969 1236 1006 eidem
1257 970 1375 1019 legat-0
1398 969 1568 1006 Fratrum
1595 970 1743 1008 sinistra
1763 971 1948 1022 suggestio

410 1029 626 1067 eorumdem
646 1028 746 1078 quod
769 1028 867 1078 ipsos
886 1029 923 1064 in
946 1028 1081 1065 nostris
1100 1028 1336 1065 sermonibus
1354 1032 1390 1064 et
1409 1028 1544 1066 habitis
1567 1030 1801 1079 processibus
1819 1030 1857 1067 in
1877 1031 1950 1068 hoc

411 1101 498 1125 casu
528 1088 741 1136 deceptores
771 1087 981 1122 animarum
1013 1091 1048 1123 et
1076 1087 1175 1123 fures
1204 1086 1364 1122 clavium
1395 1087 1630 1124 vocabamus.
1659 1088 1734 1125 Nos
1759 1094 1881 1126 autem
1909 1090 1948 1127 in

411 1137 550 1183 eisdem
578 1145 712 1182 nostris
741 1145 884 1181 actibus
911 1145 1076 1181 volentes
1101 1158 1185 1181 cum
1216 1145 1361 1195 urgenti
1386 1145 1522 1182 laetitia
1543 1146 1711 1196 detegere
1736 1147 1948 1194 veritatem,

411 1205 575 1241 volentes
607 1204 715 1240 etiam
747 1203 958 1254 relinquere
986 1204 1066 1239 vela
1096 1203 1232 1249 ventis,
1259 1203 1297 1239 id
1326 1216 1393 1240 nos
1424 1204 1654 1254 praedicasse
1682 1205 1949 1243 affirmavimus

412 1276 541 1299 verum
565 1275 642 1298 esse
669 1267 704 1298 et
726 1261 849 1298 adhue
871 1261 1170 1311 praedicabimus
1195 1261 1232 1297 in
1256 1262 1444 1307 futurum,
1471 1262 1502 1299 si
1528 1275 1566 1298 se
1593 1262 1640 1298 de
1667 1263 1775 1300 dictis
1802 1264 1949 1302 casibus

413 1321 681 1366 intromittant,
703 1325 738 1356 et
761 1320 843 1356 illos
863 1320 928 1370 qui
951 1320 997 1356 de
1017 1325 1137 1356 cetero
1164 1321 1249 1356 talia
1278 1321 1395 1357 facere
1424 1321 1741 1371 praesumpserint
1763 1322 1802 1359 in
1824 1328 1950 1360 nostra

412 1380 561 1429 dyocesi
587 1380 686 1416 fures
709 1379 867 1415 clavium
891 1383 926 1415 et
944 1379 1156 1429 deceptores
1175 1379 1432 1429 reputabimus
1453 1379 1681 1426 animarum,
1702 1385 1738 1417 et
1755 1381 1842 1418 licet
1857 1394 1950 1419 con-

413 1438 497 1475 fessi
513 1437 651 1474 eisdem
667 1437 860 1474 Fratribus
874 1437 1001 1473 eadem
1017 1442 1163 1488 peccata
1178 1450 1334 1474 numero
1347 1442 1540 1474 teneantur
1549 1438 1711 1488 propriis
1721 1439 1949 1490 presbyteris

412 1496 710 1548 parrochialibus
728 1496 854 1532 saltem
882 1496 994 1532 semel
1017 1496 1055 1532 in
1081 1509 1198 1542 anno,
1218 1508 1321 1532 sacro
1343 1496 1574 1546 approbante
1594 1498 1755 1546 generali
1777 1498 1948 1544 consilio,

412 1556 591 1593 confiteri.
613 1556 686 1606 lpsi
710 1560 830 1591 tamen
852 1555 928 1592 suis
946 1555 1086 1592 finibus
1109 1569 1183 1592 non
1202 1555 1365 1592 contenti
1381 1556 1608 1592 contrarium
1626 1557 1776 1606 publice
1794 1557 1949 1608 dogma-

412 1615 543 1661 tizant,
561 1619 674 1665 prout
691 1614 758 1650 ista
779 1614 875 1650 inter
892 1614 963 1650 alia
982 1614 1102 1651 eidem
1124 1615 1242 1664 legato
1261 1615 1475 1664 aperuimus
1500 1614 1584 1651 viva
1604 1628 1711 1661 voce,
1729 1629 1842 1666 quam
1860 1630 1950 1667 pro-

411 1674 506 1710 fecto
525 1678 687 1710 nostram
707 1672 946 1709 assertionem
967 1673 1004 1708 in
1022 1673 1152 1709 litteris
1171 1673 1332 1709 duorum
1352 1673 1598 1709 cardinalium
1616 1673 1664 1710 ab
1681 1674 1811 1710 eodem
1831 1675 1949 1725 legato

411 1731 625 1782 diligentius
641 1730 833 1767 intellectis
855 1731 953 1766 claro
972 1730 1107 1782 clarius
1121 1730 1295 1767 videbitis
1310 1730 1510 1776 contineri,
1525 1743 1545 1767 a
1560 1743 1722 1786 quorum
1738 1730 1955 1770 testimonio

411 1789 527 1840 priori
542 1789 694 1825 edoctus
710 1789 937 1838 experientia
952 1802 1027 1825 non
1041 1789 1227 1833 dissentit,
1243 1801 1372 1825 verum
1387 1801 1473 1825 cum
1488 1802 1507 1825 a
1524 1793 1688 1840 tempore
1707 1789 1804 1842 beati
1821 1791 1950 1842 Augu-

411 1848 498 1886 stini
518 1848 556 1884 in
576 1848 728 1884 ccclesia
746 1848 812 1884 Dei
833 1849 1039 1898 graviorem
1056 1861 1181 1885 casum
1197 1852 1233 1884 et
1247 1848 1589 1885 intollerabiliorem
1605 1849 1745 1885 rabiem
1759 1850 1950 1888 emersisse

412 1920 488 1945 non
507 1906 748 1943 didicerimus
766 1919 879 1956 quam
899 1911 1116 1957 potestatem
1142 1907 1302 1944 clavium
1321 1920 1388 1957 per
1409 1907 1597 1944 doctrinas
1623 1908 1743 1944 varias
1767 1912 1804 1945 et
1827 1909 1946 1946 detes-

411 1965 522 2002 tanda
540 1964 767 2014 sophismata
785 1964 831 2000 ad
852 1964 991 2002 alienos
1011 1965 1208 2002 transferre
1234 1978 1347 2015 quam
1370 1965 1584 2016 unigenitus
1606 1965 1675 2002 Dei
1702 1966 1800 2003 filius
1825 1966 1948 2003 domi-

410 2037 480 2061 nus
498 2024 632 2061 Jhesus
651 2023 820 2060 Christus
839 2024 961 2074 primo
980 2025 1116 2061 sanctis
1133 2024 1310 2074 apostolis
1328 2029 1363 2061 et
1382 2029 1506 2075 postea
1525 2037 1653 2061 eorum
1671 2025 1947 2062 successoribus

411 2082 584 2126 contulit,
603 2086 715 2132 prout
731 2083 955 2132 ewangelica
974 2083 1108 2119 veritas
1125 2083 1331 2133 profitetur,
1349 2083 1402 2119 sic
1415 2083 1532 2133 ipsam
1545 2096 1664 2132 usque
1681 2082 1727 2119 ad
1745 2096 1893 2120 carnem
1913 2087 1949 2120 et

411 2141 628 2190 sanguinem
648 2140 855 2177 defendere.
875 2141 920 2178 Et
941 2141 1029 2191 quia
1049 2141 1189 2191 ingruit
1212 2141 1426 2187 necessitas,
1449 2141 1626 2177 tenemini
1651 2141 1863 2191 praedicare
1888 2154 1948 2178 re-

410 2198 573 2235 sistendo
593 2198 698 2247 juxta
716 2199 838 2236 datam
858 2200 964 2237 vobis
990 2213 1010 2236 a
1029 2201 1191 2237 Domino
1210 2200 1365 2250 gratiam
1385 2200 1550 2251 falsitati,
1570 2212 1616 2236 ne
1634 2199 1751 2249 magis
1769 2213 1811 2236 ac
1831 2200 1947 2250 magis

409 2270 477 2307 per
501 2257 744 2295 tollerantiam
772 2258 938 2309 ipsorum
965 2260 1198 2297 cervicositas
1230 2260 1447 2305 invalescat,
1475 2259 1603 2310 sicque
1633 2273 1701 2310 pro
1733 2259 1948 2296 defensione

409 2315 673 2352 ecclesiasticae
688 2317 867 2355 libertatis
883 2323 918 2354 et
932 2331 1000 2368 pro
1011 2319 1122 2355 domo
1136 2319 1246 2355 Israel
1262 2331 1326 2355 vos
1343 2331 1469 2354 muros
1488 2317 1723 2355 invincibiles
1738 2317 1945 2367 opponatis.

409 2373 605 2410 Processus
627 2387 713 2411 vero
739 2375 953 2424 hujusmodi
978 2377 1023 2413 de
1048 2377 1204 2414 consilio
1226 2376 1486 2427 magistrorum
1513 2376 1737 2427 theologicae
1763 2375 1946 2412 facultatis
1993 2397 1998 2401 -

410 2436 446 2468 et
459 2431 571 2468 totius
586 2432 700 2469 nostri
717 2433 868 2483 capituli
885 2434 1032 2472 habitos
1048 2435 1085 2472 in
1101 2435 1169 2472 hac-
1183 2439 1286 2485 parte
1302 2434 1514 2485 paternitati
1533 2439 1674 2471 vestrae
1688 2447 1754 2484 per
1769 2433 1945 2470 devotum
