2184 3074
456 287 528 324 244
1005 283 1167 320 CODEX
1192 282 1442 320 DUNENSIS.

456 403 597 440 solvere
615 415 689 439 non
709 407 813 438 curat
831 401 1028 446 malitiose,
1049 399 1110 436 illa
1129 399 1320 436 occultans
1339 399 1378 435 in
1397 411 1550 436 suorum
1574 400 1846 450 praeJ'udicium
1873 403 1995 440 credi-

457 466 579 498 torum
600 477 606 497 :
628 461 733 498 vobis
752 460 928 497 omnibus
945 464 981 498 et
997 457 1155 508 singulis
1175 457 1213 493 in
1231 457 1369 493 virtute
1383 457 1616 494 obedientiae
1635 462 1671 495 et
1688 459 1759 496 sub
1776 472 1895 510 poma
1913 474 1996 499 sus-

457 519 648 570 pensionis
662 524 697 555 et
711 515 1124 562 excommunicationis,
1139 515 1284 565 quasin
1299 527 1365 551 vos
1380 519 1416 551 et
1428 515 1635 565 quemlibet
1646 521 1810 555 vestrum
1825 518 1977 557 ferimus
1987 548 1997 566 ‚

457 578 486 615 si
506 591 679 628 praesens
694 576 909 614 mandatum
931 580 1099 612 nostrum
1119 574 1354 624 neglexeritis
1372 573 1594 624 adimplere,
1612 575 1876 626 praecipiendo
1890 590 1998 614 man-

458 637 588 673 damus
616 641 820 686 quatenus‚
848 647 924 671 non
948 634 1119 671 obstante
1149 632 1383 669 absolutione
1417 632 1506 669 dicti
1533 633 1683 670 Henrici
1707 647 1727 671 a
1755 634 1865 673 nobis
1889 635 1998 673 tacita

455 696 607 732 veritate
633 701 668 732 et
685 695 842 731 falsitate
861 698 1030 744 suggesta
1050 692 1244 742 impetrata
1268 696 1395 728 contra
1418 691 1602 741 Justitiam
1620 706 1750 742 quain,
1772 698 1886 744 prout
1907 707 1999 732 con-

457 767 554 791 cessa
574 758 642 799 est7
661 765 895 796 revocamus,
915 763 1103 788 cassamus
1122 754 1158 786 et
1175 749 1379 795 irritamus,
1398 755 1434 786 et
1448 749 1572 800 ipsum
1591 750 1794 788 Henricum
1813 751 1852 788 in
1870 752 1998 802 pristi-

455 825 540 849 nam
554 809 952 848 excommunicationis
964 809 1184 846 sententiam
1200 822 1266 858 per
1280 814 1490 859 praesentes
1507 808 1754 855 retrudimus,
1767 810 1994 849 denuntietis

455 883 531 908 esse
557 875 742 907 retrusum
771 873 807 905 et
834 868 951 918 ipsam
977 866 1374 904 excommunicationis
1401 865 1622 903 sententiam
1641 866 1679 903 in
1701 868 1873 906 eumdem
1895 869 1998 906 Hen-

450 929 569 966 ricum
588 929 698 965 latam
716 927 934 964 auctoritate
956 926 1281 979 praedecessorum
1309 930 1522 962 nostrorum
1541 929 1577 961 et
1595 929 1720 962 nostra
1737 939 1780 963 ac
1797 926 2000 964 occasione

453 987 630 1039 praedicti
650 987 814 1038 magistri
829 986 1014 1022 innovetis
1033 990 1068 1022 et
1082 985 1306 1036 aggravetis⁷
1328 983 1492 1035 singulis
1511 983 1646 1022 diebus
1661 984 1859 1022 dominicis
1876 989 1912 1022 et
1921 985 2002 1040 ⁴fes-

455 1046 555 1091 tivis,
581 1045 719 1082 feriatis
745 1049 780 1081 et
806 1058 881 1081 non
907 1043 1063 1089 feriatis,
1093 1043 1139 1079 ad
1165 1042 1332 1093 singulas
1350 1042 1498 1087 missas,
1522 1041 1686 1079 candelis
1706 1043 1870 1080 accensis
1896 1047 1932 1081 et
1955 1056 2001 1080 ex

454 1105 627 1142 manibus
646 1104 775 1141 vestris
794 1103 984 1154 projectis,
1008 1102 1198 1153 campanis
1225 1102 1398 1152 pulsatis,
1419 1100 1746 1152 quotienscunque
1769 1106 1806 1138 et
1825 1101 2002 1152 quando-

454 1176 603 1213 cunque
621 1176 641 1199 a
660 1163 775 1199 latore
793 1161 1045 1212 praesentium
1061 1160 1204 1197 fueritis
1223 1159 1406 1210 requisiti.
1422 1159 1614 1196 Praeterea
1627 1155 1827 1196 inhibeatis
1841 1159 2001 1197 subditis

454 1221 584 1259 vestris
603 1235 668 1272 per
686 1234 843 1271 poenam
862 1218 1262 1257 excommunicationis
1284 1231 1329 1255 ne
1355 1217 1441 1268 quis
1460 1216 1494 1253 ei
1514 1216 1617 1263 cibo,
1639 1221 1748 1267 potu,
1770 1217 1900 1261 furno,
1918 1229 2003 1254 mo-

455 1282 622 1327 lendino,
653 1295 767 1332 aqua7
791 1286 922 1331 puteo,
950 1279 1157 1330 emptione,
1186 1278 1421 1324 venditione,
1446 1277 1597 1314 servitio
1624 1282 1689 1314 aut
1714 1277 1753 1314 in
1777 1277 1904 1328 aliquo
1928 1277 2001 1314 alio

449 1340 697 1377 ‚humanitatis
727 1339 877 1385 solatio7
909 1338 1066 1374 durante
1098 1338 1279 1374 sententia
1311 1335 1546 1386 hujusmodi,
1581 1335 1858 1372 communicare
1887 1348 1997 1386 prae-

456 1404 587 1436 sumat.

1174 1461 1274 1470 <w

1163 1593 1284 1631 CLVl.

727 1713 917 1761 Quittance
934 1711 1071 1749 donnae
1089 1724 1138 1748 au
1157 1722 1242 1747 nom
1260 1710 1322 1747 des
1343 1709 1490 1747 e'coliers
1507 1709 1551 1746 de
1570 1710 1725 1760 Bruqes.

508 1911 689 1948 Noveritis
707 1910 810 1961 quod
829 1914 981 1960 propter
999 1909 1070 1945 hoc
1088 1921 1213 1945 coram
1232 1908 1342 1944 nobis
1357 1907 1602 1958 personaliter
1621 1907 1843 1944 constitutus
1861 1907 1999 1944 Johan-

458 1984 521 2008 nes
538 1971 636 2016 tali52
657 1970 811 2006 nuntius
829 1968 1078 2019 Brugensium
1099 1968 1315 2014 scolarium,
1334 1971 1555 2018 procurator
1573 1966 1655 2003 talis
1669 1965 1856 2012 canonici7
1879 1964 1998 2002 confi-

458 2035 554 2067 tetur
572 2035 607 2066 et
625 2029 840 2080 recognovit
853 2041 891 2065 se
909 2028 1090 2078 recepisse
1105 2027 1143 2064 in
1163 2027 1258 2064 bene
1282 2031 1475 2064 numerata
1491 2025 1649 2077 pecunia
1667 2030 1704 2062 et
1721 2024 1828 2075 legali
1848 2023 1999 2062 nomine

458 2095 492 2126 et
510 2090 555 2125 ad
573 2102 666 2139 opus
680 2088 857 2139 praedicti
877 2087 1046 2124 canonici
1066 2100 1085 2123 a
1105 2086 1167 2123 tali
1191 2091 1335 2123 tantum
1351 2087 1397 2123 de
1412 2085 1595 2123 fructibus
1613 2084 1846 2136 praebendae
1865 2083 1998 2134 ipsius,

457 2149 503 2185 de
527 2148 666 2199 quibus
696 2147 871 2184 dominus
901 2146 1105 2192 Johannes,
1139 2145 1291 2182 nomine
1321 2145 1583 2191 dominorum,
1618 2144 1758 2181 habens
1788 2156 1901 2194 super
1927 2141 1998 2179 hoc

459 2211 675 2258 potestatem
694 2212 729 2243 et
747 2206 905 2256 speciale
924 2205 1158 2252 mandatum,
1177 2205 1273 2242 sicut
1299 2204 1407 2241 nobis
1427 2208 1574 2241 constat
1592 2217 1658 2254 per
1676 2203 1814 2240 litteras
1833 2204 1998 2253 patentes

459 2265 627 2302 officialis
652 2264 890 2311 Parisiensis‚
918 2264 1078 2314 quitavit
1101 2264 1210 2300 talem
1239 2268 1275 2300 et
1302 2276 1339 2300 se
1362 2262 1482 2300 tenuit
1498 2275 1567 2313 pro
1589 2266 1733 2312 pagato.
1755 2261 1795 2298 ln
1820 2258 1926 2309 cujus
1944 2257 1996 2295 rei

460 2322 730 2369 testimonium,
753 2328 818 2360 etc.

1164 2409 1277 2419 qo*—
