2184 3074
423 253 495 289 550
976 251 1138 288 (Joussx
1164 252 1409 290 DUNENSIS.

422 383 533 407 onera
559 368 819 406 intollerabilia
842 368 1008 418 oportuit
1026 381 1093 404 nos
1112 369 1324 418 compulsos
1341 370 1468 407 subire
1490 371 1681 418 continuo,
1700 386 1829 411 verum
1847 375 1958 412 etiam

423 434 546 466 nostra
573 440 704 478 pecora
729 431 764 463 et
795 430 913 462 cetera
938 426 1112 462 victualia
1144 439 1331 476 exponere
1357 428 1396 464 in
1427 433 1570 466 tantum
1599 431 1701 480 quod
1728 431 1781 468 nil
1813 433 1961 482 penitus

422 486 651 531 remanserit,
670 485 771 522 unde
787 485 924 522 servire
941 485 1132 535 aliquibus
1150 490 1215 522 aut
1232 485 1442 523 satisfacere
1461 488 1660 535 valeamus,
1680 502 1765 527 cum
1787 490 1849 527 illa
1867 503 1963 541 quae

423 546 640 583 remansisse
662 544 850 590 videntur,
870 543 916 580 ad
936 543 1242 581 sustentationem
1277 550 1424 582 tenuem
1451 546 1620 584 sufficere
1648 561 1723 585 non
1750 548 1961 587 credantur.

423 606 544 653 Quare
563 603 726 654 plurium
748 602 919 639 dolorum
939 602 1075 639 aculeis
1093 603 1253 640 confossi
1281 603 1320 640 in
1339 603 1481 642 intimis
1494 610 1654 643 vestram
1674 607 1806 644 devote
1829 607 1959 658 implo-

426 677 549 700 ramus
570 661 818 707 clementiam,
843 674 968 711 preces
991 660 1220 698 humillimas
1242 661 1484 710 effundendo,
1510 669 1694 714 quatenus
1712 678 1781 716 pro
1806 666 1964 703 tuitione

426 722 563 772 patriae
587 725 732 757 nostrae
752 719 904 756 meliora
930 732 1176 770 quaecunque
1200 720 1508 770 expenderimus,
1528 735 1595 759 nec
1614 735 1776 773 aequum
1793 724 1964 761 videatur

425 785 487 817 aut
514 783 801 816 consentaneum
828 778 963 815 rationi
987 783 1029 815 ut
1053 792 1207 828 regnum
1233 779 1466 831 impugnanti
1491 786 1683 819 succurrat
1699 795 1829 833 regno,
1847 783 1904 820 vel
1925 796 1964 820 se

423 840 657 891 aliquatenus
675 838 877 875 offendenti
901 838 938 874 in
958 839 1141 888 praesenti
1165 852 1251 875 cum
1280 839 1362 876 aliis
1387 840 1433 877 de
1457 854 1571 891 regno
1590 854 1665 878 non
1684 841 1878 893 patiamini
1897 855 1964 880 nos

425 898 583 944 involvi,
603 897 820 948 praesertim
838 910 923 933 cum
940 896 1011 933 hoc
1029 896 1107 933 fieri
1131 897 1317 948 nequiret,
1333 897 1476 936 etiamsi
1496 903 1736 950 suppeterent
1754 901 1965 949 facultates,

425 957 495 994 nisi
515 956 686 993 universa
699 955 862 992 Ecclesia
880 969 947 1005 per
964 954 992 991 F
995 954 1178 992 landriam
1198 955 1414 1005 hujusmodi
1428 957 1572 994 subiret
1589 971 1701 995 onera
1716 957 1964 1007 decimarum,

427 1029 494 1052 nec
513 1020 615 1052 extra
629 1014 720 1052 alios
735 1014 780 1050 de
794 1013 970 1051 Flandria
983 1014 1187 1064 quicquam
1204 1028 1270 1065 per
1283 1028 1351 1052 nos
1367 1015 1404 1052 in
1421 1016 1632 1066 praemissis
1644 1017 1702 1054 vel
1716 1017 1798 1055 aliis
1812 1022 1966 1069 attemp-

427 1075 493 1111 tari
514 1074 630 1110 valeat
647 1073 788 1124 absque
806 1076 1006 1123 perpetuae
1029 1072 1291 1111 destructionis
1318 1073 1457 1112 offensa
1482 1079 1518 1112 et
1541 1079 1753 1113 nostrorum
1776 1076 1965 1115 eversione

426 1135 591 1171 locorum
612 1132 818 1183 plurimum
837 1131 1082 1169 exhorrenda.

1140 1258 1247 1267 -Qo—

1089 1390 1294 1428 ccxxvii.

467 1513 586 1548 Lem-e
601 1511 751 1548 relative
769 1512 791 1547 ἀ
809 1525 860 1548 un
883 1513 1002 1549 moine
1020 1513 1085 1562 qai
1101 1524 1138 1549 se
1160 1512 1254 1549 rend
1276 1514 1298 1549 ἀ
1318 1513 1431 1549 Paris
1446 1524 1544 1561 pour
1560 1525 1584 1561 y
1602 1512 1702 1561 faire
1719 1524 1775 1549 ses
1793 1512 1926 1550 eludes.

475 1708 567 1742 (jum
594 1719 660 1743 nos
685 1708 792 1743 talem
822 1707 1048 1744 monachum
1076 1712 1245 1744 nostrum
1265 1721 1373 1745 causa
1393 1707 1608 1744 addiscendi
1628 1706 1792 1744 Parisius
1815 1706 1967 1742 duxeri-

426 1779 508 1802 mus
528 1765 853 1802 transmittendum
876 1771 918 1802 ut
935 1766 981 1803 de
999 1767 1099 1803 sonte
1117 1766 1320 1817 sapientiae
1339 1767 1508 1803 salutaris
1527 1765 1661 1816 pocula
1676 1765 1772 1802 vitae
1792 1765 1863 1802 sibi
1880 1777 1967 1801 ven·

427 1824 523 1861 dicet
541 1830 574 1861 et
594 1824 776 1875 acquirat,
801 1825 923 1875 ipsum
950 1825 1202 1862 sanctissimae
1228 1825 1418 1862 dilectioni
1440 1830 1582 1862 vestrae
1609 1825 1646 1861 in
1673 1824 1836 1861 Domino
1863 1837 1967 1860 com-

429 1883 665 1929 mendamus,
685 1883 893 1921 affectuosis
912 1884 1085 1934 precibus
1103 1897 1168 1921 vos
1191 1889 1361 1934 rogantes
1379 1888 1564 1935 quatenus
1582 1883 1771 1929 eumdem,
1791 1882 1821 1920 si
1841 1882 1968 1919 leviter

429 1955 466 1978 sc
492 1946 677 1991 gerentem
704 1942 871 1979 videritis
895 1943 951 1979 vel
977 1943 1101 1979 studio
1128 1943 1253 1980 minus
1280 1943 1404 1979 debite
1431 1942 1680 1988 insistentem,
1703 1941 1826 1992 virgae
1853 1939 1967 1990 patris

428 2013 539 2050 quam
561 2000 697 2036 talibus
716 2000 893 2037 adhibere
911 2002 1101 2048 convenit,
1119 2015 1192 2038 non
1209 2001 1378 2052 parcatis,
1397 2002 1519 2052 ipsum
1538 2001 1617 2038 zelo
1633 2000 1699 2037 Dei
1719 2004 1755 2036 et
1769 1998 1913 2036 ordinis
1929 1997 1967 2035 in

428 2058 632 2095 visceribus
654 2059 814 2095 caritatis
838 2059 1009 2096 benivole
1027 2060 1263 2109 corrigentes.
