2184 3074
744 343 902 382 CODEX
931 344 1177 384 DUNENSlS.
1653 352 1725 389 555

193 462 321 496 contra
341 457 515 495 facientes
539 458 934 496 excommunicationis
952 460 1102 497 vinculo
1128 461 1351 499 innodamus
1369 468 1404 499 et
1423 463 1686 501 denuntiamus
1705 479 1723 500 a

192 530 334 555 canone
364 517 716 555 excommunicatos.
750 519 860 565 ltem,
891 532 976 558 cum
1009 520 1179 557 nonnulli
1213 520 1363 559 abbates
1393 521 1608 573 hujusmodi
1637 536 1724 574 pro·

192 575 336 613 vinciae
362 575 458 613 inter
481 588 519 613 se
543 575 798 614 ordinaverint
819 582 855 613 et
877 577 1210 628 conspirationem,
1237 583 1278 615 ut
1304 579 1430 633 fertur,
1451 581 1604 618 fecerint
1620 581 1721 632 quod

127 663 130 667 .
191 634 222 674 si
241 634 431 686 contingat
452 634 615 686 aliquem
637 635 854 686 episcopum
877 641 1004 675 contra
1030 636 1201 674 abbatem
1226 637 1388 689 aliquem
1409 638 1500 675 velle
1525 639 1723 690 procedere

191 693 264 733 sibi
282 692 564 748 subditum—pro
585 693 662 732 suis
680 694 892 732 excessibus
915 695 971 732 vel
997 694 1087 732 alias
1110 695 1363 746 puniendum,
1390 698 1491 749 quod
1518 697 1563 734 ad
1591 697 1722 735 defen-

152 768 157 774 ·
190 753 334 791 sionem
352 751 519 803 ejusdem
535 752 774 790 contribuent
787 758 822 790 et
836 754 882 791 ad
896 759 1066 804 sumptus
1081 767 1293 793 communes
1308 756 1477 794 omnium
1492 756 1722 801 defendetur,

191 811 293 864 quod
313 824 389 849 non
408 815 462 849 est
480 811 639 848 dubium
659 812 737 849 sore
755 812 982 849 contrarium
994 812 1069 862 juri
1090 814 1145 850 sui
1162 814 1324 864 episcopi
1340 820 1375 852 et
1391 820 1517 852 contra
1529 816 1723 865 juramen-

191 875 271 909 tum
296 883 383 908 suae
414 870 673 921 professionis,
706 884 771 921 per
800 884 913 921 quam
944 884 1012 908 suo
1038 871 1212 922 episcopo
1239 877 1293 910 est
1320 873 1507 918 astrictus,
1534 879 1570 910 et
1596 879 1721 910 contra

189 929 471 968 ecclesiasticam
490 929 714 976 libertatem,
734 930 954 968 mandamus
974 930 1061 967 tales
1079 931 1180 980 quod
1201 930 1290 968 baec
1309 937 1482 969 revocent
1499 932 1593 969 infra
1619 945 1724 969 men-

190 1000 268 1026 sem
286 992 322 1025 et
335 1000 355 1025 a
375 987 514 1027 talibus
532 1001 570 1025 se
588 988 813 1034 abstineant,
831 988 998 1039 alioquin
1018 989 1391 1026 excommunicationi
1411 990 1624 1039 subjaceant
1644 990 1725 1041 ipso

189 1047 297 1084 facto.
325 1047 430 1093 Item,
450 1046 552 1097 quod
580 1047 609 1084 si
639 1047 705 1098 qui
735 1047 1045 1084 excommunicati
1070 1047 1219 1097 publice
1243 1048 1442 1085 sententias
1467 1050 1725 1086 excommuni-

189 1104 345 1143 cationis
363 1117 430 1156 per
447 1105 643 1142 biennium
668 1110 705 1142 et
725 1105 886 1156 amplius
908 1106 1033 1142 animo
1059 1106 1302 1144 sustinuerint
1326 1106 1518 1151 indurato,
1547 1113 1725 1144 vocentur

189 1164 237 1202 ad
251 1164 467 1216 proximum
487 1164 690 1202 concilium
710 1169 887 1215 tanquam
907 1164 1065 1215 suspecti
1085 1164 1131 1201 de
1149 1164 1304 1210 haeresi,
1319 1171 1354 1202 et
1368 1165 1405 1202 in
1420 1166 1549 1203 eodem
1565 1165 1724 1203 concilio

190 1228 319 1262 contra
338 1224 448 1270 tales,
466 1228 508 1261 ut
521 1223 666 1274 justum
686 1224 814 1269 fuerit,
831 1223 1064 1274 procedatur.

211 1307 213 1309 ·
239 1282 344 1331 Quae
360 1282 486 1321 omnia
504 1281 621 1332 redigi
641 1282 795 1320 fecimus
815 1282 852 1318 in
874 1281 1019 1332 scriptis
1045 1286 1081 1318 et
1108 1282 1145 1318 in
1176 1282 1256 1332 ipso
1283 1281 1441 1318 concilio
1468 1282 1722 1332 sollempniter

124 1342 130 1350 ⁴
189 1337 436 1393 promulgari,
466 1340 736 1392 praecipientes
762 1340 968 1378 dictrictius
995 1344 1030 1377 et
1059 1340 1274 1377 mandantes
1298 1339 1514 1377 auctoritate
1544 1340 1720 1390 praedicti

189 1400 338 1438 concilii
364 1398 548 1437 universis
572 1403 609 1437 et
634 1399 790 1450 singulis
815 1398 1030 1449 provinciae
1056 1397 1247 1436 Remensis
1273 1402 1455 1448 quatenus
1481 1410 1576 1449 quae
1603 1398 1723 1435 taliter

189 1472 258 1512 pro
276 1459 493 1497 defensione
511 1458 692 1496 libertatis
710 1458 975 1496 ecclesiasticae
997 1462 1033 1495 et
1056 1457 1219 1508 ipsarum
1242 1455 1479 1494 ecclesiarum
1504 1460 1601 1493 statu
1620 1456 1722 1507 paci·

191 1515 263 1556 fico
290 1517 468 1556 duximus
499 1516 730 1562 ordinanda,
754 1522 867 1566 prout
894 1516 1064 1567 superius
1090 1515 1315 1561 continetur,
1342 1519 1487 1551 servent
1515 1518 1550 1551 et
1577 1517 1723 1551 teneant

189 1577 342 1616 illibata.
362 1576 404 1614 ln
428 1570 591 1628 quorum
618 1576 873 1614 testimonium
898 1579 934 1613 et
959 1574 1150 1612 munimen
1170 1573 1331 1624 sigillum
1352 1576 1519 1610 nostrum
1538 1569 1610 1609 una'
1635 1584 1719 1609 cum

189 1636 320 1688 sigillis
339 1635 590 1687 praesentium
609 1634 927 1687 suffraganeorum
948 1638 1159 1671 nostrorum
1180 1631 1435 1683 praesentibus
1457 1630 1634 1668 duximus
1655 1643 1721 1681 ap·

151 1695 159 1701 ”
190 1694 420 1746 ponendum.
451 1693 498 1731 Et
529 1706 596 1731 nos
625 1693 668 1731 G.
701 1692 994 1738 Suessionensis,
1025 1692 1069 1728 G.
1098 1689 1372 1735 Laudunensis,
1401 1689 1436 1726 S.
1469 1689 1719 1726 Belvacensis.

188 1753 222 1808 J«.
241 1752 539 1807 Catbalanensis,
557 1752 601 1789 G.
623 1752 890 1790 Attrebatensis
908 1756 943 1788 et
961 1750 1004 1787 G.
1025 1748 1284 1787 Ambianensis
1302 1747 1464 1798 episcopi
1491 1747 1609 1797 sigilla
1634 1759 1721 1783 nos-

188 1816 245 1850 tra
259 1825 332 1850 una
347 1824 431 1849 cum
447 1811 570 1862 sigillo
586 1811 762 1863 praedicti
778 1810 968 1848 reverendi
985 1809 1098 1861 patris
1114 1809 1150 1845 in
1166 1807 1418 1845 testimonium
1434 1806 1719 1857 praemissorum

188 1870 366 1909 duximus
385 1870 617 1922 apponenda.
637 1871 774 1908 Datum
792 1882 890 1907 anno
909 1874 944 1906 et
962 1868 1022 1905 die
1041 1866 1212 1905 mercurii
1232 1865 1463 1916 supradictis.
