2184 3074
766 272 926 310 CODEX
955 272 1200 311 DUNENSIS.
1729 280 1752 315 5

215 403 311 442 quae
336 390 462 436 nobis,
485 390 709 427 monasterio
736 393 862 450 nostro
887 402 951 426 seu
973 390 1248 427 successoribus
1272 392 1408 428 nostris
1440 392 1478 428 in
1509 393 1637 444 aliquo
1666 406 1753 444 pos-

214 454 297 487 sent
322 449 496 500 prodesse
521 453 557 487 et
579 448 679 487 dicto
703 448 838 486 clerico
863 448 993 486 obesse
1015 448 1053 486 in
1073 449 1296 499 praemissis.
1321 450 1362 488 In
1381 451 1489 501 cujus
1513 451 1563 488 rei
1587 452 1755 490 testimo-

216 507 340 554 nium,
363 512 430 545 etc.

930 594 1039 606 “O-—

210 857 392 908 L’official
407 856 606 894 d’Orleans
621 856 694 907 fait
709 858 898 894 connailre
922 855 1027 893 l’avis
1049 855 1093 893 de
1112 855 1303 905 plusieurs
1322 857 1488 895 docleurs
1506 858 1550 895 de
1567 864 1651 896 celle
1668 858 1752 895 ville

507 927 577 953 sur
600 915 760 952 diverses
785 915 968 965 questions
994 914 1162 952 relatives
1189 926 1267 952 aux
1293 915 1410 953 dimea
1428 918 1452 953 ⁸.

261 1111 486 1150 Reverendis
500 1110 669 1162 patribus
683 1110 836 1147 domino
850 1110 1096 1155 Cisterciensi,
1111 1111 1266 1162 ejusque
1280 1112 1524 1149 coabbatibus
1540 1112 1577 1148 in
1591 1111 1750 1162 generali

210 1169 375 1221 capitulo
392 1170 622 1221 congregatis
641 1169 809 1207 officialis
829 1169 954 1206 curiae
972 1170 1265 1217 Aurelianensis,
1285 1171 1458 1217 salutem,
1471 1175 1538 1207 etc.

260 1228 317 1266 Ad
335 1228 644 1280 supplicationem
662 1228 818 1266 Walteri
846 1228 1043 1275 Liebards,
1071 1229 1253 1266 scolastici
1282 1229 1573 1274 Aurelianensis,
1602 1229 1753 1265 consul-

211 1287 387 1324 tationem
415 1287 582 1325 facientis
612 1300 724 1338 super
754 1287 1037 1338 quaestionibus
1065 1287 1328 1338 infrascriptis,
1360 1287 1584 1324 reverentiae
1613 1292 1753 1324 vestrae

209 1346 462 1397 significamus
483 1345 586 1397 quod
611 1358 677 1383 nos
699 1345 746 1382 dc
768 1346 924 1383 consilio
948 1346 1143 1384 doctorum
1169 1346 1492 1383 Aurelianensium
1514 1345 1610 1395 juris
1634 1345 1752 1382 civilis

209 1410 246 1442 et
263 1405 450 1452 canonici,
473 1405 646 1442 videlicet
663 1404 903 1442 dominorum
928 1404 1098 1442 Nicholai
1120 1404 1166 1442 de
1191 1405 1395 1456 Bapalmis,
1418 1404 1561 1441 domini
1585 1404 1682 1441 Petri
1707 1405 1752 1441 d«-

210 1463 309 1501 Bella
336 1463 478 1500 Pertica
501 1476 543 1500 ac
565 1462 709 1500 domini
733 1463 902 1501 Nicholai
929 1463 1017 1500 dicti
1042 1463 1172 1509 Bullo,
1191 1463 1313 1514 legum
1333 1463 1527 1500 doctorum
1552 1462 1750 1513 legentium

211 1524 248 1561 in
267 1522 470 1574 praesenti,
496 1522 650 1573 insuper
668 1526 704 1559 et
722 1522 887 1573 magistri
906 1521 1106 1569 Willclmi,
1126 1522 1289 1559 doctoris
1308 1522 1345 1558 in
1364 1521 1535 1567 decretis,
1554 1521 1599 1558 ad
1617 1534 1752 1571 quaes-

210 1581 348 1619 tionem
368 1580 598 1632 propositam
621 1594 734 1631 super
757 1580 946 1617 intellectu
969 1580 1154 1631 privilegii
1178 1594 1291 1631 super
1313 1580 1509 1617 novalibus
1528 1579 1651 1617 ordini
1672 1579 1752 1616 Cis—

211 1640 379 1678 terciensi
399 1640 583 1686 concessi,
603 1640 774 1677 videlicet
794 1645 834 1677 ut
857 1640 893 1677 in
922 1640 1129 1690 parrochiis
1152 1640 1224 1677 illis
1253 1640 1291 1677 in
1315 1639 1454 1691 quibus
1482 1638 1588 1675 vobis
1613 1643 1751 1675 veteres

209 1699 374 1736 decimae
387 1704 474 1736 sunt
488 1711 694 1746 concessae,
711 1699 900 1736 novalium
916 1712 1068 1750 quoque
1083 1698 1244 1736 decimas
1258 1698 1304 1736 dc
1318 1698 1458 1749 quibus
1473 1697 1608 1749 aliquis
1627 1697 1751 1734 hacte-

211 1771 280 1796 nus
301 1771 374 1795 non
395 1757 561 1809 percepit
579 1771 647 1808 pro
663 1759 835 1808 portione
849 1772 923 1809 qua
938 1762 1076 1795 veteres
1092 1771 1157 1795 vos
1173 1757 1369 1809 contigunt
1384 1757 1573 1808 percipere
1586 1756 1750 1793 valeatis.

209 1817 477 1869 respondemus
495 1816 598 1868 quod
618 1817 796 1853 terminos
818 1816 1036 1867 parrochiae
1058 1817 1319 1867 complectitur
1339 1820 1375 1853 et
1397 1815 1499 1866 quod
1524 1814 1560 1850 in
1584 1814 1750 1850 terminis

210 1875 428 1928 parrochiae
447 1874 654 1912 seeundum
670 1875 826 1912 sormam
843 1874 1046 1926 privilegii,
1067 1875 1176 1911 etiam
1201 1888 1275 1912 non
1299 1874 1468 1912 obstante
1489 1872 1751 1909 constitutione

211 1934 477 1990 Alexandrina,
495 1933 667 1971 vendicat
684 1934 755 1971 sibi
776 1934 911 1971 locum.
929 1934 1018 1971 Item
1037 1933 1139 1984 quod
1158 1933 1323 1970 decimae
1340 1938 1495 1978 veteres,
1513 1944 1605 1982 quas
1623 1931 1749 1968 vasalli

210 1993 423 2032 monasterii
444 1992 670 2044 percipiunt,
691 1993 909 2043 contingant
926 1993 1049 2044 ipsum
1065 1993 1348 2038 monasterium,
1363 1992 1412 2028 ita
1427 1991 1529 2042 quod
1543 1990 1748 2027 secundum

210 2054 366 2091 formam
392 2052 577 2103 privilegii
603 2052 736 2089 debeat
763 2052 1028 2089 monasterium
1056 2051 1193 2089 habere
1215 2051 1277 2101 jus
1306 2051 1343 2088 in
1371 2049 1566 2087 novalibus
1593 2062 1661 2099 pro
1688 2048 1747 2086 illa

209 2116 312 2162 parte
327 2124 390 2148 seu
409 2111 591 2162 portione.

257 2171 312 2208 De
330 2170 436 2207 tertia
454 2170 671 2221 quaestione
688 2183 735 2207 an
757 2170 963 2208 secundum
985 2168 1293 2207 consuetudinem
1323 2167 1410 2209 loci,
1430 2167 1466 2203 in
1496 2180 1569 2217 qua
1593 2166 1750 2203 liabetur

208 2229 347 2267 mixtus
366 2242 567 2266 consensus
585 2230 835 2280 praelatorum
852 2234 887 2266 et
908 2229 1099 2278 laycorum
1111 2257 1119 2272 ,
1140 2231 1234 2265 terra
1255 2231 1359 2264 vetus
1379 2239 1398 2263 a
1419 2239 1514 2262 nova
1533 2229 1568 2262 et
1585 2225 1750 2262 decima«-

249 2360 257 2374 ¹
280 2358 300 2386 ΙΙ
316 2361 356 2384 cst
375 2357 388 2384 a
408 2366 566 2392 rcmarquer
583 2366 634 2392 que
653 2359 707 2384 l’un
725 2358 758 2384 de
771 2366 814 2384 ccs
828 2359 952 2384 doctcurs
1004 2358 1027 2383 lc
1042 2357 1087 2383 Bel
1102 2360 1128 2383 ct
1143 2360 1239 2383 auteur
1252 2357 1285 2382 dc
1303 2356 1437 2391 plusieurs
1458 2354 1549 2382 {raites
1565 2355 1598 2381 dc
1614 2355 1683 2381 ‹lroit
1701 2357 1746 2390 qui

209 2409 248 2432 cst
262 2404 353 2431 Pierre
366 2404 399 2430 de
414 2403 601 2438 Belleperclic,
615 2405 755 2431 conseiller
771 2404 804 2431 dc
824 2404 948 2440 Philippo
1003 2407 1063 2430 sont
1077 2411 1210 2439 parvcnus
1222 2401 1327 2437 jusqu'ii
1343 2411 1418 2429 nous.
