2184 3074
755 322 916 360 CODEX
943 321 1186 360 DUNENSlS.
1665 323 1730 359 157

197 444 295 482 obici
316 445 374 481 vel
393 443 552 495 proponi
575 446 701 480 contra
721 454 893 492 praesens
913 441 1200 478 instrumentum
1221 440 1276 476 vel
1301 440 1437 476 sactum
1458 440 1495 476 in
1516 453 1558 476 eo
1577 444 1731 476 conten-

200 507 296 548 tum,
314 507 377 539 aut
401 514 497 552 quae
524 503 720 552 proterunt
743 499 780 536 in
803 499 989 536 dictorum
1009 528 1016 535 .
1036 527 1043 535 .
1065 527 1071 534 .
1094 527 1100 533 .
1119 503 1156 535 et
1174 527 1181 535 .
1203 528 1208 534 .
1231 527 1237 534 .
1259 527 1266 534 .
1285 497 1331 534 de
1355 502 1497 535 caetero
1522 497 1731 535 redundare

197 560 419 611 dampnum,
437 558 709 611 praejudicium
734 563 798 595 aut
817 570 1033 609 gravamen,
1056 561 1257 594 asserentes
1279 556 1317 593 in
1336 556 1387 593 rei
1409 556 1561 593 veritate
1584 570 1659 593 rem
1681 557 1728 593 ita

197 632 275 658 esse
297 624 334 656 et
361 632 436 657 non
456 618 578 663 aliter,
596 618 692 656 sicut
706 617 743 654 in
758 617 940 668 praesenti
956 620 1053 653 carta
1075 616 1121 652 de
1142 616 1255 669 verbo
1272 616 1317 652 ad
1337 616 1490 652 verbum
1507 615 1726 652 continetur.

247 679 351 716 Hanc
380 683 502 716 autem
535 677 817 715 conventionem
849 681 886 713 et
914 680 1143 713 contractum
1178 675 1444 726 promittimus,
1476 679 1511 712 et
1540 674 1663 711 omnia
1694 679 1730 711 et

195 737 339 788 singula
358 750 454 788 quae
472 736 509 772 in
529 735 710 787 praesenti
730 740 827 772 carta
851 740 938 772 sunt
956 747 1127 784 expressa
1150 739 1186 770 et
1208 733 1331 770 valent
1354 732 1638 783 comprehendi,
1661 745 1728 770 nos

195 809 323 834 omnes
341 799 376 832 et
394 795 559 846 singulos
573 795 629 831 vel
644 794 850 845 quemlibet
865 797 1031 830 nostrum
1049 793 1086 829 in
1101 792 1262 829 solidum
1277 792 1347 828 sub
1357 790 1578 841 juramentis
1593 790 1727 828 nostris

191 858 227 892 et
241 854 351 892 etiam
366 853 436 891 sub
452 852 628 890 fidelitate
642 853 679 889 in
693 866 767 903 qua
786 856 955 889 tenemur
967 851 1121 888 domino
1137 856 1261 887 nostro
1277 855 1422 887 terreno
1436 849 1585 895 illustri,
1601 854 1725 886 tenere

193 911 458 950 inviolabiliter
473 915 509 948 et
525 924 687 957 servare,
706 910 808 947 omni
828 923 915 947 casu
937 909 1189 960 contingente,
1207 908 1412 946 secundum
1442 907 1543 958 quod
1563 907 1599 943 in
1620 919 1727 957 prae-

192 971 289 1008 dicta
315 975 413 1007 carta
442 969 488 1006 de
519 970 632 1006 verbo
665 969 710 1006 ad
737 969 892 1006 verbum
925 968 1136 1004 continetur
1161 968 1216 1004 vel
1245 966 1509 1017 comprehendi
1541 965 1656 1015 possit
1680 979 1725 1002 ex

191 1030 328 1067 eadem.
349 1030 437 1066 Post
453 1029 644 1066 decessum
669 1041 757 1065 vero
781 1027 965 1064 dictorum
986 1056 993 1063 .
1015 1056 1022 1063 .
1044 1056 1051 1063 .
1071 1056 1077 1062 .
1098 1032 1134 1062 et
1152 1055 1158 1062 .
1181 1055 1188 1063 .
1211 1055 1218 1062 .
1238 1056 1245 1062 .
1267 1026 1313 1062 ab
1341 1025 1408 1062 liae
1433 1024 1534 1061 totali
1561 1038 1725 1061 conven—

192 1089 292 1126 tione
319 1093 354 1126 et
385 1088 474 1125 dieti
500 1082 666 1125 redditus
693 1087 876 1125 solutione
900 1086 994 1137 quiti
1023 1091 1059 1123 et
1088 1085 1193 1122 liberi
1220 1084 1493 1122 remanebimus
1521 1083 1667 1133 penitus
1691 1087 1727 1119 et

192 1148 394 1194 immunes,
413 1147 502 1184 dum
523 1151 645 1184 tamen
661 1146 739 1196 ipsa
754 1145 950 1182 conventio
964 1157 983 1181 a
1002 1144 1108 1181 nobis
1122 1148 1158 1180 et
1173 1143 1306 1180 nostris
1329 1141 1602 1180 successoribus
1617 1140 1726 1177 fuerit

192 1206 348 1243 firmiter
368 1205 566 1256 adimpleta
585 1210 620 1241 et
638 1204 759 1241 dictus
779 1203 945 1241 redditus
964 1203 1105 1253 integre
1123 1202 1343 1252 persolutus.

904 1328 1010 1338 ⁴0-—

914 1470 1002 1508 cvl.

188 1588 429 1626 Proteseation
445 1588 609 1625 adres-sec
623 1602 673 1625 au
686 1588 908 1637 Saim-Sie'qe
917 1600 994 1636 par
1002 1587 1033 1624 le
1042 1599 1250 1636 procureur
1259 1586 1320 1622 des
1336 1586 1515 1635 reliqa‘eux
1529 1584 1572 1620 de
1586 1582 1722 1620 l'ordre

262 1647 306 1684 de
325 1648 478 1684 Citeauoe
495 1653 616 1684 contre
634 1646 683 1696 les
702 1652 803 1682 lances
821 1645 1014 1682 re'clame'es
1028 1657 1104 1694 par
1123 1644 1264 1688 Robore,
1285 1649 1394 1680 comte
1412 1643 1454 1679 dc
1474 1642 1646 1679 Flandre.

239 1836 279 1873 ln
300 1837 451 1874 nomine
470 1837 637 1883 Domini7
657 1851 775 1874 amen.

237 1896 329 1932 Cum
354 1896 536 1933 excellens
557 1900 592 1932 et
610 1896 745 1933 nobilis
767 1895 939 1946 princeps
958 1895 1133 1931 dominus
1155 1893 1354 1937 Robertus‚
1373 1892 1439 1928 Dei
1465 1890 1579 1940 gratia
1598 1902 1719 1926 comes

187 1957 222 1989 et
245 1953 457 2003 temporalis
483 1946 657 1991 doininus
685 1954 896 1998 Flendriae„
922 1953 1061 1989 nullam
1086 1956 1301 2002 potestatem
1327 1950 1466 1986 habens
1496 1960 1720 1998 quacunque

187 2012 404 2048 auctoritate
429 2012 654 2049 ordinariam
675 2013 751 2049 sive
774 2013 976 2062 delegatam
1003 2011 1191 2060 religiosos
1210 2010 1308 2046 viros
1323 2039 1330 2046 .
1347 2038 1353 2044 .
1375 2038 1380 2043 .
1400 2037 1406 2044 .
1426 2007 1568 2043 ordinis
1583 2006 1719 2042 Cister-

187 2067 319 2106 ciensis
339 2082 401 2106 seu
420 2083 548 2106 eorum
569 2070 666 2107 bona
687 2070 868 2115 talliantli7
889 2069 1106 2106 collectandi
1126 2074 1161 2104 et
1181 2067 1408 2104 exactionem
1428 2070 1491 2101 aut
1509 2064 1717 2101 subsidium

186 2125 338 2176 aliquod
354 2127 405 2164 eis
417 2127 543 2166 invitis
553 2129 610 2165 vel
622 2142 750 2165 eorum
761 2128 868 2165 bonis
880 2126 1112 2177 imponendi,
1124 2126 1178 2162 vel
1191 2125 1337 2162 eosdem
1349 2124 1393 2160 ad
1406 2121 1717 2159 contribuendum

185 2197 298 2234 super
316 2186 526 2235 praemissis
545 2187 753 2233 coartandi⁷
770 2186 930 2223 maxime
950 2199 1033 2222 cum
1054 2185 1118 2221 toti
1138 2182 1368 2220 Cisteroiensi
1389 2181 1510 2218 ordini
1532 2179 1718 2230 praedicto

185 2244 394 2293 specialiter
407 2259 426 2282 a
446 2246 540 2283 Sede
558 2247 768 2297 Apostolica
790 2246 837 2283 sit
860 2246 1047 2282 indultum
1066 2243 1167 2294 quod
1187 2257 1205 2279 a
1222 2241 1455 2293 principibus
1474 2254 1538 2277 seu
1557 2238 1719 2275 dominis

185 2303 453 2352 temporalibus
480 2304 784 2355 quibuscunque,
808 2316 1033 2355 quacunque
1059 2302 1200 2338 ratione
1225 2301 1281 2336 vel
1308 2313 1432 2342 causa,
1457 2298 1557 2334 nulla
1582 2297 1720 2334 exactio

185 2359 243 2396 vel
273 2360 372 2397 tallia
397 2361 572 2399 fratribus
595 2362 684 2398 dicti
705 2362 847 2399 ordinis
876 2362 1090 2410 imponatur
1115 2373 1178 2396 seu
1205 2358 1373 2408 exigatur
1392 2357 1438 2393 ab
1456 2356 1523 2397 eis,
1543 2361 1578 2392 et
1598 2355 1720 2391 dictus

186 2417 363 2455 dominus
383 2432 505 2456 eomes
527 2425 663 2457 asserat
680 2420 750 2456 sibi
772 2433 790 2456 a
809 2420 907 2456 clero
926 2418 981 2456 sui
1002 2417 1198 2454 comitatus
1220 2416 1421 2466 quamdam
1438 2413 1717 2465 praestationem
