2184 3074
432 341 481 378 84
981 336 1143 374 CODEX
1168 336 1373 374 DUNENSl
1379 335 1415 372 S.

1158 511 1252 549 LXl.

435 633 565 672 Robert
590 635 633 672 de
657 635 879 683 Courtenay,
907 631 1128 682 archeveque
1152 630 1196 668 de
1218 631 1356 675 Raima,
1379 642 1542 667 annonce
1567 641 1637 680 que
1664 628 1696 666 le
1722 628 1858 666 concile
1877 641 1972 679 pro-

482 692 622 729 vincial
645 693 687 729 de
711 691 831 729 Senlis
858 704 882 728 a
903 690 1068 728 ordonne'
1089 689 1151 726 des
1172 690 1317 738 prieres
1338 688 1361 725 ὰ
1383 687 1574 725 l'occasion
1597 686 1641 724 de
1666 686 1903 724 l’avenemem
1927 687 1972 725 de

485 749 643 787 Cle'mem
659 750 705 787 V.

480 934 682 978 Robertus,
701 931 955 969 misericordia
973 931 1100 968 divina
1125 930 1318 968 Remensis
1339 929 1661 980 archiepiscopus,
1685 930 1869 968 universis
1889 931 1971 969 suf-

433 992 631 1043 fraganeis,
649 990 865 1037 abbatibus,
883 990 1091 1041 prioribus,
1110 989 1283 1040 capitulis
1301 1001 1343 1025 ac
1357 988 1509 1025 caeteris
1526 988 1695 1038 personis
1713 988 1970 1027 ecclesiasticis

433 1054 471 1090 in
488 1057 612 1090 nostra
631 1051 823 1102 provincia
842 1050 1072 1096 constitutis,
1089 1050 1245 1087 salutem
1265 1049 1304 1086 in
1323 1049 1376 1086 Eo
1394 1049 1460 1099 qui
1479 1054 1533 1086 est
1555 1049 1726 1086 omnium
1748 1062 1834 1087 vera
1858 1049 1969 1088 salus.

481 1111 574 1149 Cum
589 1114 754 1147 creatura
769 1122 844 1146 non
861 1109 995 1146 habeat
1006 1108 1099 1159 quid
1115 1120 1183 1159 pro
1198 1107 1339 1145 meritis
1352 1107 1573 1158 respondeat
1587 1107 1764 1151 Creatori,
1779 1108 1850 1145 nisi
1865 1107 1970 1159 quod

431 1170 581 1206 calicem
607 1168 777 1206 salutaris
799 1167 956 1218 accipiat
973 1172 1010 1204 et
1026 1180 1165 1204 nomen
1183 1166 1336 1218 Domini
1356 1165 1521 1212 invocet,
1541 1170 1583 1202 ut
1603 1166 1856 1204 benefactores
1882 1179 1969 1204 suos

432 1229 470 1265 in
490 1227 628 1265 divinis
646 1227 779 1264 officiis
797 1226 1016 1264 constitutos
1037 1226 1075 1262 in
1094 1238 1163 1263 suo
1181 1224 1304 1262 officio
1322 1224 1539 1262 corroboret
1555 1228 1592 1261 et
1609 1229 1821 1271 conservet,
1838 1238 1968 1262 verum

431 1300 515 1324 cum
532 1299 653 1336 nuper
666 1298 752 1321 cum
767 1284 994 1335 quibusdam
1011 1283 1252 1334 suffraganeis
1267 1282 1402 1320 nostris
1417 1281 1517 1333 apud
1532 1281 1784 1319 Silvanectum
1798 1295 1867 1333 pro
1881 1282 1971 1334 qui-

431 1344 588 1382 busdam
604 1343 761 1394 negotiis
777 1342 913 1380 nostris
927 1343 1066 1393 pariter
1079 1354 1242 1379 essemus
1256 1341 1467 1391 congregati
1477 1369 1487 1387 ,
1501 1340 1779 1378 considerantes
1793 1354 1921 1379 curam
1935 1346 1972 1379 et

431 1402 721 1440 sollicitudinem
740 1414 853 1452 quam
874 1399 1129 1438 sanctissimus
1147 1403 1252 1450 pater
1270 1403 1396 1436 noster
1413 1398 1589 1435 dominus
1607 1398 1777 1436 Clemens
1794 1399 1890 1449 gerit
1901 1411 1971 1450 pro

431 1466 527 1499 statu
546 1472 725 1511 prospero
743 1463 779 1495 et
795 1458 923 1509 quieto
941 1458 1203 1496 universorum
1222 1456 1492 1494 catholicorum
1511 1469 1579 1494 suo
1597 1456 1779 1507 regimine
1793 1457 1971 1494 commis-

431 1532 578 1565 sorum,
598 1518 803 1556 retribuere
821 1518 900 1554 Deo
917 1517 1128 1554 affectantes
1151 1528 1219 1566 pro
1247 1520 1350 1553 tanto
1376 1528 1532 1552 munere
1554 1528 1629 1552 non
1654 1519 1838 1566 quantum
1857 1515 1972 1553 debe-

433 1579 564 1615 bamus
584 1577 648 1614 sed
667 1579 850 1627 quantum
870 1575 1084 1612 humaniter
1101 1579 1332 1625 poteramus,
1351 1573 1619 1622 deliberatione
1636 1573 1792 1624 provida
1819 1577 1855 1611 et
1880 1587 1972 1611 con-

434 1635 535 1673 cordi
564 1635 667 1672 laetis
693 1633 827 1671 animis
855 1632 1133 1679 ordinavimus,
1159 1645 1225 1669 nos
1247 1631 1294 1669 ad
1319 1631 1391 1669 hoc
1412 1631 1569 1668 firmiter
1595 1631 1820 1682 obligantes,
1838 1636 1882 1669 ut
1902 1645 1972 1683 pro

435 1695 552 1733 salute
574 1707 638 1732 sua
664 1698 700 1730 et
725 1693 771 1730 ad
796 1692 960 1738 laudem,
986 1705 1115 1742 pacem
1147 1696 1182 1728 et
1211 1691 1518 1741 tranquillitatem
1549 1703 1703 1728 suorum
1734 1691 1972 1731 subditorum

433 1753 616 1804 pastorale
633 1752 798 1789 officium
817 1751 930 1788 totius
955 1749 1235 1787 christianitatis
1259 1749 1379 1786 eidem
1402 1749 1642 1786 commissum
1669 1749 1850 1787 diuturno
1879 1755 1974 1788 tem-

434 1825 524 1863 pore
542 1823 667 1862 regere
685 1809 817 1860 possit,
836 1813 871 1846 et
893 1809 932 1845 in
953 1808 1028 1845 tine
1050 1821 1136 1845 cum
1163 1807 1310 1845 Christo
1327 1807 1484 1858 gloriam
1509 1807 1674 1858 recipere
1692 1808 1972 1859 sempiternam,

435 1870 538 1922 quod
554 1883 574 1906 a
588 1868 745 1918 singulis
759 1867 1015 1905 sacerdotibus
1030 1866 1221 1904 civitatum
1232 1870 1274 1912 vet
1286 1866 1442 1903 diocesis
1457 1866 1570 1903 totius
1584 1866 1798 1916 provinciae
1812 1867 1974 1904 Remen-

437 1929 485 1966 sis
504 1933 576 1965 tres
595 1928 741 1974 missae,
760 1927 836 1964 duo
858 1927 904 1963 de
927 1927 1061 1965 Sancto
1079 1926 1222 1977 Spiritu
1239 1930 1276 1963 et
1292 1926 1363 1962 alia
1381 1926 1426 1962 de
1441 1926 1552 1962 Beata
1571 1925 1740 1976 Virgine,
1759 1939 1858 1963 anno
1876 1940 1974 1978 quo-

438 1987 528 2024 libet
545 1987 790 2032 celebrentur,
811 1990 846 2022 et
863 1985 1089 2022 celebrantes
1111 1984 1247 2021 cotidie
1267 1984 1314 2020 de
1333 1984 1413 2034 ipso
1435 1983 1652 2020 memoriam
1674 1983 1810 2021 faciant
1830 1985 1974 2035 specia-

438 2046 527 2092 lem,
545 2058 587 2082 ac
608 2044 818 2095 praedictus
840 2047 944 2094 pater
962 2042 1236 2088 sanctissimus,
1258 2055 1343 2078 cum
1366 2042 1567 2092 praemissa
1585 2054 1653 2092 per
1669 2041 1848 2079 discretos
1874 2043 1974 2081 viros

438 2105 527 2141 tales
550 2104 689 2141 suerint
709 2103 829 2140 eidem
850 2107 1099 2154 praesentata,
1132 2115 1217 2139 cum
1248 2102 1450 2153 gratiarum
1481 2101 1641 2147 actione,
1671 2114 1747 2138 non
1778 2101 1976 2140 immemor

439 2163 608 2200 beneficii
623 2162 779 2213 accepti,
793 2163 932 2213 recepit
941 2162 1132 2199 humiliter
1145 2166 1180 2198 et
1192 2162 1334 2198 devote.
1351 2161 1425 2198 Nos
1439 2174 1484 2198 ex
1497 2160 1695 2197 devotione
1710 2160 1827 2210 ipsius
1842 2161 1975 2199 fortius

442 2222 603 2268 excitati,
633 2235 699 2259 vos
732 2222 926 2259 universos
953 2226 988 2258 et
1015 2221 1182 2272 singulos
1213 2225 1365 2272 paterna
1395 2219 1648 2257 sollicitudine
1678 2219 1904 2269 requirimus
1939 2225 1976 2258 et:

441 2282 645 2327 hortamur,
671 2295 755 2318 cum
780 2294 855 2318 non
879 2282 1006 2318 deceat
1030 2295 1049 2318 a
1075 2281 1196 2332 capite
1213 2280 1381 2318 membra
1402 2279 1587 2326 recedere,
1614 2283 1650 2316 et
1673 2292 1759 2329 pars
1781 2279 1830 2316 sit
1857 2281 1975 2331 turpis

442 2352 509 2377 suo
530 2352 605 2375 non
628 2351 836 2389 congruens
856 2339 1051 2386 universo,
1072 2344 1114 2376 ut
1131 2339 1337 2377 secundum
1355 2338 1583 2389 praedictam
1605 2337 1878 2374 ordinationem
1899 2341 1974 2375 tam

441 2410 643 2448 congruam
659 2401 694 2434 et
711 2397 902 2435 honestam
919 2398 1039 2435 velitis
1058 2411 1126 2448 pro
1145 2398 1226 2448 ipso
1244 2410 1406 2434 unacum
1421 2396 1609 2447 praedicta
1629 2395 1806 2432 memoria
1825 2396 1975 2445 speciali

442 2460 514 2493 tres
542 2455 747 2505 praedictas
772 2456 902 2493 missas
927 2469 1026 2493 anno
1053 2457 1222 2506 quolibet
1244 2456 1450 2502 celebrare,
1481 2459 1627 2499 tantum
1661 2453 1835 2491 facientes
1861 2459 1904 2491 ut
1928 2454 1976 2491 ad
