2184 3074
760 252 922 290 CODEX
949 253 1196 291 DUNENSlS.
1671 258 1743 295 559

204 369 380 413 videlicet
389 369 486 407 idem
503 369 716 413 Willelmus
730 369 852 407 virum
872 368 1087 419 religiosum
1105 369 1277 407 abbatem
1295 370 1342 407 de
1359 370 1526 417 Thosan,
1545 371 1742 410 dominum

198 426 437 466 ‘willelmum
463 427 605 464 dictum
629 427 738 478 Grip,
764 426 987 464 canonicum
1014 427 1338 474 Herlebecensem,
1365 428 1592 467 Balduinum
1614 429 1743 468 Vrient

202 490 239 527 et
255 486 407 524 Petrum
431 486 573 524 dictum
600 485 717 532 Bliee,
741 485 940 536 dictusque
963 485 1091 523 Petrus
1110 486 1319 536 praedictos
1338 486 1510 524 abbatem
1529 487 1575 524 de
1592 488 1740 526 Thosan

201 549 238 583 et
254 545 451 583 dominum
471 544 697 582 Willelmum
717 543 809 595 Grip
827 557 914 581 suos
931 544 1109 594 elegerint
1125 548 1162 582 et
1179 545 1334 582 fecerint
1353 550 1568 584 executores
1580 575 1588 591 ,
1603 547 1740 585 relictis

203 602 404 644 heredibus
432 602 607 640 Lamsino
633 602 828 648 Toelnare,
847 602 981 653 Egidio
1004 602 1087 653 Dop
1113 606 1149 639 et
1171 602 1312 640 Jacobo
1339 603 1538 650 Rinvichs,
1565 604 1740 655 bonaque

202 674 267 700 sua
281 661 371 699 dicti
385 661 551 699 defuncti
567 661 605 698 in
620 660 794 698 manibus
808 664 1050 698 executorum
1066 660 1341 711 praedictorum
1356 662 1550 712 posuerint
1563 668 1599 700 et
1614 663 1739 701 relicta

202 732 280 759 esse
301 719 506 766 voluerint,
528 732 570 757 ac
589 719 658 770 ipsi
678 723 892 756 executores
920 718 1009 770 ipsis
1034 719 1270 757 testatoribus
1288 719 1474 759 defunctis
1491 735 1586 759 onus
1604 736 1740 760 execu-

202 778 314 816 tionis
332 779 517 816 dictorum
537 782 841 816 testamentorum
859 791 922 816 seu
948 777 1166 815 ultimarum
1187 779 1421 821 voluntatum
1442 780 1479 816 in
1503 794 1541 817 se
1566 793 1740 832 suscepe-

201 838 278 876 rint
290 838 566 879 terminandum
582 842 618 875 et
630 837 930 888 adimplendum,
944 850 986 874 ac
999 837 1096 874 bona
1111 850 1208 888 quae
1222 837 1374 876 fuerunt
1386 838 1572 876 dictorum
1589 840 1740 877 defunc-

203 903 338 943 torum,
357 897 558 941 habuerint
570 901 606 934 et
624 896 832 947 receperint
844 895 1066 933 sufficientia
1081 895 1126 932 ad
1140 896 1326 934 dictorum
1347 901 1653 935 testamentorum
1674 912 1738 936 seu

201 955 417 993 ultimarum
437 955 671 992 voluntatum
691 954 947 991 executionem
973 953 1268 1004 adimplendam,
1300 959 1340 992 ut
1371 955 1521 1002 dicitur,
1545 956 1739 994 nihilomi-

202 1026 271 1051 nus
285 1013 374 1050 dieti
388 1017 602 1050 executores
618 1012 782 1049 indebite
796 1012 1074 1063 impediverunt
1086 1017 1122 1049 et
1135 1012 1356 1063 impediunt,
1371 1014 1536 1051 fecerunt
1550 1019 1585 1051 et
1599 1015 1740 1052 faciunt

200 1073 277 1112 sive
303 1073 381 1110 fieri
403 1077 621 1124 procurant,
641 1076 753 1123 prout
771 1086 817 1109 ex
843 1076 947 1122 parte
964 1071 1151 1108 dictorum
1172 1071 1351 1109 heredum
1377 1073 1485 1111 nobis
1502 1078 1556 1111 est
1578 1075 1739 1124 graviter

201 1132 464 1183 conquerendo
482 1136 745 1177 monstratum,
764 1131 968 1182 quominus
986 1131 1165 1182 praedicti
1187 1131 1338 1169 heredes
1358 1132 1452 1170 bona
1472 1147 1568 1183 quae
1587 1134 1739 1170 suerunt

201 1190 387 1228 dictorum
414 1195 629 1228 testatorum
650 1190 797 1227 residua
823 1190 919 1227 ultra
938 1190 1174 1227 executiones
1193 1190 1400 1240 praedictas
1423 1191 1468 1227 ad
1493 1191 1611 1228 dictos
1632 1191 1738 1228 here-

200 1249 264 1287 des
286 1250 371 1299 jure
392 1248 616 1286 hereditario
638 1248 811 1286 devoluta
827 1248 972 1300 possint
989 1247 1152 1285 nancisci
1171 1252 1207 1285 et
1227 1247 1362 1285 habere
1379 1261 1422 1286 ac
1440 1249 1486 1286 de
1503 1249 1642 1286 eisdem
1661 1249 1738 1287 dis-

200 1321 339 1359 ponere
361 1312 540 1359 tanquam
565 1307 653 1345 suis.
679 1307 862 1355 Quocirca
880 1307 987 1344 vobis
1005 1306 1226 1344 mandamus
1246 1311 1431 1357 quatenus
1451 1308 1588 1345 voeatis
1613 1321 1736 1346 coram

196 1366 319 1414 vobis,
347 1366 480 1416 Brugis
506 1366 562 1402 vel
584 1365 690 1412 alibi,
708 1365 774 1402 ubi
792 1364 958 1402 videritis
984 1364 1176 1414 expedire,
1195 1365 1455 1402 executoribus
1475 1370 1510 1402 et
1539 1365 1737 1404 heredibus

198 1424 412 1471 antedictis,
430 1424 648 1462 auctoritate
663 1427 787 1461 nostra
800 1423 907 1461 vobis
926 1423 965 1460 in
979 1423 1048 1460 hac
1063 1428 1166 1474 parte
1180 1423 1394 1470 commissa,
1409 1424 1455 1460 ad
1470 1429 1605 1461 certam
1621 1425 1736 1472 diem,

198 1483 229 1521 si
247 1483 354 1520 vobis
376 1482 584 1520 constiterit
599 1495 666 1532 per
684 1482 954 1520 confessionem
973 1481 1160 1519 dictorum
1181 1486 1422 1519 executorum
1450 1482 1506 1519 vel
1533 1482 1622 1519 alias
1645 1483 1737 1534 legi-

200 1542 288 1580 time
312 1543 432 1580 dictos
455 1546 670 1580 executores
692 1555 788 1579 onus
811 1541 997 1579 dictarum
1020 1542 1283 1579 executionum
1313 1541 1351 1578 in
1376 1555 1414 1579 se
1441 1541 1668 1592 suscepisse,
1695 1555 1738 1579 ac

198 1601 296 1638 hona
315 1601 535 1638 sufficientia
557 1600 603 1637 ad
626 1600 863 1637 executiones
882 1599 1086 1650 praedictas
1111 1599 1368 1650 adimplendas
1401 1599 1580 1650 recepisse
1607 1604 1644 1636 et
1669 1599 1737 1637 ha-

199 1661 339 1707 buisse,
354 1673 419 1698 vos
437 1660 575 1698 eisdem
594 1660 855 1698 executoribus
874 1660 1107 1711 praecipiatis
1125 1665 1161 1696 et
1179 1660 1362 1697 mandetis
1377 1660 1595 1697 auctoritate
1611 1665 1735 1697 nostra

197 1719 300 1770 quod
319 1718 517 1769 praedictis
537 1718 736 1756 heredibus
754 1718 852 1756 bona
870 1732 966 1769 quae
980 1719 1131 1756 suerunt
1148 1718 1333 1755 dictorum
1356 1723 1569 1756 testatorum
1590 1719 1735 1756 residua

200 1777 347 1815 tradant
371 1782 407 1815 et
428 1777 653 1823 deliberent,
679 1782 715 1814 et
740 1777 889 1814 eosdem
917 1778 963 1815 de
993 1777 1044 1814 eis
1075 1777 1237 1827 gaudere
1268 1777 1484 1827 permittant
1515 1778 1667 1827 pacifice
1702 1782 1737 1814 et

198 1836 340 1887 quiete,
359 1849 401 1873 ac
427 1836 737 1886 impedimentum
760 1835 856 1873 circa
884 1835 955 1873 hoc
981 1836 1192 1886 appositum
1212 1849 1278 1885 per
1296 1841 1509 1872 executores
1529 1835 1735 1885 praedictos

199 1899 395 1932 amoveant
418 1908 503 1932 cum
528 1895 672 1932 effectu.
692 1895 730 1932 Si
754 1900 877 1932 autem
902 1895 1061 1932 dubium
1082 1896 1130 1932 sit
1147 1895 1202 1932 vel
1222 1895 1310 1932 dieti
1338 1900 1551 1932 executores
1578 1908 1736 1945 negave-

199 1953 276 1990 rint
299 1953 348 1990 ita
371 1966 450 1991 esse
473 1954 529 1991 vel
554 1954 685 1999 fuisse,
713 1958 855 2004 recepta
884 1955 1056 1992 cautione
1081 1954 1226 2004 ydonea
1251 1967 1270 1990 a
1294 1953 1492 2004 praedictis
1519 1953 1734 1998 heredibus,

199 2011 288 2048 visis
306 2012 532 2049 testamentis
550 2012 606 2049 vel
625 2012 743 2062 copiis
761 2012 998 2057 eorumdem,
1012 2012 1058 2049 de
1076 2011 1274 2062 praedietis
1294 2011 1518 2048 testamentis
1532 2011 1735 2061 adimplen-

199 2069 271 2115 dis,
300 2074 412 2120 prout
439 2070 485 2107 de
507 2070 592 2120 jure
619 2071 757 2108 fuerint
781 2071 1038 2121 adimplenda,
1066 2071 1203 2108 eisdem
1231 2069 1491 2107 executoribus
1520 2069 1736 2106 auctoritate

199 2134 343 2175 nostra,
369 2134 411 2166 ut
432 2129 555 2180 prius,
577 2130 813 2181 praecipiatis
839 2135 875 2167 et
893 2131 1075 2168 mandetis
1099 2130 1202 2181 quod
1221 2130 1318 2167 bona
1337 2128 1523 2179 praedicta
1549 2128 1735 2165 dictorum

199 2188 460 2225 defunctorum
479 2188 617 2225 eisdem
644 2189 845 2226 heredibus
866 2189 1014 2226 tradant
1032 2194 1066 2225 et
1084 2188 1290 2225 deliberent
1308 2201 1349 2224 ae
1367 2186 1505 2223 eisdem
1528 2186 1575 2223 de
1595 2186 1734 2224 eisdem

197 2246 358 2298 gaudere
388 2245 623 2296 permittant,
649 2247 816 2297 alioquin
841 2247 886 2284 ad
911 2246 1109 2297 praemissa
1133 2245 1274 2296 agenda
1294 2245 1499 2282 monitione
1519 2246 1734 2295 praemissa.

199 2305 228 2342 si
248 2317 341 2355 opus
355 2304 484 2347 fuerit,
503 2317 569 2354 per
586 2317 782 2342 censuram
802 2305 1085 2342 ecclesiasticam
1111 2303 1340 2355 compellatis
1355 2303 1515 2340 eosdem.
1537 2303 1735 2341 lnhibitio-

201 2375 283 2400 nem
307 2366 428 2399 autem
452 2376 496 2399 ex
515 2367 618 2413 parte
636 2363 822 2400 dictorum
842 2363 986 2400 abbatis
1011 2368 1046 2399 et
1063 2362 1244 2399 Willelmi
1263 2367 1502 2398 executorum
1522 2367 1649 2398 contra
1669 2362 1735 2399 he-
