2184 3074
771 310 934 349 CODEX
962 308 1201 350 DUNENSIS.
1700 318 1747 354 87

212 442 308 481 quae
334 429 473 467 fiebant
494 429 635 467 ibidem
663 442 731 480 per
755 428 906 466 Petrum
933 427 1184 479 praedictum,
1212 428 1358 466 nullum
1391 429 1545 468 rationis
1577 432 1746 470 mentalis

211 488 396 526 desectum
416 488 633 535 habentem,
651 491 693 525 ut
711 486 803 524 mihi
825 491 914 524 tunc
933 486 1110 537 temporis
1129 486 1336 524 videbatur.

259 547 421 596 Quintus
439 546 617 584 articulus
635 549 690 584 est
705 550 832 583 utrum
852 545 995 582 dictum
1020 549 1278 582 testamentum
1304 545 1506 597 sigillatum
1534 552 1589 585 est
1613 549 1744 599 sigillis

210 606 359 644 testium
385 605 432 643 ad
458 605 529 643 hoc
551 606 794 642 vocatorum?
820 603 914 642 Dico
938 603 1040 655 quod
1067 603 1268 654 sigillatum
1294 608 1349 641 est
1370 604 1501 655 sigillis
1527 605 1743 656 hujusmodi

210 663 350 716 quibus
367 668 475 702 testes
493 666 582 701 tunc
600 662 776 714 temporis
799 662 1001 700 utebantur
1023 667 1059 700 et
1082 662 1135 699 uti
1159 663 1493 713 praesumebantur
1519 669 1561 701 ut
1583 666 1743 716 propriis

209 723 287 762 suis
299 722 441 774 sigillis.
455 722 501 760 Et
513 735 560 760 an
575 722 645 773 ipsi
662 726 769 760 testes
784 721 986 759 utebantur
1001 726 1037 758 et
1050 726 1209 759 utuntur
1226 722 1335 759 dictis
1353 722 1509 772 sigillis?
1528 724 1621 761 Dico
1639 726 1741 775 quod

208 785 316 819 testes
333 780 513 832 praedicti
533 785 698 832 tempore
715 780 918 817 utebantur
933 779 1064 830 sigillis
1079 779 1277 830 praedictis
1292 785 1327 817 et
1342 780 1395 817 uti
1410 782 1744 831 praesumebantur

207 844 250 878 ut
274 839 436 891 propriis
459 839 536 877 suis
560 839 708 890 sigillis,
728 843 771 876 ut
795 838 918 876 statim
944 838 1134 889 praedixi;
1160 838 1221 875 sed
1250 838 1374 876 nescio
1401 844 1527 877 utrum
1553 846 1659 878 antea
1684 843 1741 879 usi

206 899 354 936 fuerant
369 901 406 935 et
421 897 451 935 si
470 901 597 949 postea
611 897 814 934 utebantur
829 901 866 934 et
883 897 913 934 si
933 896 1057 933 adhuc
1070 900 1224 933 utantur
1237 897 1395 940 eisdem;
1414 898 1476 934 sed
1492 898 1603 936 credo
1619 900 1742 950 potius

206 955 380 1007 quodvsic
395 968 509 1006 quam
529 968 616 992 non.
634 955 682 992 Et
696 958 824 992 utrum
842 954 917 992 sint
942 967 1071 991 eorum
1093 954 1240 1004 sigilla?
1264 955 1375 1000 Dico,
1400 960 1442 992 ut
1467 955 1545 992 dixi
1571 958 1741 1008 superius

206 1014 356 1052 statim:
384 1013 515 1052 Nescio
546 1017 673 1050 utrum
699 1013 820 1063 sigilla
849 1013 924 1050 sint
951 1025 1080 1050 eorum
1109 1013 1259 1064 propria
1285 1013 1425 1064 quibus
1453 1014 1491 1051 in
1518 1015 1741 1065 sigillatione

130 1087 133 1090 ·
205 1071 384 1123 praedicti
411 1072 619 1109 testamenti
647 1074 690 1108 ut
714 1070 791 1109 suis
819 1071 950 1122 sigillis
976 1070 1139 1121 propriis
1166 1071 1222 1108 usi
1253 1072 1417 1117 fuerant,
1447 1078 1483 1110 et
1505 1074 1741 1112 vehementer

204 1141 402 1181 praesumo
419 1129 523 1181 quod
541 1143 607 1168 sua
625 1129 780 1176 fuerint,
799 1134 835 1167 et
852 1129 978 1180 potius
995 1129 1107 1167 credo
1125 1130 1228 1180 quod
1247 1130 1300 1167 sic
1318 1143 1430 1181 quam
1451 1144 1542 1178 non,
1561 1132 1739 1182 quoniam

205 1187 276 1239 ipsi
299 1187 470 1225 homines
487 1187 560 1224 fide
577 1187 680 1238 digni
699 1188 851 1225 suerunt
875 1191 912 1224 et
934 1187 1183 1225 communiter
1201 1187 1435 1225 habebantur
1452 1202 1520 1239 pro
1541 1189 1630 1227 viris
1651 1203 1739 1241 pro—

203 1246 300 1285 vidis
313 1250 350 1284 et
363 1246 538 1293 honestis,
552 1250 589 1284 et
601 1245 724 1284 adhuc
738 1246 850 1283 hodie
864 1246 917 1284 sic
932 1246 1136 1292 habentur,
1152 1251 1187 1284 et
1201 1246 1412 1297 supradicta
1425 1247 1472 1284 de
1487 1261 1568 1285 mea
1581 1248 1737 1294 visione,

203 1305 506 1357 praesumptione
523 1308 560 1342 et
577 1304 811 1352 credulitate,
830 1304 922 1342 dum
938 1304 1023 1342 dico
1037 1318 1097 1342 me
1108 1305 1203 1342 scire
1216 1309 1253 1342 et
1267 1318 1325 1342 me
1340 1318 1466 1352 nosse,
1481 1306 1558 1343 scio
1576 1311 1612 1343 et
1627 1319 1738 1345 nosco

201 1368 315 1416 prout
331 1363 523 1411 debilitas,
542 1367 655 1414 prout
671 1363 834 1401 humana
853 1363 1031 1414 fragilitas
1050 1376 1158 1401 nosse
1177 1368 1344 1414 possunt.

913 1486 1029 1496 ..φο-

914 1630 1039 1668 LXlll.

239 1747 430 1797 Emprtmt
444 1746 516 1797 fait
533 1747 556 1784 ἁ
572 1747 682 1785 Rome
697 1759 772 1797 par
790 1747 903 1786 l’abbe'
920 1748 982 1786 des
1001 1749 1127 1786 Danes
1146 1750 1168 1786 ἁ
1186 1749 1248 1787 des
1268 1750 1492 1788 marchand-3
1509 1750 1553 1788 de
1568 1751 1709 1788 Siemte.

247 1950 289 1988 In
309 1951 461 1988 nomine
477 1951 630 1989 Domini
649 1952 765 1990 nostri
782 1953 900 1991 Jhesu
918 1953 1054 1991 Christi
1073 1966 1193 1991 amen.
1213 1955 1323 1991 Anno
1348 1953 1548 1991 nativitatis
1566 1953 1731 2003 ejusdem

198 2010 250 2048 Μο
262 2010 336 2048 CC⁰
350 2012 403 2058 L0,
418 2010 623 2049 indictione
634 2017 766 2064 quarta
777 2041 787 2060 ,
801 2013 938 2051 mensis
953 2013 1094 2051 martiis
1108 2013 1169 2050 die
1190 2027 1297 2050 xxvm
1307 2042 1316 2060 ,
1333 2013 1570 2063 pontificatus
1588 2013 1731 2050 domini

198 2068 399 2107 Alexandri
418 2083 535 2121 papae
552 2070 639 2108 1111ss
657 2083 756 2108 anno
774 2071 915 2122 primo,
935 2072 973 2108 in
991 2071 1197 2122 praesentia
1222 2071 1293 2107 mei
1318 2071 1502 2109 Johannis
1528 2070 1661 2108 notarii
1690 2083 1732 2108 ac

197 2126 346 2164 testium
364 2127 660 2179 subscriptorum
681 2129 728 2166 ad
747 2129 819 2166 hoc
835 2129 1045 2180 specialiter
1067 2133 1283 2166 vocatorum
1305 2142 1347 2166 ac
1368 2133 1603 2179 rogatorum,
1621 2129 1733 2166 frater

197 2184 396 2232 HenricuS,
421 2187 627 2225 monachus
653 2192 689 2224 et
710 2193 930 2238 procurator
956 2187 1100 2225 abbatis
1123 2187 1335 2225 monasterii
1360 2187 1407 2224 de
1430 2187 1569 2234 Dunis,
1594 2187 1732 2226 Cister-

196 2243 329 2280 ciensis
343 2243 501 2291 ordinis,
514 2244 735 2283 Morinensis
752 2246 938 2296 dyocesis,
956 2246 1055 2297 apud
1075 2245 1206 2284 Sedem
1226 2245 1478 2296 Apostolicam
1497 2245 1731 2284 constitutus.

196 2301 338 2339 habens
357 2302 404 2339 ab
422 2301 504 2352 ipso
521 2302 676 2341 domino
693 2304 828 2342 abbate
845 2309 1063 2355 potestatem
1081 2309 1117 2341 et
1134 2303 1351 2341 mandatum
1369 2303 1416 2340 de
1433 2309 1565 2341 mutuo
1583 2309 1732 2341 contra-

197 2361 320 2399 hendo
339 2361 456 2412 ipsius
477 2362 622 2401 abbatis
645 2363 797 2401 nomine
819 2377 939 2415 usque
963 2363 1009 2401 ad
1035 2376 1219 2401 summam
1242 2367 1392 2400 centum
1411 2362 1592 2400 librarum
1610 2363 1732 2400 Turo—

197 2419 390 2466 nensium,
412 2419 508 2457 sicut
534 2420 572 2458 in
599 2421 769 2472 quinque
792 2422 946 2472 paribus
971 2421 1178 2459 litterarum
1210 2421 1386 2471 praedicti
1417 2421 1559 2459 domini
1587 2421 1730 2458 abbatis
