2184 3074
750 322 913 361 CODEX
941 323 1181 363 DUNENSIS.
1682 329 1729 365 53

189 443 275 490 peto
293 453 312 476 a
331 439 436 477 vobis
457 439 648 477 humiliter
671 444 706 476 et
730 440 909 477 instanter
925 440 1028 491 quod
1047 440 1163 478 dictas
1189 441 1458 491 impositiones„
1485 443 1724 489 monitiones,

187 497 359 535 mandata
378 511 441 535 seu
462 498 711 548 injunctiones
737 503 773 534 et
797 498 981 549 quicquid
1006 512 1051 535 ex
1078 499 1129 536 eis
1155 499 1208 535 vel
1234 499 1283 536 ob
1308 513 1366 537 eas
1390 505 1556 537 secutum
1584 506 1651 546 est,
1680 502 1725 538 ‹le

186 557 282 595 sacto
301 557 478 595 revocetis
498 571 563 596 seu
581 558 780 595 annulletis
798 562 834 595 et
856 558 1018 595 revocari
1044 572 1108 595 seu
1135 559 1319 596 annullari
1345 560 1503 606 faciatis,
1530 565 1565 597 et
1593 574 1724 611 super-

186 615 342 654 sedeatis
361 621 397 653 et
415 617 644 668 supersederi
665 617 805 654 faciatis
823 617 869 654 de
887 617 1123 668 procedendo
1143 619 1180 654 in
1197 623 1385 669 posterum
1402 625 1528 656 contra
1545 620 1645 670 ipsos
1659 634 1722 657 seu

186 674 353 724 singulos
367 679 511 720 eorum,
530 675 723 712 occasione
740 675 859 712 dictae
882 676 1154 726 procurationis
1165 706 1173 721 ,
1189 690 1257 727 pro
1271 677 1432 728 grangiis
1446 682 1481 714 et
1497 678 1604 715 bonis
1619 684 1723 716 ante-

186 732 306 770 dictis.
331 733 421 770 Peto
445 734 555 771 etiam
582 733 726 784 copiam
753 734 1026 771 commissionis
1053 735 1261 785 praedictae
1286 749 1349 772 seu
1374 736 1536 773 mandati
1561 751 1603 774 ac
1626 738 1723 774 litte-

183 803 309 828 rarum
339 791 626 842 apostolicarum
655 791 926 842 praedictarum
951 792 1066 829 michi
1094 793 1171 829 lieri
1204 793 1250 829 ad
1277 806 1371 844 opus
1390 794 1663 844 praedictorum
1687 799 1723 832 et

183 849 418 899 singulorum
438 850 732 901 praedictorum,
758 850 914 888 offerens
934 864 1011 897 me,
1035 851 1186 888 nomine
1211 852 1467 902 procuratorio
1494 867 1560 903 pro
1579 853 1668 904 ipsis
1685 858 1721 891 et

182 906 340 957 singulis
365 920 511 954 eorum,
535 921 647 958 super
667 908 877 958 praemissis
903 913 1072 959 paratum
1095 913 1190 946 stare
1209 909 1286 958 juri
1314 914 1349 946 ct
1374 910 1420 946 de
1444 910 1654 961 praemissis
1682 911 1718 948 in

183 965 280 1002 facto
296 966 553 1005 constantibus
569 971 734 1017 tempore
748 971 784 1004 et
798 967 879 1004 loco
894 967 1005 1004 fidem
1021 968 1217 1013 facturum,
1228 968 1324 1005 sicut
1335 969 1492 1013 decebit,
1507 982 1582 1006 non
1597 974 1718 1007 tamen

182 1023 388 1075 astringens
407 1038 466 1062 me
483 1025 530 1062 ad
549 1026 786 1076 probandum
806 1039 847 1063 ea
867 1027 913 1063 ad
932 1039 1027 1077 quae
1042 1026 1138 1076 juris
1157 1027 1351 1065 necessitas
1369 1041 1428 1065 me
1443 1042 1517 1066 non
1531 1029 1718 1080 astringit3

182 1084 218 1118 et
237 1086 420 1132 protestor
441 1083 534 1121 mihi
554 1088 590 1121 et
608 1085 702 1135 parti
723 1098 825 1122 meae
842 1086 963 1122 valere
981 1099 1077 1136 quae
1094 1086 1299 1136 probavero
1318 1087 1364 1124 de
1382 1088 1603 1138 praemissis.

230 1139 278 1178 Et
293 1141 381 1192 quia
399 1155 482 1188 vos,
500 1142 644 1180 domini
665 1143 838 1194 Philippo
855 1149 891 1180 et
908 1144 1094 1195 Stephane
1121 1149 1156 1182 et
1179 1145 1294 1182 abbas
1317 1146 1529 1192 memorati,
1551 1160 1610 1184 me
1627 1161 1718 1198 pro-

181 1204 388 1238 curat-orem
408 1202 639 1252 praedictum
660 1203 696 1240 in
717 1204 928 1254 praemissis
951 1204 1127 1241 exaudire
1148 1204 1352 1255 denegatis,
1373 1218 1438 1242 seu
1460 1219 1535 1242 non
1561 1207 1715 1252 curatis,

180 1270 248 1308 ego
273 1259 434 1298 sentiens
460 1260 578 1299 dictos
604 1261 774 1308 abbates,
793 1262 996 1300 abbatissas
1021 1267 1057 1299 et
1080 1268 1301 1307 conventus,
1319 1263 1513 1313 magistros
1532 1268 1568 1300 et
1586 1265 1715 1302 fratres

179 1327 222 1352 ac
240 1316 331 1354 alios
351 1317 389 1354 in
408 1318 516 1356 dictis
535 1320 698 1370 grangiis
717 1325 752 1357 et
771 1321 878 1357 bonis
898 1326 1168 1358 commorantes
1188 1325 1224 1357 et
1239 1321 1405 1370 singulos
1424 1334 1551 1358 eorum
1570 1335 1590 1358 a
1609 1323 1715 1360 vobis

179 1374 344 1412 indebite
362 1379 612 1428 praegravari,
631 1384 667 1416 et
683 1379 818 1417 timens
837 1381 874 1416 in
892 1385 1080 1431 posterum
1095 1380 1284 1430 aggravari
1300 1393 1424 1430 posse,
1440 1385 1591 1431 propter
1607 1395 1715 1432 prae-

179 1432 289 1470 missa
307 1436 521 1484 gravamina
540 1441 575 1474 et
593 1437 789 1488 quodlibet
807 1439 1095 1489 praemissorum
1120 1443 1156 1475 et
1179 1438 1269 1484 alia,
1295 1443 1331 1475 et
1354 1452 1400 1475 ne
1425 1438 1518 1490 quid
1545 1438 1647 1475 aliud
1675 1439 1713 1476 in

178 1492 449 1542 praejudicium
469 1495 654 1534 dictorum
674 1496 867 1543 abbatum,
886 1497 1156 1534 abbatissarum
1176 1502 1211 1533 et
1229 1501 1498 1542 conventuum,
1517 1497 1713 1547 magistro-

177 1564 260 1588 rum
280 1556 316 1589 et
333 1552 487 1591 fratrum
508 1567 550 1592 ac
574 1556 732 1593 aliorum
753 1557 791 1594 in
809 1556 918 1594 dictis
941 1557 1104 1608 grangiis
1128 1560 1164 1593 et
1188 1557 1296 1593 bonis
1320 1556 1630 1593 commorantium
1654 1557 1710 1594 vel

176 1609 388 1660 aliquorum
407 1625 452 1649 ex
470 1613 540 1659 eis,
558 1615 775 1652 auctoritate
789 1619 925 1661 vestra,
940 1615 1133 1652 occasione
1147 1614 1434 1664 praemissorum
1450 1614 1529 1659 fiat,
1544 1614 1588 1650 ad
1605 1627 1712 1664 prae-

175 1667 316 1706 dictum
336 1669 533 1708 dominum
554 1671 712 1722 legatum
732 1686 795 1710 seu
814 1673 860 1710 ad
887 1674 1019 1711 Sedcm
1042 1674 1308 1723 Apostolicam,
1337 1673 1365 1709 si
1393 1672 1439 1709 ad
1467 1686 1547 1709 eam
1573 1673 1621 1710 sit
1645 1686 1712 1723 ap-

175 1725 408 1775 pellandum,
428 1729 581 1766 nomine
603 1731 877 1780 praedictorum
904 1731 1100 1777 abbatum,
1128 1731 1397 1767 abbatissarum
1410 1759 1419 1775 ,
1438 1735 1688 1767 conventuum
1701 1760 1709 1771 ,

174 1784 453 1834 magistrorum,
469 1788 624 1825 fratrum
640 1802 682 1826 ac
695 1789 854 1826 aliorum
871 1790 906 1826 in
923 1790 1030 1827 dictis
1046 1789 1208 1840 grangiis
1223 1789 1379 1826 ethonis
1398 1790 1707 1826 commorantium

173 1847 209 1880 et
233 1843 284 1880 eis
309 1844 610 1894 adhaerentium,
638 1853 673 1885 et
696 1862 764 1899 pro
790 1849 879 1900 ipsis
905 1854 939 1886 et
965 1862 1092 1886 eorum
1120 1848 1275 1898 singulis
1298 1848 1443 1898 appello
1464 1862 1527 1884 seu
1547 1861 1708 1898 provoco

174 1901 211 1941 in
227 1901 298 1939 hiis
312 1903 458 1954 scriptis
469 1910 596 1955 petens
610 1907 848 1957 appellationi
863 1921 927 1944 seu
943 1906 1195 1958 provocationi
1211 1919 1312 1942 meae
1326 1906 1458 1942 deferri
1474 1911 1508 1942 et
1523 1907 1707 1956 apostolos

173 1959 265 1996 mihi
285 1962 449 1999 concedi.
468 1964 577 2011 Quod
596 1965 683 2015 quia
704 1965 820 2003 facere
838 1965 1025 2016 denegatis
1043 1979 1106 2002 seu
1127 1978 1199 2001 non
1220 1965 1374 2010 curatis,
1393 1965 1520 2002 iterato
1540 1965 1583 2000 ad
1603 1978 1708 2001 eum-

172 2018 256 2055 dem
275 2019 434 2070 legatum
454 2035 519 2059 seu
539 2023 670 2060 Sedcm
695 2025 965 2074 Apostolieam,
986 2024 1014 2060 si
1034 2024 1080 2060 ad
1099 2036 1178 2059 eam
1198 2022 1245 2059 sit
1261 2022 1543 2072 appellandum,
1561 2023 1706 2072 appello

172 2090 236 2114 seu
251 2091 412 2127 provoco
427 2080 464 2117 in
481 2081 552 2119 hiis
566 2082 728 2133 scriptis,
747 2097 804 2119 me
817 2082 1072 2134 procuratorio
1088 2082 1255 2126 nominc,
1272 2081 1389 2118 dictos
1404 2081 1573 2126 abbates,
1589 2081 1706 2117 abba-

172 2134 276 2172 tissas
295 2140 330 2173 et
347 2143 568 2185 conventus,
585 2140 778 2191 magistros
797 2146 831 2178 et
850 2142 996 2187 fratres,
1013 2154 1055 2177 ac
1072 2140 1162 2176 alios
1183 2139 1219 2175 in
1238 2139 1346 2175 ‹lictis
1365 2138 1527 2188 grangiis
1544 2143 1579 2174 et
1597 2138 1704 2175 bonis

171 2199 457 2242 commorantes,
489 2202 524 2234 et
554 2198 719 2250 singulos
750 2213 889 2244 eorum,
911 2204 946 2236 et
975 2199 1026 2236 eis
1053 2198 1312 2242 adhaerentes,
1340 2196 1437 2233 dicta
1465 2197 1704 2241 monasteria,

169 2264 298 2289 eorum
329 2254 499 2304 grangias
525 2269 567 2294 ac
593 2257 671 2294 loca
698 2262 733 2295 et
761 2259 884 2295 omnia
916 2271 1044 2295 eorum
1073 2258 1170 2294 bona
1197 2255 1417 2306 protectioni
1446 2255 1534 2292 dicti
1561 2255 1702 2291 domini

169 2309 276 2359 legati
295 2323 358 2348 seu
377 2312 480 2350 Sedis
498 2314 731 2364 Apostolicae
750 2329 980 2367 supponenS,
999 2321 1033 2353 et
1057 2319 1241 2366 protestor
1266 2314 1312 2350 de
1338 2314 1434 2351 dicta
1458 2313 1704 2365 appellatione

169 2380 233 2404 seu
253 2371 515 2418 provocatione
533 2373 654 2414 ubiet
672 2375 824 2425 quando
841 2375 997 2412 decebit.
