2184 3074
456 264 527 301 ⁹258
1012 264 1174 301 CODEX
1200 265 1443 303 DUNENSlS.

458 379 788 415 excommunicatis
807 378 1005 425 nuntiatis,
1025 379 1163 416 alicubi
1184 379 1250 416 ubi
1274 380 1402 418 divina
1429 382 1550 419 officia
1581 383 1816 422 celebrentur
1831 385 1997 422 declina-

459 497 616 546 lnsuper
646 495 675 532 si
707 495 836 532 saltem
861 508 929 545 per
959 496 1199 533 assertionem
1225 497 1352 534 latoris
1382 498 1632 548 praesentium
1659 500 1766 538 vobis
1795 501 1854 538 vel
1885 501 1996 539 alicui

458 559 621 592 vestrum
640 553 848 591 constiterit
861 553 1024 603 aliquem
1042 555 1100 591 vel
1116 555 1263 605 aliquos
1276 561 1404 593 contra
1424 562 1588 595 nostram
1606 557 1871 597 inhibitionem
1889 573 1998 611 prae-

458 613 594 650 dictam
618 613 763 649 venisse
781 617 845 649 aut
862 612 989 649 divina
1011 612 1133 650 officia
1153 613 1242 663 ipsis
1266 614 1320 651 sic
1337 616 1670 655 excommunicatis
1688 618 1868 656 nuntiatis
1889 631 1998 669 prae—

458 671 624 708 sentibus
650 670 872 716 celebrasse,
899 671 1081 708 moneatis
1099 671 1266 719 eosdem,
1292 678 1405 723 prout
1429 674 1536 712 vobis
1561 688 1581 712 a
1609 675 1724 713 latore
1747 677 1997 727 praesentium

458 729 595 765 suerint
626 728 827 773 nominati,
854 728 892 764 in
921 729 1090 778 personis
1121 730 1284 780 propriis
1334 731 1573 779 nominatim,
1607 734 1747 784 primo,
1773 735 1938 772 secundo
1963 740 1999 772 et

458 787 579 831 tertio,
603 799 755 836 unoque
777 786 1028 836 peremptorie
1047 800 1116 837 pro
1143 789 1337 835 omnibus,
1359 794 1402 827 ut
1425 803 1446 827 a
1464 790 1562 828 dieta
1582 792 1866 843 participatione
1881 794 2000 831 desis—

458 849 556 890 tant,
582 844 750 894 alioquin
777 844 860 881 illos
880 844 946 894 qui
964 844 1085 883 eidem
1103 846 1301 883 monitioni
1322 860 1399 885 non
1420 849 1629 899 paruerint,
1647 853 1741 901 quos
1758 856 1912 902 propter
1929 851 2000 890 boc

459 902 497 939 in
531 902 602 939 hiis
634 902 780 953 scriptis
806 903 1197 951 excommunicamus,
1229 907 1572 945 excommunicatos
1597 908 1824 958 {nominatim
1849 910 2002 960 publice

458 961 885 1006 nuntietis-Praeterea,
909 973 995 997 cum
1021 966 1097 998 tam
1121 962 1312 1013 flagitiosis
1333 965 1634 1003 malefactoribus
1649 967 1701 1003 nil
1718 968 1788 1005 nisi
1803 968 1912 1019 panis
1930 969 2000 1007 do-

457 1021 544 1058 loris
568 1026 604 1058 et
625 1034 721 1071 aqua
742 1020 934 1071 angustiae
963 1034 1049 1058 cum
1069 1035 1216 1060 carcere
1243 1024 1510 1062 irremediabili
1529 1031 1709 1077 perpetuo
1733 1028 1928 1076 debeatur
1959 1035 2000 1067 ut

456 1080 508 1116 sic
522 1080 574 1116 eis
592 1092 658 1116 sua
677 1083 824 1144 peccata
847 1079 1038 1117 luentibus
1057 1080 1118 1117 alii
1139 1094 1159 1118 a
1184 1082 1445 1120 consimilibus
1462 1089 1674 1141 arceantur,
1691 1086 1798 1132 vobis
1824 1087 2001 1126 omnibus

455 1143 490 1175 et
508 1137 707 1188 singulis,
697 1150 736 1173 m
755 1137 892 1174 virtute
906 1142 1054 1175 sanctae
1072 1139 1306 1177 obedientiae
1323 1153 1367 1177 ac
1381 1141 1453 1178 sub
1467 1142 1598 1192 poenis
1615 1143 1831 1194 praedictis,
1843 1145 2002 1184 firmiter

455 1202 490 1234 et
515 1196 682 1233 districte
699 1196 965 1246 praecipiendo
985 1197 1208 1235 mandamus
1225 1203 1411 1250 quatenus
1430 1212 1561 1238 omnes
1579 1201 1753 1240 dominos
1767 1205 2000 1255 temporales,

456 1255 630 1301 ballivos
653 1254 884 1292 subballivos
902 1259 937 1292 et
957 1255 1180 1305 justitiarios
1198 1258 1398 1305 seculares,
1417 1271 1623 1311 eorumque
1644 1261 1724 1298 loca
1748 1266 1914 1301 tenentes
1929 1263 2000 1302 sub

455 1327 618 1365 quorum
649 1313 817 1350 dominio
831 1327 895 1351 seu
913 1314 1084 1351 districtu
1103 1315 1225 1353 dictus
1244 1316 1303 1354 vir
1328 1317 1444 1354 Belial
1472 1323 1637 1369 apostata
1665 1321 1830 1370 poterit
1819 1322 1999 1368 inveniri,

455 1387 500 1410 ex
527 1376 631 1423 parte
659 1376 783 1409 nostra
810 1372 1007 1423 requiratis
1025 1377 1061 1410 et
1078 1373 1107 1411 si
1128 1387 1223 1424 opus
1249 1375 1363 1412 fuerit
1386 1377 1586 1423 moneatis,
1611 1377 1753 1428 primo,
1779 1379 1943 1417 secundo
1965 1385 2000 1417 et

455 1432 583 1478 tertio,
610 1444 763 1482 unoque
792 1433 1041 1482 peremptorie
1066 1446 1134 1483 pro
1158 1434 1354 1480 omnibus,
1389 1440 1431 1472 ut
1458 1435 1529 1486 ipsi
1558 1441 1704 1474 tantum
1727 1438 2000 1476 malefactorem

455 1491 603 1541 capiant
620 1495 656 1527 et
673 1494 869 1535 arrestent,
888 1495 1116 1542 captumque
1134 1497 1169 1529 et
1186 1498 1405 1531 arrestatum
1426 1495 1538 1532 nobis
1556 1495 1767 1533 Tornacum
1782 1497 1821 1533 in
1837 1511 1998 1548 expensa

455 1549 578 1586 curiae
607 1549 874 1586 Tornacensis⁴
900 1550 972 1587 sub
998 1555 1076 1587 tuta
1095 1551 1346 1589 transmittant
1369 1553 1539 1590 custodia
1558 1555 1766 1592 secundum
1786 1569 1853 1593 sua
1871 1557 2000 1594 deme-

455 1607 524 1643 rita
543 1606 791 1657 puniendum.
810 1607 910 1656 Quid
929 1613 1051 1646 autem
1071 1610 1210 1647 factum
1230 1611 1342 1647 suerit
1359 1611 1406 1648 de
1424 1612 1654 1662 praemissis,
1668 1626 1738 1650 nec
1757 1626 1831 1651 non
1847 1615 2000 1666 nomina

455 1665 641 1702 dictorum
664 1679 684 1702 a
710 1679 852 1703 canone
881 1668 1293 1706 excommunicatorum
1313 1670 1571 1707 nuntiatorum
1582 1671 1840 1724 ‚illorumque
1860 1673 2000 1724 quibus

455 1725 548 1761 sacta
577 1724 688 1761 suerit
712 1724 809 1762 dicta
836 1725 1010 1763 inhibitio
1033 1740 1075 1764 ac
1099 1727 1285 1765 dictorum
1302 1733 1422 1766 vestra
1453 1699 1671 1767 auctoritate
1695 1732 2000 1770 excommunica-

455 1786 578 1818 torum
611 1782 888 1830 nuntiatorum,
924 1789 960 1821 et
990 1785 1215 1823 ballivorum
1246 1800 1309 1824 seu
1325 1787 1615 1836 justitiariorum
1633 1789 1856 1826 secularium
1871 1791 2000 1841 requi-

455 1840 611 1877 sitorum
631 1845 666 1877 et
684 1842 914 1879 monitorum
933 1856 1019 1880 cum
1038 1844 1345 1894 responsionibus
1372 1846 1589 1883 eorumdem
1615 1846 1759 1897 liquide
1777 1848 1997 1886 rescribatis.

493 1958 500 1971 ¹
523 1957 564 1984 On
579 1967 594 1984 a
606 1959 697 1986 ouhlie
709 1961 742 1986 de
754 1969 875 1988 nouvcau
888 1963 953 1997 qu'il
968 1963 1052 1990 sallait
1061 1985 1068 1995 .
1082 1973 1152 2000 pour
1164 1969 1250 1992 restcr
1262 1965 1339 1992 fidele
1354 1974 1388 1992 nu
1400 1965 1516 2000 systemc
1529 1966 1626 2002 adepte
1637 1967 1871 2003 d'interpolations
1880 1987 1887 1999 ‚
1902 1970 1998 1994 mettre

456 2003 487 2029 ici
502 2004 662 2033 Te'rouanne
673 2016 707 2034 au
723 2009 775 2034 lieu
789 2008 821 2034 dc
831 2009 969 2045 Tournay.
