2184 3074
714 270 873 308 CODEX
902 270 1144 309 DUNENSIS.
1627 272 1692 308 ⁹26¹

159 391 235 429 riae
258 396 384 429 contra
416 391 553 428 dictam
586 390 817 441 petitionem,
842 394 877 426 et
907 388 1166 439 replicationes
1184 388 1229 424 ad
1250 387 1441 425 elidendus
1459 388 1695 439 exceptiones

159 450 397 500 postmodum
423 449 471 486 ab
498 453 620 486 actore
647 448 786 485 fuerint
815 447 1045 498 propositae,
1068 446 1222 497 diesque
1256 446 1367 483 suerit
1397 446 1579 497 assignata
1608 447 1696 484 l'eria

157 508 290 559 quinta
307 513 392 559 post
403 507 631 556 Quasimodo
644 507 691 544 ad
710 506 1038 557 interloquendum
1058 519 1171 556 super
1189 506 1472 556 exceptionibus
1489 511 1524 543 et
1540 506 1699 556 replica-

160 566 324 604 tionibus
343 566 588 617 praehabitis,
605 579 669 603 vos
681 565 843 602 asseritis
858 568 1140 615 praegravatum
1161 564 1339 610 indebite,
1355 569 1434 601 tum
1451 564 1540 615 quia
1557 565 1697 602 decano

160 625 311 663 absente
329 625 606 665 interlocutoria
626 624 697 661 lata
713 623 815 661 suita
835 623 943 660 nobis
960 628 1087 660 contra
1106 636 1172 660 vos
1190 636 1258 673 pro
1276 623 1431 660 domino
1448 623 1491 661 G.
1507 624 1697 674 praedicto

156 683 264 734 juxta
287 684 492 735 proborum
525 688 561 720 et
586 683 888 734 jurisperitorum
921 682 1118 719 consilium
1147 683 1367 733 requisitum
1396 688 1432 720 et
1461 682 1631 719 habitum
1657 682 1694 719 in

158 742 327 780 Tornaco
344 741 391 779 de
403 747 524 779 vestro
543 746 579 779 et
603 741 718 792 partis
744 740 919 778 adversae
937 753 1140 787 consensu,
1160 745 1238 778 turn
1258 741 1346 791 quia
1372 754 1437 778 vos
1463 740 1586 778 dicitis
1604 754 1695 777 eon-

159 800 402 851 dempnatum
421 814 441 838 a
467 800 575 838 nobis
596 800 643 837 ad
669 799 892 837 solutionem
913 799 1028 850 partis
1045 812 1289 850 expensarum
1309 813 1374 837 vos
1398 799 1694 850 contingentium

159 859 337 896 factarum
353 858 547 896 occasione
565 858 743 909 praedicti
764 857 908 894 consilii
929 857 1096 907 requisiti
1116 870 1158 894 ac
1175 857 1290 894 habiti
1302 887 1311 902 .‚
1329 857 1448 908 quod,
1463 863 1505 894 ut
1524 857 1594 894 l'uit
1610 871 1695 894 con-

158 930 443 968 gruum‚sumus
461 916 594 962 secuti,
614 921 649 953 et
659 929 702 953 eo
718 916 798 966 ipso
816 929 881 952 vos
899 915 1022 952 dicitis
1041 928 1118 952 esse
1131 921 1323 966 gravatum
1344 915 1498 965 injuste,
1518 915 1568 952 ob
1584 916 1694 952 etiam

158 975 340 1026 quaedam
359 976 430 1012 alia
443 989 539 1025 quae
558 988 621 1012 vos
640 975 748 1011 nobis
766 974 988 1024 exprimet-Q
1015 974 1099 1011 lieet
1124 988 1288 1025 congrue
1310 975 1512 1025 requisitus
1532 975 1693 1011 fueritis.

159 1047 233 1072 non
260 1034 431 1080 curastis,
449 1038 587 1070 etcum
615 1038 735 1070 tamen
765 1046 926 1070 essemus
952 1033 1085 1083 parati,
1114 1046 1180 1069 nos
1210 1046 1362 1084 quoque
1388 1033 1633 1070 obtulerimus
1660 1039 1695 1070 et

158 1092 348 1131 offerimus
377 1106 444 1130 nos
463 1097 625 1144 paratos,
644 1105 792 1129 omnem
814 1092 987 1141 injuriam
1012 1097 1048 1128 et
1064 1105 1260 1142 gravamen
1280 1092 1475 1142 quodlibet
1493 1092 1598 1129 vobis
1618 1093 1695 1129 fac-

159 1156 232 1188 tam
250 1165 315 1189 seu
342 1152 478 1189 sactum
498 1165 565 1202 per
583 1156 747 1188 nostram
767 1150 1101 1195 interlocutoriam,
1120 1151 1148 1187 si
1168 1164 1280 1200 quam
1300 1151 1355 1187 vel
1379 1150 1408 1187 si
1435 1151 1536 1201 quod
1553 1150 1690 1188 'docere

158 1210 339 1261 poteritis,
360 1210 406 1247 de
431 1210 636 1260 peritorum
657 1210 813 1246 consilio
833 1221 1004 1246 revocare
1031 1209 1076 1245 ad
1100 1209 1255 1246 Tornaci
1276 1209 1441 1246 ollicium
1466 1222 1528 1245 seu
1550 1209 1690 1246 curiam

157 1281 220 1306 seu
236 1269 281 1306 ad
300 1269 495 1306 dominum
517 1269 787 1307 'l'ornacensem
805 1268 1039 1319 episcopum,
1057 1280 1131 1305 non
1150 1268 1386 1305 obstantibus
1406 1268 1458 1304 eis
1476 1281 1571 1318 quae
1586 1268 1691 1305 vobis

157 1327 366 1365 obtulimus
377 1331 413 1364 et
430 1327 639 1373 offerimus7
666 1326 878 1378 appellastis
899 1326 946 1362 de
970 1326 1066 1362 facto
1090 1331 1126 1362 et
1150 1325 1306 1376 petiistis
1332 1339 1351 1362 a
1372 1326 1480 1362 nobis
1507 1326 1692 1376 apostolos

156 1385 262 1423 vobis
291 1385 382 1422 dari.
410 1385 484 1423 Nos
512 1385 758 1435 intelligentes
785 1384 1072 1435 appellationem
1101 1384 1317 1434 hujusmodi
1346 1398 1459 1434 quam
1488 1385 1623 1421 fecistis
1646 1385 1693 1421 de

156 1445 268 1490 facto7
295 1457 407 1495 quam
434 1445 543 1481 etiam
564 1444 738 1494 prosequi
766 1443 868 1486 licet„
898 1443 1051 1479 forsitan
1079 1442 1202 1479 minus
1226 1443 1325 1491 juste
1354 1442 1565 1488 intenditis‚
1597 1444 1692 1479 sicut

156 1502 262 1540 nobis
281 1502 375 1540 datis
395 1503 548 1553 intelligi
574 1507 610 1539 et
627 1501 796 1547 dedistis,
823 1514 897 1538 non
923 1514 1000 1537 esse
1021 1500 1256 1537 canonicam.
1278 1501 1392 1537 immo
1413 1501 1598 1545 frivolam2
1619 1501 1691 1538 mi-

154 1574 224 1598 nus
244 1561 354 1598 etiam
379 1561 534 1609 justam,
559 1559 799 1610 appellationi
826 1559 1040 1608 hujusmodi
1064 1564 1204 1596 vestrae
1224 1559 1366 1596 deferre
1395 1572 1468 1596 non
1497 1559 1689 1605 volumus7

158 1615 225 1656 nec
250 1618 478 1656 intendimus
513 1618 550 1655 in
578 1617 646 1654 liae
666 1624 786 1668 parte,
805 1630 873 1654 nec
891 1617 922 1653 ei
942 1617 1120 1654 duximus
1138 1617 1392 1654 deferendum.
1413 1618 1545 1654 Actum
1565 1622 1602 1654 et
1620 1617 1690 1654 da-

158 1683 254 1723 tum,
273 1682 340 1714 etc.

870 1751 966 1759 —Qv-

835 1892 1023 1931 CLXVlll.

369 2013 423 2049 Un
441 2013 556 2049 croese?
574 2011 728 2050 re'clame
747 2011 778 2049 le
790 2011 970 2062 privileye
989 2011 1101 2049 d’elre
1109 2013 1204 2063 juqe'
1218 2024 1293 2061 par
1311 2012 1484 2062 l’official.

901 2113 950 2120 .—

202 2217 302 2254 Dicit
319 2217 401 2254 talis
419 2217 694 2268 crucesignatus
713 2231 836 2255 coram
855 2218 1073 2268 dyocesanis
1092 2222 1218 2254 eontra
1235 2217 1343 2254 talem
1363 2216 1465 2267 quod
1486 2216 1583 2254 idem
1603 2231 1686 2255 reus

153 2275 294 2313 (lictum
314 2275 630 2325 crucesignatum,
650 2275 687 2312 in
708 2276 857 2326 dyocesi
875 2275 1098 2313 Tornacensi
1118 2279 1408 2312 commorantem
1421 2305 1429 2321 -.
1448 2288 1595 2312 crucem
1615 2289 1688 2326 pu-

155 2333 251 2371 blice
268 2332 511 2378 deferentem,
530 2333 649 2372 crucis
666 2334 903 2385 privilegium
924 2334 1173 2379 invocantem‚
1188 2338 1296 2370 vexat
1314 2333 1494 2379 indebite,
1509 2334 1631 2384 ipsum
1647 2334 1684 2371 in

155 2404 302 2429 eausam
316 2391 517 2438 trahendo,
535 2392 580 2428 ad
595 2392 780 2441 jtidicium
799 2393 942 2430 evocari
963 2392 1130 2429 faciendo
1149 2396 1248 2429 extra
1267 2391 1455 2441 dyocesim
1479 2391 1684 2429 Tornacen-
