<?xml version="1.0" encoding="UTF-8"?>
<!DOCTYPE html PUBLIC "-//W3C//DTD XHTML 1.0 Transitional//EN"
    "http://www.w3.org/TR/xhtml1/DTD/xhtml1-transitional.dtd">
<html xmlns="http://www.w3.org/1999/xhtml" xml:lang="en" lang="en">
 <head>
  <title>
</title>
<meta http-equiv="Content-Type" content="text/html;charset=utf-8" />
  <meta name='ocr-system' content='tesseract 3.04.00' />
  <meta name='ocr-capabilities' content='ocr_page ocr_carea ocr_par ocr_line ocrx_word'/>
</head>
<body>
  <div class='ocr_page' id='page_1' title='image "./codexdunensissiv00kervuoft/codexdunensissiv00kervuoft_0191.png"; bbox 0 0 2184 3074; ppageno 0'>
   <div class='ocr_carea' id='block_1_1' title="bbox 741 280 1725 326">
    <p class='ocr_par' dir='ltr' id='par_1_1' title="bbox 741 280 1725 326">
     <span class='ocr_line' id='line_1_1' title="bbox 741 280 1725 326; baseline 0.008 -9"><span class='ocrx_word' id='word_1_1' title='bbox 741 280 903 318; x_wconf 84' lang='lat' dir='ltr'>CODEX</span> <span class='ocrx_word' id='word_1_2' title='bbox 930 281 1174 320; x_wconf 85' lang='lat' dir='ltr'><strong>DUNENSlS.</strong></span> <span class='ocrx_word' id='word_1_3' title='bbox 1656 288 1725 326; x_wconf 70' lang='lat'><strong>¹49</strong></span> 
     </span>
    </p>
   </div>
   <div class='ocr_carea' id='block_1_2' title="bbox 182 395 1726 1622">
    <p class='ocr_par' dir='ltr' id='par_1_2' title="bbox 182 395 1726 1622">
     <span class='ocr_line' id='line_1_2' title="bbox 191 395 1726 452; baseline 0.004 -19"><span class='ocrx_word' id='word_1_4' title='bbox 191 395 407 446; x_wconf 88' lang='lat' dir='ltr'><strong>hujusmodi</strong></span> <span class='ocrx_word' id='word_1_5' title='bbox 433 397 623 447; x_wconf 79' lang='lat' dir='ltr'>negotium</span> <span class='ocrx_word' id='word_1_6' title='bbox 645 395 933 448; x_wconf 87' lang='lat' dir='ltr'><strong>requirebantur</strong></span> <span class='ocrx_word' id='word_1_7' title='bbox 959 410 1023 435; x_wconf 91' lang='lat' dir='ltr'><strong>seu</strong></span> <span class='ocrx_word' id='word_1_8' title='bbox 1049 398 1274 436; x_wconf 85' lang='lat' dir='ltr'><strong>videbantur</strong></span> <span class='ocrx_word' id='word_1_9' title='bbox 1303 399 1466 450; x_wconf 89' lang='lat' dir='ltr'><strong>requiri,</strong></span> <span class='ocrx_word' id='word_1_10' title='bbox 1494 401 1655 452; x_wconf 78' lang='lat' dir='ltr'><strong>legitime</strong></span> <span class='ocrx_word' id='word_1_11' title='bbox 1684 415 1726 439; x_wconf 88' lang='lat' dir='ltr'><strong>ac</strong></span> 
     </span>
     <span class='ocr_line' id='line_1_3' title="bbox 190 455 1724 510; baseline 0.004 -18"><span class='ocrx_word' id='word_1_12' title='bbox 190 455 259 493; x_wconf 84' lang='lat' dir='ltr'><strong>rite</strong></span> <span class='ocrx_word' id='word_1_13' title='bbox 275 456 386 502; x_wconf 88' lang='lat' dir='ltr'><strong>actis,</strong></span> <span class='ocrx_word' id='word_1_14' title='bbox 405 456 600 494; x_wconf 89' lang='lat' dir='ltr'><strong>nobiscum</strong></span> <span class='ocrx_word' id='word_1_15' title='bbox 619 456 729 494; x_wconf 89' lang='lat' dir='ltr'><strong>etiam</strong></span> <span class='ocrx_word' id='word_1_16' title='bbox 749 456 860 507; x_wconf 90' lang='lat' dir='ltr'><strong>pleno</strong></span> <span class='ocrx_word' id='word_1_17' title='bbox 876 461 1030 494; x_wconf 88' lang='lat' dir='ltr'><strong>tractatu</strong></span> <span class='ocrx_word' id='word_1_18' title='bbox 1046 462 1082 494; x_wconf 91' lang='lat' dir='ltr'><strong>et</strong></span> <span class='ocrx_word' id='word_1_19' title='bbox 1099 458 1366 496; x_wconf 89' lang='lat' dir='ltr'><strong>deliberatione</strong></span> <span class='ocrx_word' id='word_1_20' title='bbox 1379 459 1620 510; x_wconf 75' lang='lat' dir='ltr'><strong>praehabitis,</strong></span> <span class='ocrx_word' id='word_1_21' title='bbox 1640 474 1724 498; x_wconf 91' lang='lat' dir='ltr'><strong>cum</strong></span> 
     </span>
     <span class='ocr_line' id='line_1_4' title="bbox 189 513 1726 568; baseline 0.004 -17"><span class='ocrx_word' id='word_1_22' title='bbox 189 513 373 552; x_wconf 90' lang='lat' dir='ltr'><strong>dictarum</strong></span> <span class='ocrx_word' id='word_1_23' title='bbox 392 514 620 552; x_wconf 90' lang='lat' dir='ltr'><strong>electrieium</strong></span> <span class='ocrx_word' id='word_1_24' title='bbox 639 515 748 565; x_wconf 85' lang='lat' dir='ltr'><strong>longe</strong></span> <span class='ocrx_word' id='word_1_25' title='bbox 766 527 850 565; x_wconf 89' lang='lat' dir='ltr'><strong>pars</strong></span> <span class='ocrx_word' id='word_1_26' title='bbox 870 514 988 564; x_wconf 85' lang='lat' dir='ltr'><strong>major</strong></span> <span class='ocrx_word' id='word_1_27' title='bbox 1011 520 1048 552; x_wconf 90' lang='lat' dir='ltr'><strong>et</strong></span> <span class='ocrx_word' id='word_1_28' title='bbox 1064 516 1206 562; x_wconf 83' lang='lat' dir='ltr'><strong>sanior,</strong></span> <span class='ocrx_word' id='word_1_29' title='bbox 1229 522 1270 554; x_wconf 92' lang='lat' dir='ltr'><strong>ut</strong></span> <span class='ocrx_word' id='word_1_30' title='bbox 1288 518 1551 568; x_wconf 91' lang='lat' dir='ltr'><strong>praemittitur,</strong></span> <span class='ocrx_word' id='word_1_31' title='bbox 1570 533 1726 557; x_wconf 87' lang='lat' dir='ltr'><strong>concor-</strong></span> 
     </span>
     <span class='ocr_line' id='line_1_5' title="bbox 188 572 1725 628; baseline 0.004 -18"><span class='ocrx_word' id='word_1_32' title='bbox 188 572 325 619; x_wconf 88' lang='lat' dir='ltr'><strong>dasset,</strong></span> <span class='ocrx_word' id='word_1_33' title='bbox 350 573 542 624; x_wconf 84' lang='lat' dir='ltr'><strong>nichilque</strong></span> <span class='ocrx_word' id='word_1_34' title='bbox 566 573 818 624; x_wconf 72' lang='lat' dir='ltr'><strong>repperiretur</strong></span> <span class='ocrx_word' id='word_1_35' title='bbox 848 573 950 624; x_wconf 88' lang='lat' dir='ltr'><strong>quod</strong></span> <span class='ocrx_word' id='word_1_36' title='bbox 974 574 1143 611; x_wconf 89' lang='lat' dir='ltr'><strong>electioni</strong></span> <span class='ocrx_word' id='word_1_37' title='bbox 1175 588 1239 612; x_wconf 87' lang='lat' dir='ltr'><strong>seu</strong></span> <span class='ocrx_word' id='word_1_38' title='bbox 1265 576 1401 614; x_wconf 84' lang='lat' dir='ltr'><strong>electae</strong></span> <span class='ocrx_word' id='word_1_39' title='bbox 1425 590 1618 628; x_wconf 82' lang='lat' dir='ltr'><strong>personae,</strong></span> <span class='ocrx_word' id='word_1_40' title='bbox 1637 579 1725 615; x_wconf 90' lang='lat' dir='ltr'><strong>dili-</strong></span> 
     </span>
     <span class='ocr_line' id='line_1_6' title="bbox 186 630 1724 687; baseline 0.005 -19"><span class='ocrx_word' id='word_1_41' title='bbox 186 632 287 682; x_wconf 81' lang='lat' dir='ltr'><strong>genti</strong></span> <span class='ocrx_word' id='word_1_42' title='bbox 318 630 592 669; x_wconf 82' lang='lat' dir='ltr'><strong>examinatione</strong></span> <span class='ocrx_word' id='word_1_43' title='bbox 627 632 844 683; x_wconf 86' lang='lat' dir='ltr'><strong>praemissa,</strong></span> <span class='ocrx_word' id='word_1_44' title='bbox 879 633 1068 670; x_wconf 85' lang='lat' dir='ltr'><strong>videretur</strong></span> <span class='ocrx_word' id='word_1_45' title='bbox 1101 634 1248 681; x_wconf 90' lang='lat' dir='ltr'><strong>obesse,</strong></span> <span class='ocrx_word' id='word_1_46' title='bbox 1273 635 1490 673; x_wconf 87' lang='lat' dir='ltr'><strong>electionem</strong></span> <span class='ocrx_word' id='word_1_47' title='bbox 1516 637 1724 687; x_wconf 80' lang='lat' dir='ltr'><strong>praedictae</strong></span> 
     </span>
     <span class='ocr_line' id='line_1_7' title="bbox 187 689 1723 746; baseline 0.005 -20"><span class='ocrx_word' id='word_1_48' title='bbox 187 689 361 726; x_wconf 88' lang='lat' dir='ltr'><strong>dominae</strong></span> <span class='ocrx_word' id='word_1_49' title='bbox 376 689 512 727; x_wconf 88' lang='lat' dir='ltr'><strong>Mariae</strong></span> <span class='ocrx_word' id='word_1_50' title='bbox 529 690 575 726; x_wconf 91' lang='lat' dir='ltr'><strong>de</strong></span> <span class='ocrx_word' id='word_1_51' title='bbox 593 694 720 727; x_wconf 89' lang='lat' dir='ltr'><strong>nostro</strong></span> <span class='ocrx_word' id='word_1_52' title='bbox 735 690 891 728; x_wconf 90' lang='lat' dir='ltr'><strong>consilio</strong></span> <span class='ocrx_word' id='word_1_53' title='bbox 905 695 941 728; x_wconf 87' lang='lat' dir='ltr'><strong>et</strong></span> <span class='ocrx_word' id='word_1_54' title='bbox 954 704 1123 738; x_wconf 89' lang='lat' dir='ltr'><strong>assensu,</strong></span> <span class='ocrx_word' id='word_1_55' title='bbox 1141 693 1398 743; x_wconf 89' lang='lat' dir='ltr'><strong>praesentibus</strong></span> <span class='ocrx_word' id='word_1_56' title='bbox 1417 694 1526 732; x_wconf 86' lang='lat' dir='ltr'><strong>etiam</strong></span> <span class='ocrx_word' id='word_1_57' title='bbox 1544 695 1723 746; x_wconf 82' lang='lat' dir='ltr'><strong>religiosis</strong></span> 
     </span>
     <span class='ocr_line' id='line_1_8' title="bbox 186 747 1722 798; baseline 0.005 -14"><span class='ocrx_word' id='word_1_58' title='bbox 186 747 275 786; x_wconf 86' lang='lat' dir='ltr'><strong>viris</strong></span> <span class='ocrx_word' id='word_1_59' title='bbox 293 747 375 785; x_wconf 86' lang='lat' dir='ltr'><strong>aliis</strong></span> <span class='ocrx_word' id='word_1_60' title='bbox 393 749 509 786; x_wconf 86' lang='lat' dir='ltr'><strong>nostri</strong></span> <span class='ocrx_word' id='word_1_61' title='bbox 530 749 692 795; x_wconf 91' lang='lat' dir='ltr'><strong>ordinis,</strong></span> <span class='ocrx_word' id='word_1_62' title='bbox 711 749 882 787; x_wconf 90' lang='lat' dir='ltr'><strong>videlicet</strong></span> <span class='ocrx_word' id='word_1_63' title='bbox 896 750 1072 788; x_wconf 84' lang='lat' dir='ltr'><strong>fratribus</strong></span> <span class='ocrx_word' id='word_1_64' title='bbox 1089 751 1286 788; x_wconf 88' lang='lat' dir='ltr'><strong>Salomone</strong></span> <span class='ocrx_word' id='word_1_65' title='bbox 1299 752 1347 789; x_wconf 88' lang='lat' dir='ltr'><strong>de</strong></span> <span class='ocrx_word' id='word_1_66' title='bbox 1366 753 1500 798; x_wconf 88' lang='lat' dir='ltr'><strong>Dunis,</strong></span> <span class='ocrx_word' id='word_1_67' title='bbox 1517 754 1657 791; x_wconf 69' lang='lat' dir='ltr'><strong>Jacob«,</strong></span> <span class='ocrx_word' id='word_1_68' title='bbox 1676 754 1722 791; x_wconf 92' lang='lat' dir='ltr'><strong>de</strong></span> 
     </span>
     <span class='ocr_line' id='line_1_9' title="bbox 186 806 1720 862; baseline 0.004 -19"><span class='ocrx_word' id='word_1_69' title='bbox 186 806 346 853; x_wconf 81' lang='lat' dir='ltr'><strong>Bodelo,</strong></span> <span class='ocrx_word' id='word_1_70' title='bbox 371 807 578 854; x_wconf 88' lang='lat' dir='ltr'><strong>cellerario,</strong></span> <span class='ocrx_word' id='word_1_71' title='bbox 597 807 771 858; x_wconf 79' lang='lat' dir='ltr'><strong>Aegidio,</strong></span> <span class='ocrx_word' id='word_1_72' title='bbox 796 809 1004 845; x_wconf 85' lang='lat' dir='ltr'><strong>consessore</strong></span> <span class='ocrx_word' id='word_1_73' title='bbox 1029 813 1117 846; x_wconf 90' lang='lat' dir='ltr'><strong>tunc</strong></span> <span class='ocrx_word' id='word_1_74' title='bbox 1146 809 1192 846; x_wconf 90' lang='lat' dir='ltr'><strong>de</strong></span> <span class='ocrx_word' id='word_1_75' title='bbox 1219 810 1370 856; x_wconf 88' lang='lat' dir='ltr'><strong>Biloka,</strong></span> <span class='ocrx_word' id='word_1_76' title='bbox 1397 811 1607 858; x_wconf 86' lang='lat' dir='ltr'><strong>Francone,</strong></span> <span class='ocrx_word' id='word_1_77' title='bbox 1639 826 1720 862; x_wconf 81' lang='lat' dir='ltr'><strong>por-</strong></span> 
     </span>
     <span class='ocr_line' id='line_1_10' title="bbox 186 864 1720 917; baseline 0.002 -15"><span class='ocrx_word' id='word_1_78' title='bbox 186 864 298 911; x_wconf 88' lang='lat' dir='ltr'><strong>tario,</strong></span> <span class='ocrx_word' id='word_1_79' title='bbox 321 869 357 902; x_wconf 88' lang='lat' dir='ltr'><strong>et</strong></span> <span class='ocrx_word' id='word_1_80' title='bbox 377 866 571 916; x_wconf 88' lang='lat' dir='ltr'><strong>Riquardo</strong></span> <span class='ocrx_word' id='word_1_81' title='bbox 595 866 641 903; x_wconf 93' lang='lat' dir='ltr'><strong>de</strong></span> <span class='ocrx_word' id='word_1_82' title='bbox 659 867 826 917; x_wconf 81' lang='lat' dir='ltr'><strong>Capella,</strong></span> <span class='ocrx_word' id='word_1_83' title='bbox 850 866 1065 917; x_wconf 88' lang='lat' dir='ltr'><strong>suppriore,</strong></span> <span class='ocrx_word' id='word_1_84' title='bbox 1091 866 1307 905; x_wconf 86' lang='lat' dir='ltr'><strong>auctoritate</strong></span> <span class='ocrx_word' id='word_1_85' title='bbox 1324 874 1359 906; x_wconf 89' lang='lat' dir='ltr'><strong>et</strong></span> <span class='ocrx_word' id='word_1_86' title='bbox 1376 869 1455 906; x_wconf 84' lang='lat' dir='ltr'><strong>vice</strong></span> <span class='ocrx_word' id='word_1_87' title='bbox 1473 869 1615 906; x_wconf 91' lang='lat' dir='ltr'><strong>domini</strong></span> <span class='ocrx_word' id='word_1_88' title='bbox 1635 871 1720 907; x_wconf 77' lang='lat' dir='ltr'><strong>cla..</strong></span> 
     </span>
     <span class='ocr_line' id='line_1_11' title="bbox 186 926 1721 982; baseline 0.004 -19"><span class='ocrx_word' id='word_1_89' title='bbox 186 926 421 964; x_wconf 89' lang='lat' dir='ltr'><strong>raevallensis</strong></span> <span class='ocrx_word' id='word_1_90' title='bbox 435 927 632 978; x_wconf 79' lang='lat' dir='ltr'><strong>praedicti,</strong></span> <span class='ocrx_word' id='word_1_91' title='bbox 646 928 868 979; x_wconf 84' lang='lat' dir='ltr'><strong>approbavit</strong></span> <span class='ocrx_word' id='word_1_92' title='bbox 882 933 918 965; x_wconf 89' lang='lat' dir='ltr'><strong>et</strong></span> <span class='ocrx_word' id='word_1_93' title='bbox 935 928 1172 966; x_wconf 83' lang='lat' dir='ltr'><strong>confirmavit</strong></span> <span class='ocrx_word' id='word_1_94' title='bbox 1188 930 1355 967; x_wconf 87' lang='lat' dir='ltr'><strong>eamdem</strong></span> <span class='ocrx_word' id='word_1_95' title='bbox 1366 960 1375 976; x_wconf 93' lang='lat'><strong>,</strong></span> <span class='ocrx_word' id='word_1_96' title='bbox 1393 931 1587 982; x_wconf 87' lang='lat' dir='ltr'><strong>ipsamque</strong></span> <span class='ocrx_word' id='word_1_97' title='bbox 1605 932 1721 969; x_wconf 89' lang='lat' dir='ltr'><strong>domi·</strong></span> 
     </span>
     <span class='ocr_line' id='line_1_12' title="bbox 185 984 1718 1036; baseline 0.005 -16"><span class='ocrx_word' id='word_1_98' title='bbox 185 996 271 1021; x_wconf 85' lang='lat' dir='ltr'><strong>nam</strong></span> <span class='ocrx_word' id='word_1_99' title='bbox 301 984 455 1022; x_wconf 87' lang='lat' dir='ltr'><strong>Mariam</strong></span> <span class='ocrx_word' id='word_1_100' title='bbox 485 986 523 1022; x_wconf 94' lang='lat' dir='ltr'><strong>in</strong></span> <span class='ocrx_word' id='word_1_101' title='bbox 555 986 655 1023; x_wconf 84' lang='lat' dir='ltr'><strong>dicto</strong></span> <span class='ocrx_word' id='word_1_102' title='bbox 686 987 909 1024; x_wconf 88' lang='lat' dir='ltr'><strong>monasterio</strong></span> <span class='ocrx_word' id='word_1_103' title='bbox 940 987 1163 1024; x_wconf 86' lang='lat' dir='ltr'><strong>abbatissam</strong></span> <span class='ocrx_word' id='word_1_104' title='bbox 1192 989 1418 1036; x_wconf 85' lang='lat' dir='ltr'><strong>concedens,</strong></span> <span class='ocrx_word' id='word_1_105' title='bbox 1450 990 1621 1027; x_wconf 88' lang='lat' dir='ltr'><strong>invocato</strong></span> <span class='ocrx_word' id='word_1_106' title='bbox 1651 991 1718 1027; x_wconf 90' lang='lat' dir='ltr'><strong>Dei</strong></span> 
     </span>
     <span class='ocr_line' id='line_1_13' title="bbox 185 1043 1719 1098; baseline 0.005 -19"><span class='ocrx_word' id='word_1_107' title='bbox 185 1043 354 1090; x_wconf 83' lang='lat' dir='ltr'><strong>nomine,</strong></span> <span class='ocrx_word' id='word_1_108' title='bbox 370 1044 545 1094; x_wconf 86' lang='lat' dir='ltr'><strong>praefecit</strong></span> <span class='ocrx_word' id='word_1_109' title='bbox 570 1044 730 1091; x_wconf 71' lang='lat' dir='ltr'><strong>ibidem3</strong></span> <span class='ocrx_word' id='word_1_110' title='bbox 753 1049 788 1082; x_wconf 92' lang='lat' dir='ltr'><strong>et</strong></span> <span class='ocrx_word' id='word_1_111' title='bbox 813 1050 855 1082; x_wconf 89' lang='lat' dir='ltr'><strong>ut</strong></span> <span class='ocrx_word' id='word_1_112' title='bbox 880 1045 1027 1096; x_wconf 89' lang='lat' dir='ltr'><strong>plenius</strong></span> <span class='ocrx_word' id='word_1_113' title='bbox 1058 1052 1303 1096; x_wconf 85' lang='lat' dir='ltr'><strong>cognoscatur</strong></span> <span class='ocrx_word' id='word_1_114' title='bbox 1329 1047 1366 1084; x_wconf 92' lang='lat' dir='ltr'><strong>in</strong></span> <span class='ocrx_word' id='word_1_115' title='bbox 1393 1061 1470 1098; x_wconf 90' lang='lat' dir='ltr'><strong>quo</strong></span> <span class='ocrx_word' id='word_1_116' title='bbox 1494 1053 1589 1085; x_wconf 87' lang='lat' dir='ltr'><strong>statu</strong></span> <span class='ocrx_word' id='word_1_117' title='bbox 1622 1049 1719 1086; x_wconf 90' lang='lat' dir='ltr'><strong>dicta</strong></span> 
     </span>
     <span class='ocr_line' id='line_1_14' title="bbox 183 1099 1719 1157; baseline 0.004 -20"><span class='ocrx_word' id='word_1_118' title='bbox 183 1099 335 1138; x_wconf 88' lang='lat' dir='ltr'><strong>domina</strong></span> <span class='ocrx_word' id='word_1_119' title='bbox 354 1102 467 1139; x_wconf 87' lang='lat' dir='ltr'><strong>Maria</strong></span> <span class='ocrx_word' id='word_1_120' title='bbox 486 1103 650 1152; x_wconf 85' lang='lat' dir='ltr'><strong>regimen</strong></span> <span class='ocrx_word' id='word_1_121' title='bbox 669 1103 887 1141; x_wconf 89' lang='lat' dir='ltr'><strong>commissae</strong></span> <span class='ocrx_word' id='word_1_122' title='bbox 904 1104 975 1141; x_wconf 90' lang='lat' dir='ltr'><strong>sibi</strong></span> <span class='ocrx_word' id='word_1_123' title='bbox 994 1104 1157 1155; x_wconf 87' lang='lat' dir='ltr'><strong>suscepit</strong></span> <span class='ocrx_word' id='word_1_124' title='bbox 1173 1105 1359 1151; x_wconf 87' lang='lat' dir='ltr'><strong>abbatiae,</strong></span> <span class='ocrx_word' id='word_1_125' title='bbox 1378 1106 1546 1157; x_wconf 83' lang='lat' dir='ltr'><strong>diligenti</strong></span> <span class='ocrx_word' id='word_1_126' title='bbox 1566 1106 1719 1143; x_wconf 88' lang='lat' dir='ltr'><strong>investi-</strong></span> 
     </span>
     <span class='ocr_line' id='line_1_15' title="bbox 183 1159 1717 1216; baseline 0.005 -20"><span class='ocrx_word' id='word_1_127' title='bbox 183 1159 331 1210; x_wconf 82' lang='lat' dir='ltr'><strong>gatione</strong></span> <span class='ocrx_word' id='word_1_128' title='bbox 360 1162 577 1211; x_wconf 83' lang='lat' dir='ltr'><strong>praemissa,</strong></span> <span class='ocrx_word' id='word_1_129' title='bbox 604 1163 685 1200; x_wconf 93' lang='lat' dir='ltr'><strong>talis</strong></span> <span class='ocrx_word' id='word_1_130' title='bbox 713 1163 885 1200; x_wconf 88' lang='lat' dir='ltr'><strong>inventus</strong></span> <span class='ocrx_word' id='word_1_131' title='bbox 912 1163 982 1200; x_wconf 87' lang='lat' dir='ltr'><strong>suit</strong></span> <span class='ocrx_word' id='word_1_132' title='bbox 1004 1168 1119 1201; x_wconf 84' lang='lat' dir='ltr'><strong>status</strong></span> <span class='ocrx_word' id='word_1_133' title='bbox 1147 1165 1358 1202; x_wconf 87' lang='lat' dir='ltr'><strong>monasterii</strong></span> <span class='ocrx_word' id='word_1_134' title='bbox 1382 1165 1601 1216; x_wconf 86' lang='lat' dir='ltr'><strong>supradicti,</strong></span> <span class='ocrx_word' id='word_1_135' title='bbox 1633 1179 1717 1202; x_wconf 89' lang='lat' dir='ltr'><strong>nam</strong></span> 
     </span>
     <span class='ocr_line' id='line_1_16' title="bbox 185 1218 1720 1274; baseline 0.003 -18"><span class='ocrx_word' id='word_1_136' title='bbox 185 1218 378 1256; x_wconf 88' lang='lat' dir='ltr'><strong>inventum</strong></span> <span class='ocrx_word' id='word_1_137' title='bbox 398 1220 468 1257; x_wconf 90' lang='lat' dir='ltr'><strong>suit</strong></span> <span class='ocrx_word' id='word_1_138' title='bbox 485 1221 614 1258; x_wconf 89' lang='lat' dir='ltr'><strong>eodem</strong></span> <span class='ocrx_word' id='word_1_139' title='bbox 634 1226 799 1272; x_wconf 87' lang='lat' dir='ltr'><strong>tempore</strong></span> <span class='ocrx_word' id='word_1_140' title='bbox 824 1221 959 1259; x_wconf 89' lang='lat' dir='ltr'><strong>debere</strong></span> <span class='ocrx_word' id='word_1_141' title='bbox 982 1222 1136 1260; x_wconf 89' lang='lat' dir='ltr'><strong>diversis</strong></span> <span class='ocrx_word' id='word_1_142' title='bbox 1159 1224 1326 1274; x_wconf 90' lang='lat' dir='ltr'><strong>personis</strong></span> <span class='ocrx_word' id='word_1_143' title='bbox 1351 1223 1593 1262; x_wconf 79' lang='lat' dir='ltr'><strong>DCCLXXlll</strong></span> <span class='ocrx_word' id='word_1_144' title='bbox 1615 1224 1664 1261; x_wconf 91' lang='lat' dir='ltr'><strong>lb.</strong></span> <span class='ocrx_word' id='word_1_145' title='bbox 1683 1229 1720 1261; x_wconf 88' lang='lat' dir='ltr'><strong>et</strong></span> 
     </span>
     <span class='ocr_line' id='line_1_17' title="bbox 183 1276 1719 1331; baseline 0.004 -17"><span class='ocrx_word' id='word_1_146' title='bbox 183 1276 267 1314; x_wconf 85' lang='lat' dir='ltr'><strong>XXI</strong></span> <span class='ocrx_word' id='word_1_147' title='bbox 278 1277 330 1323; x_wconf 76' lang='lat' dir='ltr'><strong>d.;</strong></span> <span class='ocrx_word' id='word_1_148' title='bbox 342 1277 428 1316; x_wconf 91' lang='lat' dir='ltr'><strong>item</strong></span> <span class='ocrx_word' id='word_1_149' title='bbox 440 1279 497 1316; x_wconf 92' lang='lat' dir='ltr'><strong>CC</strong></span> <span class='ocrx_word' id='word_1_150' title='bbox 507 1280 556 1317; x_wconf 90' lang='lat' dir='ltr'><strong>lb.</strong></span> <span class='ocrx_word' id='word_1_151' title='bbox 572 1281 672 1331; x_wconf 89' lang='lat' dir='ltr'><strong>apud</strong></span> <span class='ocrx_word' id='word_1_152' title='bbox 683 1294 767 1318; x_wconf 90' lang='lat' dir='ltr'><strong>suas</strong></span> <span class='ocrx_word' id='word_1_153' title='bbox 782 1285 918 1326; x_wconf 76' lang='lat' dir='ltr'><strong>curtes3</strong></span> <span class='ocrx_word' id='word_1_154' title='bbox 934 1286 970 1318; x_wconf 92' lang='lat' dir='ltr'><strong>ct</strong></span> <span class='ocrx_word' id='word_1_155' title='bbox 982 1281 1217 1319; x_wconf 88' lang='lat' dir='ltr'><strong>debebantur</strong></span> <span class='ocrx_word' id='word_1_156' title='bbox 1231 1287 1319 1319; x_wconf 90' lang='lat' dir='ltr'><strong>tunc</strong></span> <span class='ocrx_word' id='word_1_157' title='bbox 1328 1282 1447 1319; x_wconf 89' lang='lat' dir='ltr'><strong>eidem</strong></span> <span class='ocrx_word' id='word_1_158' title='bbox 1459 1283 1645 1320; x_wconf 77' lang='lat' dir='ltr'><strong>cccxnll</strong></span> <span class='ocrx_word' id='word_1_159' title='bbox 1657 1283 1719 1328; x_wconf 89' lang='lat' dir='ltr'><strong>lb.,</strong></span> 
     </span>
     <span class='ocr_line' id='line_1_18' title="bbox 182 1336 1720 1391; baseline 0.004 -19"><span class='ocrx_word' id='word_1_160' title='bbox 182 1339 218 1372; x_wconf 85' lang='lat' dir='ltr'><strong>et</strong></span> <span class='ocrx_word' id='word_1_161' title='bbox 230 1336 473 1386; x_wconf 86' lang='lat' dir='ltr'><strong>reputabatur</strong></span> <span class='ocrx_word' id='word_1_162' title='bbox 489 1337 626 1375; x_wconf 88' lang='lat' dir='ltr'><strong>habere</strong></span> <span class='ocrx_word' id='word_1_163' title='bbox 639 1339 898 1376; x_wconf 85' lang='lat' dir='ltr'><strong>sufficientiam</strong></span> <span class='ocrx_word' id='word_1_164' title='bbox 914 1339 1014 1376; x_wconf 87' lang='lat' dir='ltr'><strong>bladi</strong></span> <span class='ocrx_word' id='word_1_165' title='bbox 1035 1353 1154 1390; x_wconf 90' lang='lat' dir='ltr'><strong>usque</strong></span> <span class='ocrx_word' id='word_1_166' title='bbox 1172 1339 1218 1376; x_wconf 90' lang='lat' dir='ltr'><strong>ad</strong></span> <span class='ocrx_word' id='word_1_167' title='bbox 1238 1354 1391 1378; x_wconf 88' lang='lat' dir='ltr'><strong>messem</strong></span> <span class='ocrx_word' id='word_1_168' title='bbox 1413 1341 1618 1391; x_wconf 84' lang='lat' dir='ltr'><strong>proximam</strong></span> <span class='ocrx_word' id='word_1_169' title='bbox 1630 1370 1638 1386; x_wconf 94' lang='lat'><strong>,</strong></span> <span class='ocrx_word' id='word_1_170' title='bbox 1657 1342 1720 1378; x_wconf 84' lang='lat' dir='ltr'><strong>sed</strong></span> 
     </span>
     <span class='ocr_line' id='line_1_19' title="bbox 185 1393 1720 1450; baseline 0.005 -20"><span class='ocrx_word' id='word_1_171' title='bbox 185 1393 222 1430; x_wconf 93' lang='lat' dir='ltr'><strong>in</strong></span> <span class='ocrx_word' id='word_1_172' title='bbox 241 1393 342 1440; x_wconf 81' lang='lat' dir='ltr'><strong>aliis,</strong></span> <span class='ocrx_word' id='word_1_173' title='bbox 368 1395 541 1433; x_wconf 88' lang='lat' dir='ltr'><strong>videlicet</strong></span> <span class='ocrx_word' id='word_1_174' title='bbox 562 1397 709 1448; x_wconf 79' lang='lat' dir='ltr'><strong>siligine</strong></span> <span class='ocrx_word' id='word_1_175' title='bbox 727 1402 762 1434; x_wconf 86' lang='lat' dir='ltr'><strong>et</strong></span> <span class='ocrx_word' id='word_1_176' title='bbox 784 1411 915 1443; x_wconf 84' lang='lat' dir='ltr'><strong>avena,</strong></span> <span class='ocrx_word' id='word_1_177' title='bbox 941 1398 1126 1435; x_wconf 86' lang='lat' dir='ltr'><strong>desectum</strong></span> <span class='ocrx_word' id='word_1_178' title='bbox 1146 1412 1322 1448; x_wconf 84' lang='lat' dir='ltr'><strong>magnum</strong></span> <span class='ocrx_word' id='word_1_179' title='bbox 1342 1400 1435 1450; x_wconf 67' lang='lat' dir='ltr'><strong>pati,</strong></span> <span class='ocrx_word' id='word_1_180' title='bbox 1461 1404 1497 1436; x_wconf 91' lang='lat' dir='ltr'><strong>et</strong></span> <span class='ocrx_word' id='word_1_181' title='bbox 1513 1406 1618 1436; x_wconf 89' lang='lat' dir='ltr'><strong>erant</strong></span> <span class='ocrx_word' id='word_1_182' title='bbox 1636 1400 1720 1437; x_wconf 84' lang='lat' dir='ltr'><strong>offi-</strong></span> 
     </span>
     <span class='ocr_line' id='line_1_20' title="bbox 185 1451 1722 1508; baseline 0.004 -19"><span class='ocrx_word' id='word_1_183' title='bbox 185 1451 289 1490; x_wconf 87' lang='lat' dir='ltr'><strong>cinae</strong></span> <span class='ocrx_word' id='word_1_184' title='bbox 308 1455 521 1491; x_wconf 85' lang='lat' dir='ltr'><strong>monasterii</strong></span> <span class='ocrx_word' id='word_1_185' title='bbox 545 1455 768 1507; x_wconf 90' lang='lat' dir='ltr'><strong>improvisae</strong></span> <span class='ocrx_word' id='word_1_186' title='bbox 798 1456 844 1493; x_wconf 87' lang='lat' dir='ltr'><strong>de</strong></span> <span class='ocrx_word' id='word_1_187' title='bbox 874 1456 944 1493; x_wconf 92' lang='lat' dir='ltr'><strong>sibi</strong></span> <span class='ocrx_word' id='word_1_188' title='bbox 976 1457 1292 1507; x_wconf 86' lang='lat' dir='ltr'><strong>competentibus,</strong></span> <span class='ocrx_word' id='word_1_189' title='bbox 1322 1462 1434 1508; x_wconf 87' lang='lat' dir='ltr'><strong>atque</strong></span> <span class='ocrx_word' id='word_1_190' title='bbox 1466 1458 1580 1503; x_wconf 82' lang='lat' dir='ltr'><strong>unde,</strong></span> <span class='ocrx_word' id='word_1_191' title='bbox 1611 1463 1722 1508; x_wconf 83' lang='lat' dir='ltr'><strong>prout</strong></span> 
     </span>
     <span class='ocr_line' id='line_1_21' title="bbox 183 1510 1719 1567; baseline 0.005 -20"><span class='ocrx_word' id='word_1_192' title='bbox 183 1510 338 1549; x_wconf 86' lang='lat' dir='ltr'><strong>relatum</strong></span> <span class='ocrx_word' id='word_1_193' title='bbox 358 1526 601 1562; x_wconf 85' lang='lat' dir='ltr'><strong>personarum</strong></span> <span class='ocrx_word' id='word_1_194' title='bbox 622 1520 658 1552; x_wconf 89' lang='lat' dir='ltr'><strong>et</strong></span> <span class='ocrx_word' id='word_1_195' title='bbox 675 1515 872 1566; x_wconf 81' lang='lat' dir='ltr'><strong>praecipue</strong></span> <span class='ocrx_word' id='word_1_196' title='bbox 890 1516 1078 1553; x_wconf 90' lang='lat' dir='ltr'><strong>seniorum</strong></span> <span class='ocrx_word' id='word_1_197' title='bbox 1102 1516 1235 1554; x_wconf 90' lang='lat' dir='ltr'><strong>domus</strong></span> <span class='ocrx_word' id='word_1_198' title='bbox 1261 1517 1372 1566; x_wconf 85' lang='lat' dir='ltr'><strong>hujus</strong></span> <span class='ocrx_word' id='word_1_199' title='bbox 1397 1517 1606 1567; x_wconf 85' lang='lat' dir='ltr'><strong>accepimus</strong></span> <span class='ocrx_word' id='word_1_200' title='bbox 1626 1518 1719 1554; x_wconf 84' lang='lat' dir='ltr'><strong>fide-</strong></span> 
     </span>
     <span class='ocr_line' id='line_1_22' title="bbox 184 1569 549 1622; baseline 0.014 -16"><span class='ocrx_word' id='word_1_201' title='bbox 184 1569 384 1622; x_wconf 84' lang='lat' dir='ltr'><strong>dignorum</strong></span> <span class='ocrx_word' id='word_1_202' title='bbox 403 1578 462 1619; x_wconf 88' lang='lat' dir='ltr'><strong>ut,</strong></span> <span class='ocrx_word' id='word_1_203' title='bbox 482 1579 549 1611; x_wconf 89' lang='lat' dir='ltr'><strong>etc.</strong></span> 
     </span>
    </p>
   </div>
   <div class='ocr_carea' id='block_1_3' title="bbox 903 1661 1009 1670">
    <p class='ocr_par' dir='ltr' id='par_1_3' title="bbox 903 1661 1009 1670">
     <span class='ocr_line' id='line_1_23' title="bbox 903 1661 1009 1670; baseline 0 -2"><span class='ocrx_word' id='word_1_204' title='bbox 903 1661 1009 1670; x_wconf 45' lang='lat'><strong>⁴0—-</strong></span> 
     </span>
    </p>
   </div>
   <div class='ocr_carea' id='block_1_4' title="bbox 895 1812 1019 1850">
    <p class='ocr_par' dir='ltr' id='par_1_4' title="bbox 895 1812 1019 1850">
     <span class='ocr_line' id='line_1_24' title="bbox 895 1812 1019 1850; baseline -0.008 -1"><span class='ocrx_word' id='word_1_205' title='bbox 895 1812 1019 1850; x_wconf 86' lang='lat' dir='ltr'>XCIX.</span> 
     </span>
    </p>
   </div>
   <div class='ocr_carea' id='block_1_5' title="bbox 188 1937 1721 2048">
    <p class='ocr_par' dir='ltr' id='par_1_5' title="bbox 188 1937 1721 2048">
     <span class='ocr_line' id='line_1_25' title="bbox 188 1937 1721 1978; baseline -0.003 -1"><span class='ocrx_word' id='word_1_206' title='bbox 188 1939 348 1978; x_wconf 67' lang='lat' dir='ltr'><strong>Clement</strong></span> <span class='ocrx_word' id='word_1_207' title='bbox 369 1939 408 1977; x_wconf 92' lang='lat' dir='ltr'><em>V</em></span> <span class='ocrx_word' id='word_1_208' title='bbox 429 1940 590 1976; x_wconf 75' lang='lat' dir='ltr'><strong>autorise</strong></span> <span class='ocrx_word' id='word_1_209' title='bbox 609 1939 640 1976; x_wconf 85' lang='lat' dir='ltr'><strong>le</strong></span> <span class='ocrx_word' id='word_1_210' title='bbox 657 1945 767 1976; x_wconf 75' lang='lat' dir='ltr'><strong>comte</strong></span> <span class='ocrx_word' id='word_1_211' title='bbox 785 1939 829 1976; x_wconf 87' lang='lat' dir='ltr'><strong>de</strong></span> <span class='ocrx_word' id='word_1_212' title='bbox 857 1938 1025 1976; x_wconf 83' lang='lat' dir='ltr'><strong>Flandre</strong></span> <span class='ocrx_word' id='word_1_213' title='bbox 1044 1939 1066 1975; x_wconf 79' lang='grc' dir='ltr'><strong>ιὶ</strong></span> <span class='ocrx_word' id='word_1_214' title='bbox 1091 1937 1271 1975; x_wconf 85' lang='lat' dir='ltr'><strong>re&#39;clamer</strong></span> <span class='ocrx_word' id='word_1_215' title='bbox 1297 1951 1348 1974; x_wconf 80' lang='lat' dir='ltr'><strong>un</strong></span> <span class='ocrx_word' id='word_1_216' title='bbox 1372 1937 1518 1974; x_wconf 56' lang='lat' dir='ltr'><strong>sub-side</strong></span> <span class='ocrx_word' id='word_1_217' title='bbox 1537 1937 1721 1976; x_wconf 64' lang='lat' dir='ltr'><strong>ecclesias-</strong></span> 
     </span>
     <span class='ocr_line' id='line_1_26' title="bbox 460 1997 1444 2048; baseline -0.002 -14"><span class='ocrx_word' id='word_1_218' title='bbox 460 1999 556 2048; x_wconf 80' lang='lat' dir='ltr'><strong>tique</strong></span> <span class='ocrx_word' id='word_1_219' title='bbox 576 2010 675 2047; x_wconf 81' lang='lat' dir='ltr'><strong>pour</strong></span> <span class='ocrx_word' id='word_1_220' title='bbox 692 2010 814 2048; x_wconf 77' lang='lat' dir='ltr'><strong>payer</strong></span> <span class='ocrx_word' id='word_1_221' title='bbox 829 2010 865 2034; x_wconf 87' lang='lat' dir='ltr'><strong>ce</strong></span> <span class='ocrx_word' id='word_1_222' title='bbox 887 1997 980 2047; x_wconf 78' lang='lat' dir='ltr'><strong>qu’il</strong></span> <span class='ocrx_word' id='word_1_223' title='bbox 996 1997 1071 2034; x_wconf 81' lang='lat' dir='ltr'><strong>doit</strong></span> <span class='ocrx_word' id='word_1_224' title='bbox 1088 2010 1138 2034; x_wconf 69' lang='lat' dir='ltr'><strong>aa</strong></span> <span class='ocrx_word' id='word_1_225' title='bbox 1156 1998 1214 2034; x_wconf 82' lang='lat' dir='ltr'><strong>roi</strong></span> <span class='ocrx_word' id='word_1_226' title='bbox 1230 1997 1273 2033; x_wconf 82' lang='lat' dir='ltr'><strong>de</strong></span> <span class='ocrx_word' id='word_1_227' title='bbox 1291 1997 1444 2033; x_wconf 82' lang='lat' dir='ltr'><strong>France.</strong></span> 
     </span>
    </p>
   </div>
   <div class='ocr_carea' id='block_1_6' title="bbox 186 2202 1723 2428">
    <p class='ocr_par' dir='ltr' id='par_1_6' title="bbox 186 2202 1723 2428">
     <span class='ocr_line' id='line_1_27' title="bbox 235 2202 1723 2256; baseline -0.003 -14"><span class='ocrx_word' id='word_1_228' title='bbox 235 2205 403 2242; x_wconf 88' lang='lat' dir='ltr'><strong>Clemens</strong></span> <span class='ocrx_word' id='word_1_229' title='bbox 429 2205 641 2256; x_wconf 91' lang='lat' dir='ltr'><strong>episcopus,</strong></span> <span class='ocrx_word' id='word_1_230' title='bbox 669 2219 795 2243; x_wconf 87' lang='lat' dir='ltr'><strong>servus</strong></span> <span class='ocrx_word' id='word_1_231' title='bbox 821 2218 1011 2243; x_wconf 89' lang='lat' dir='ltr'><strong>servorum</strong></span> <span class='ocrx_word' id='word_1_232' title='bbox 1041 2205 1127 2250; x_wconf 82' lang='lat' dir='ltr'><strong>Dei,</strong></span> <span class='ocrx_word' id='word_1_233' title='bbox 1155 2203 1430 2240; x_wconf 85' lang='lat' dir='ltr'><strong>venerabilibus</strong></span> <span class='ocrx_word' id='word_1_234' title='bbox 1458 2202 1633 2239; x_wconf 78' lang='lat' dir='ltr'><strong>fratribus</strong></span> <span class='ocrx_word' id='word_1_235' title='bbox 1664 2215 1723 2238; x_wconf 83' lang='lat' dir='ltr'><strong>ar-</strong></span> 
     </span>
     <span class='ocr_line' id='line_1_28' title="bbox 186 2261 1723 2316; baseline -0.003 -14"><span class='ocrx_word' id='word_1_236' title='bbox 186 2264 433 2316; x_wconf 89' lang='lat' dir='ltr'><strong>chiepiscopis</strong></span> <span class='ocrx_word' id='word_1_237' title='bbox 453 2265 624 2302; x_wconf 85' lang='lat' dir='ltr'><strong>Remensi</strong></span> <span class='ocrx_word' id='word_1_238' title='bbox 643 2270 679 2302; x_wconf 86' lang='lat' dir='ltr'><strong>ct</strong></span> <span class='ocrx_word' id='word_1_239' title='bbox 695 2265 918 2303; x_wconf 88' lang='lat' dir='ltr'><strong>Tornacensi</strong></span> <span class='ocrx_word' id='word_1_240' title='bbox 931 2294 940 2311; x_wconf 93' lang='lat'><strong>,</strong></span> <span class='ocrx_word' id='word_1_241' title='bbox 966 2264 1230 2307; x_wconf 81' lang='lat' dir='ltr'><strong>Atti-ebatensi,</strong></span> <span class='ocrx_word' id='word_1_242' title='bbox 1251 2262 1449 2299; x_wconf 72' lang='lat' dir='ltr'><strong>lllorinensi</strong></span> <span class='ocrx_word' id='word_1_243' title='bbox 1470 2261 1669 2312; x_wconf 86' lang='lat' dir='ltr'><strong>episcopis,</strong></span> <span class='ocrx_word' id='word_1_244' title='bbox 1690 2266 1723 2297; x_wconf 86' lang='lat' dir='ltr'><strong>et</strong></span> 
     </span>
     <span class='ocr_line' id='line_1_29' title="bbox 187 2320 1722 2374; baseline -0.003 -14"><span class='ocrx_word' id='word_1_245' title='bbox 187 2322 370 2360; x_wconf 90' lang='lat' dir='ltr'><strong>universis</strong></span> <span class='ocrx_word' id='word_1_246' title='bbox 387 2336 429 2359; x_wconf 85' lang='lat' dir='ltr'><strong>ac</strong></span> <span class='ocrx_word' id='word_1_247' title='bbox 447 2323 602 2374; x_wconf 82' lang='lat' dir='ltr'><strong>singulis</strong></span> <span class='ocrx_word' id='word_1_248' title='bbox 629 2324 818 2374; x_wconf 84' lang='lat' dir='ltr'><strong>praelatis,</strong></span> <span class='ocrx_word' id='word_1_249' title='bbox 840 2323 1067 2373; x_wconf 89' lang='lat' dir='ltr'><strong>caeterisque</strong></span> <span class='ocrx_word' id='word_1_250' title='bbox 1092 2322 1260 2373; x_wconf 89' lang='lat' dir='ltr'><strong>personis</strong></span> <span class='ocrx_word' id='word_1_251' title='bbox 1279 2320 1534 2358; x_wconf 88' lang='lat' dir='ltr'><strong>ecclesiasticis</strong></span> <span class='ocrx_word' id='word_1_252' title='bbox 1553 2320 1590 2356; x_wconf 92' lang='lat' dir='ltr'><strong>in</strong></span> <span class='ocrx_word' id='word_1_253' title='bbox 1610 2333 1722 2370; x_wconf 80' lang='lat' dir='ltr'><strong>regno</strong></span> 
     </span>
     <span class='ocr_line' id='line_1_30' title="bbox 188 2378 1720 2428; baseline -0.004 -9"><span class='ocrx_word' id='word_1_254' title='bbox 188 2381 365 2419; x_wconf 86' lang='lat' dir='ltr'><strong>Franciae</strong></span> <span class='ocrx_word' id='word_1_255' title='bbox 392 2382 620 2428; x_wconf 86' lang='lat' dir='ltr'><strong>constitutis,</strong></span> <span class='ocrx_word' id='word_1_256' title='bbox 646 2382 684 2419; x_wconf 89' lang='lat' dir='ltr'><strong>in</strong></span> <span class='ocrx_word' id='word_1_257' title='bbox 711 2382 887 2419; x_wconf 85' lang='lat' dir='ltr'><strong>comitatu</strong></span> <span class='ocrx_word' id='word_1_258' title='bbox 918 2381 1136 2418; x_wconf 85' lang='lat' dir='ltr'><strong>Flandrensi</strong></span> <span class='ocrx_word' id='word_1_259' title='bbox 1169 2379 1396 2417; x_wconf 86' lang='lat' dir='ltr'><strong>ordinariam</strong></span> <span class='ocrx_word' id='word_1_260' title='bbox 1423 2378 1720 2428; x_wconf 88' lang='lat' dir='ltr'><strong>jurisdictionem</strong></span> 
     </span>
    </p>
   </div>
  </div>
 </body>
</html>
