2184 3074
747 258 909 297 CODEX
934 257 1181 296 DUNENSlS.
1660 259 1733 294 277

147 389 162 400 χ
198 378 299 424 talis,
328 382 480 428 propter
498 376 568 413 hoe
587 388 710 413 coram
730 375 839 412 nobis
858 374 1101 426 personaliter
1127 387 1345 424 comparens
1370 374 1405 410 in
1427 374 1632 425 praesentia
1653 389 1740 425 pro-

196 437 332 474 borum
367 435 637 486 plurimorum,
670 433 862 484 AEgidium
896 433 1005 470 talem
1037 432 1257 470 servientem
1289 433 1369 482 ejus
1401 433 1597 484 specialem
1629 446 1738 470 suum

197 492 391 533 constituit
409 499 638 545 receptorem
658 492 826 530 omnium
847 497 884 529 et
901 492 1134 543 singulorum
1154 492 1381 529 creditorum
1401 504 1554 529 suorum
1581 505 1623 529 ac
1641 492 1740 529 obli-

196 554 387 604 gationum
416 553 549 590 marito
572 565 640 589 suo
657 551 852 596 defuncto,
875 551 1096 602 sibimetipsi
1121 551 1177 588 vel
1196 550 1359 589 Jobanni
1381 551 1520 588 famulo
1540 550 1679 588 ibidem
1701 552 1737 588 in

197 612 366 664 partibus
379 611 508 648 vestris
523 615 671 648 mortuo
691 611 873 647 sactorum
886 639 895 656 ,
915 610 1066 647 nomine
1085 610 1254 660 ipsorum
1271 609 1472 659 conjugum
1484 639 1493 654 ,
1511 622 1738 660 quocunque

198 669 310 708 modo
344 669 455 707 suerit
479 669 536 706 vel
562 682 685 706 coram
713 669 1024 719 quibuscunque,
1051 669 1143 706 dans
1171 674 1206 706 et
1230 669 1437 706 concedens
1465 669 1564 706 dicto
1588 668 1737 719 AEgidio

197 728 337 767 famulo
363 742 431 766 suo
457 727 647 779 praedicto
669 728 817 779 plenam
837 733 871 765 et
900 728 1053 766 liberam
1074 733 1289 779 potestatem
1314 732 1350 765 et
1371 728 1588 765 mandatum
1612 727 1738 764 onmia

195 787 293 824 bona
313 786 359 823 ad
378 786 495 836 ipsam
515 786 681 823 relictam
698 786 934 837 pertinentia,
953 799 971 822 a
993 786 1131 823 famulo
1153 799 1220 823 suo
1240 785 1428 836 praedicto
1447 791 1530 836 post
1545 786 1735 823 decessum

196 844 276 894 ejus
301 844 440 882 ibidem
463 844 607 890 relicta,
631 845 851 895 ubicunque
877 845 1025 882 inventa
1046 845 1184 881 suerint
1200 845 1254 882 vel
1274 858 1340 895 per
1357 844 1546 895 AEgidium
1567 845 1735 895 praedic-

198 909 276 941 tum
297 903 456 941 inveniri
478 904 638 955 possint,
663 901 813 954 p'etendi
833 909 868 941 et
894 903 1118 954 reeipiendi,
1142 904 1342 941 creditores
1361 916 1448 941 suos
1472 908 1553 954 post
1571 903 1738 940 satisfac-

197 962 335 1000 tionem
363 962 552 1012 quitandi,
574 962 700 999 omnia
725 962 883 999 faciendi
910 975 1006 1013 quae
1034 962 1190 1012 ipsamet
1207 963 1341 998 faceret
1363 966 1427 998 aut
1450 961 1527 998 lieri
1555 962 1678 1012 posset
1699 962 1735 998 in

197 1021 408 1072 praemissis
427 1020 464 1058 et
476 1021 677 1072 praemissa
695 1022 949 1072 tangentibus,
968 1022 997 1059 si
1018 1022 1260 1072 personaliter
1273 1035 1397 1058 coram
1414 1021 1520 1058 vobis
1535 1020 1737 1066 interesset,

197 1084 366 1131 rogantes
388 1085 529 1117 vestrae
546 1080 766 1131 prudentiae
793 1080 1030 1118 dilectionem
1059 1086 1242 1132 quatenus
1265 1081 1365 1117 (licto
1390 1080 1557 1131 AEgidio,
1581 1094 1665 1117 cum
1691 1080 1736 1117 ad

196 1150 262 1175 vos
279 1139 487 1185 accesserit,
505 1152 593 1190 ope,
612 1139 754 1176 auxilio
772 1144 807 1176 et
825 1139 981 1176 consilio
1001 1140 1169 1177 assistere
1191 1139 1312 1176 velitis
1331 1139 1368 1176 in
1390 1139 1509 1176 causis
1528 1139 1605 1176 suis
1623 1139 1737 1176 ratio-

197 1196 386 1234 nabilibus
417 1202 452 1234 ct
477 1197 659 1244 honestis,
685 1202 728 1235 ut
751 1198 780 1235 si
809 1199 874 1248 qui
903 1198 1102 1236 creditores
1129 1198 1185 1235 vcl
1216 1198 1427 1235 detentores
1453 1197 1639 1234 bonorum
1668 1198 1737 1234 ali-

195 1269 357 1307 quorum
375 1270 438 1294 seu
465 1257 689 1295 creditorum
715 1258 863 1295 relictae
882 1258 1091 1309 praedictae
1118 1257 1187 1308 ipsi
1206 1257 1357 1307 AEgidio
1385 1257 1482 1293 bona
1510 1257 1567 1293 vel
1599 1257 1738 1294 credita

196 1314 370 1352 dominae
399 1328 486 1352 suae
509 1315 716 1353 deliberare
752 1316 1018 1361 recusaverint,
1053 1317 1099 1353 ad
1134 1316 1420 1353 satisfactionem
1448 1320 1483 1351 et
1513 1315 1734 1352 solutionem

196 1379 482 1425 competentem,
501 1380 614 1425 prout
632 1376 740 1412 vobis
757 1375 899 1413 subditi
916 1376 1065 1420 fuerint,
1080 1375 1302 1426 compellere
1317 1374 1436 1411 velitis
1451 1379 1487 1410 et
1500 1387 1583 1410 eum
1596 1380 1736 1422 quanto

197 1432 243 1470 de
265 1433 351 1483 jure
375 1434 544 1484 poteritis
572 1434 825 1472 favorabiliter
856 1435 1046 1485 expedire,
1082 1439 1224 1471 tantum
1258 1433 1344 1470 inde
1378 1433 1551 1469 facientes
1577 1432 1613 1468 in
1647 1432 1738 1469 sub—

197 1491 334 1530 sidium
354 1492 450 1542 juris
469 1498 651 1544 quantum
677 1507 744 1531 nos
770 1507 839 1544 pro
864 1493 971 1531 vobis
999 1494 1054 1530 vel
1081 1493 1210 1530 vestris
1230 1493 1266 1529 in
1294 1505 1380 1529 casu
1406 1491 1590 1528 consimili
1621 1492 1738 1527 facere

197 1551 338 1589 velletis
364 1552 420 1589 vel
439 1552 585 1601 majori.

898 1618 1016 1628 ..σ’-

854 1740 1075 1778 CLXXVlll.

347 1848 591 1884 Procurate'on
610 1848 749 1885 donne'e
767 1850 789 1885 d
808 1849 956 1893 Marro,
977 1847 1185 1885 marchand
1202 1854 1234 1884 el
1251 1850 1387 1897 ciloyen
1408 1848 1451 1883 cle
1473 1848 1591 1884 Bonae.

250 2021 437 2060 Universis
458 2029 667 2073 praesentes
695 2024 833 2061 litteras
863 2025 1085 2075 inspecturis
1110 2024 1319 2069 Jobannes,
1352 2022 1587 2059 miseratione
1611 2020 1736 2057 divina

199 2079 432 2118 Tusculanus
449 2081 662 2132 episcopus,
681 2083 837 2120 salutem
856 2083 894 2119 in
909 2083 1083 2120 Domino.
1100 2083 1250 2119 Noverit
1264 2081 1484 2118 universitas
1502 2085 1620 2116 vestra
1635 2078 1738 2129 quod

199 2138 422 2176 constitutus
435 2140 473 2176 in
493 2141 697 2190 praesentia
714 2146 836 2179 nostra
864 2142 1045 2179 discretus
1074 2142 1130 2178 vir
1147 2141 1328 2192 Angelus,
1363 2144 1471 2176 natus
1502 2138 1639 2175 nobilis
1665 2137 1734 2173 viri

199 2196 296 2234 Petri
318 2197 466 2235 Henrici
483 2199 611 2237 militis
625 2200 671 2236 de
693 2201 808 2247 Urbe,
828 2201 985 2238 dilectus
1003 2201 1303 2251 consanguineus
1323 2204 1461 2244 noster,
1482 2197 1582 2243 fecit,
1600 2197 1740 2234 eonsti-

201 2256 272 2293 tuit
300 2260 335 2293 et
365 2257 553 2294 ordinavit
579 2271 689 2295 suum
720 2273 850 2296 verum
882 2265 917 2297 et
948 2260 1154 2311 legitimum
1187 2263 1483 2310 procuratorem,
1515 2261 1675 2293 actorem
1707 2261 1741 2292 et

202 2315 376 2352 nuntium
400 2316 596 2366 specialem
617 2317 843 2364 Mari-onem,
863 2319 979 2356 civem
1000 2324 1035 2356 et
1053 2324 1293 2356 mercatorem
1314 2319 1541 2358 Romanum,
1571 2315 1654 2352 licet
1672 2315 1739 2351 ab·

203 2379 361 2421 sentem,
385 2375 430 2412 ad
465 2376 684 2426 petendum,
715 2378 939 2429 exigendum
968 2383 1003 2415 et
1028 2377 1284 2429 recipiendum
1316 2391 1335 2413 a
1364 2376 1424 2413 tali
1459 2380 1620 2412 tantum.
1647 2374 1739 2410 dans
