2184 3074
738 342 899 381 CODEX
927 344 1174 382 DUNENSIS.
1675 349 1716 385 5¹

187 462 307 500 ferens
324 466 360 499 et
377 461 582 499 concedens
602 461 692 512 ipsis
710 461 1015 511 procuratoribus
1034 465 1070 498 ct
1088 475 1216 498 eorum
1235 462 1389 499 cuilibet
1407 462 1554 512 plenam
1574 468 1609 500 et
1628 463 1721 500 libe-

186 533 263 558 ram
283 524 499 572 potestatem
518 523 554 557 et
571 519 728 570 speciale
747 519 963 556 mandatum
991 532 1058 556 suo
1087 520 1238 557 nomine
1267 520 1303 556 in
1332 521 1542 570 praemissis
1568 521 1719 571 agendi,

184 578 347 629 petendi,
361 570 545 630 exigendi,
559 577 775 629 recipiendi,
790 577 1020 614 distrahendi
1035 578 1225 628 quondam
1242 578 1329 614 dicti
1340 579 1382 615 G.
1394 579 1503 624 bona,
1513 579 1717 616 secundum

185 637 341 675 formam
359 642 395 674 et
412 641 576 674 tenorem
598 635 804 674 testamenti
825 635 1023 686 praedicti,
1048 640 1084 672 et
1111 635 1268 673 faciendi
1296 636 1427 689 finem,
1456 637 1718 687 quitationem,

184 695 463 742 refutationem,
485 695 741 732 remissionem
766 699 802 731 et
821 699 970 744 paetum
990 694 1166 731 omnibus
1185 699 1221 731 et
1236 695 1391 745 singulis
1410 695 1576 745 personis
1595 710 1613 732 a
1632 697 1719 747 qui-

182 753 251 791 bus
269 753 477 804 receperint
493 754 550 790 vel
569 754 749 804 receperit
766 753 863 790 dicta
882 753 991 798 bona,
1012 753 1049 789 in
1068 753 1358 804 quibuscunque
1378 754 1487 791 rebus
1503 754 1716 801 consistant,

181 816 274 850 etex
289 812 362 850 illis
378 813 562 859 solvendi,
577 813 793 850 restituendi
809 817 845 849 et
859 812 1066 863 exequendi
1083 813 1120 848 in
1137 817 1318 863 quantum
1334 827 1372 850 se
1388 813 1602 863 hujusmodi
1619 815 1715 852 bona

180 871 378 908 extendere
396 871 602 922 potuerint,
627 871 687 908 illa'
706 871 855 922 quaein
875 870 1108 908 ordinatione
1128 871 1216 908 dicti
1239 873 1445 909 testamenti
1460 873 1608 923 plenius
1625 886 1717 910 con-

180 929 358 976 tinentur,
375 935 417 967 ut
435 930 644 968 executioni
664 930 810 967 debitae
833 943 900 980 per
921 942 982 967 eos
1001 930 1057 966 vel
1078 930 1144 980 per
1167 943 1251 966 eum
1273 930 1379 980 juxta
1398 931 1487 968 dicti
1508 932 1714 970 testamenti

179 992 343 1026 tenorem
359 993 395 1026 et
408 988 565 1025 formam
579 986 796 1025 demandari
810 987 957 1024 valeant
970 1001 1055 1024 cum
1075 988 1217 1025 effectu.
1237 987 1292 1024 Ad
1312 1001 1407 1038 qnae
1426 989 1522 1026 idem
1539 989 1714 1028 dominus

177 1045 292 1083 abbas
307 1059 373 1096 per
387 1045 444 1083 sui
458 1045 569 1096 sigilli
584 1045 848 1096 appensionem
864 1045 910 1082 ad
924 1045 1012 1082 dicti
1028 1046 1209 1083 testatoris
1224 1046 1438 1083 instantiam
1452 1051 1488 1083 et
1501 1048 1715 1098 requisitio-

177 1118 260 1143 nem
281 1119 319 1143 se
334 1106 490 1143 asseruit
505 1105 687 1157 obligasse
705 1110 741 1143 et
758 1105 976 1157 generaliter
993 1105 1117 1142 omnia
1135 1090 1175 1142 ἑῩ
1187 1106 1333 1157 singula
1352 1107 1422 1143 alia
1443 1107 1480 1144 in
1499 1108 1713 1158 praemissis

177 1166 212 1202 et
236 1163 275 1201 in
299 1164 587 1215 praemissorum
614 1165 782 1216 quolibet
799 1165 956 1202 faciendi
977 1169 1012 1202 ct
1030 1166 1224 1202 exercendi
1244 1179 1339 1216 quae
1361 1166 1398 1202 in
1422 1166 1494 1203 illis
1520 1171 1555 1203 et
1582 1180 1711 1204 eorum
1755 1194 1759 1196 -

177 1222 345 1274 quolibet
363 1227 399 1260 et
417 1223 514 1261 circa
533 1223 595 1260 illa
616 1223 818 1261 necessaria
838 1223 975 1260 suerint
993 1237 1056 1261 seu
1077 1229 1302 1274 opportuna,
1321 1224 1430 1261 etiam
1446 1225 1475 1261 si
1492 1226 1710 1262 mandatum

177 1283 326 1333 exigant
348 1283 405 1319 vel
433 1283 555 1333 exigat
579 1283 758 1333 speciale,
785 1287 821 1319 et
841 1295 937 1333 quae
966 1283 1044 1333 ipse
1068 1282 1183 1319 abbas
1212 1283 1346 1319 faceret
1369 1287 1402 1319 et
1427 1288 1611 1320 exerceret
1646 1297 1710 1320 seu

175 1341 293 1378 facere
314 1346 350 1378 et
370 1355 539 1379 exercere
552 1347 676 1394 posset
693 1347 729 1379 et
741 1341 891 1379 deberet
905 1342 942 1378 in
958 1342 1169 1392 praemissis
1183 1346 1218 1378 et
1230 1342 1400 1392 quolibet
1411 1343 1710 1393 praemissorum.

174 1398 204 1437 si
231 1401 474 1451 personaliter
499 1401 707 1446 interesset,
732 1405 873 1449 ratum,
896 1405 1042 1452 gratum
1067 1405 1103 1438 et
1129 1401 1278 1438 firmum
1307 1407 1486 1452 perpetuo
1514 1402 1710 1440 habiturus

173 1458 355 1510 quicquid
374 1472 441 1510 per
458 1456 576 1496 dictos
594 1463 851 1510 procuratores
869 1472 956 1496 suos
974 1463 1038 1496 aut
1055 1472 1121 1510 per
1138 1459 1294 1496 alterum
1313 1472 1440 1496 eorum
1459 1459 1496 1496 in
1512 1460 1710 1510 praedictis

173 1520 208 1553 et
225 1515 394 1568 quolibet
412 1517 688 1568 praedictorum
707 1521 849 1564 actum,
869 1522 1125 1568 procuratum,
1140 1522 1335 1555 executum
1351 1518 1462 1555 suerit
1474 1518 1551 1555 sive
1564 1523 1707 1569 gestum

172 1574 242 1612 sub
256 1574 445 1626 'ypotheca
463 1589 588 1613 rerum
607 1575 696 1613 dicti
716 1575 930 1613 monasterii
950 1580 986 1613 et
1003 1576 1200 1613 bonorum.

220 1634 354 1672 Actum
374 1634 507 1686 Brugis
526 1635 563 1671 in
583 1635 695 1672 domo
714 1646 827 1686 quam
846 1647 890 1671 eo
908 1638 1072 1685 tempore
1090 1634 1187 1671 dicta
1207 1634 1399 1679 Katerina,
1421 1633 1532 1670 vidua
1551 1635 1706 1684 praefati

172 1691 373 1738 testatoris,
392 1691 642 1739 inhabitabat,
660 1705 778 1739 anno,
799 1691 1021 1737 indictione,
1040 1703 1185 1734 mense,
1204 1691 1283 1737 die,
1311 1691 1400 1728 hora
1427 1696 1462 1728 et
1488 1692 1706 1742 pontificatu

170 1750 383 1801 praedictis,
403 1751 661 1801 praesentibus
681 1750 845 1788 honestis
863 1755 899 1787 et
917 1750 1082 1801 providis
1109 1750 1245 1787 talibus
1270 1754 1306 1786 et
1327 1749 1463 1786 talibus
1486 1750 1641 1788 testibus
1659 1751 1704 1788 ad

170 1809 370 1859 praemissa
388 1809 528 1847 vocatis
548 1809 585 1846 in
605 1809 859 1847 testimonium
879 1813 914 1845 et
932 1809 1080 1859 rogatis.

219 1867 264 1904 Et
281 1881 349 1918 ego
366 1868 412 1913 J.,
426 1867 670 1905 Tornacensis
690 1867 858 1917 dyocesis
876 1866 1050 1917 publicus
1070 1867 1187 1902 almae
1204 1865 1308 1902 urbis
1326 1866 1513 1903 Romanae
1532 1866 1702 1915 praefecti

169 1930 204 1962 et
227 1926 319 1963 sacri
348 1925 494 1976 imperii
521 1926 663 1962 romani
690 1925 906 1962 auctoritate
938 1924 1121 1970 notarius,
1145 1923 1321 1960 omnibus
1348 1928 1384 1960 et
1409 1923 1563 1974 singulis
1593 1930 1703 1974 prout

169 1984 339 2035 superius
366 1997 448 2021 meo
473 1984 623 2021 nomine
648 1989 736 2021 sunt
753 1997 941 2035 expressa,
959 1996 1132 2034 praesens
1158 1982 1327 2027 interfui,
1349 1995 1421 2019 una
1442 1995 1526 2018 cum
1549 1983 1702 2021 testibus

168 2043 474 2093 praenominatis,
493 2047 528 2080 et
540 2056 559 2080 a
574 2044 738 2094 praefato
756 2043 910 2080 domino
929 2042 990 2079 W.
1009 2046 1158 2092 rogatus
1178 2041 1249 2078 hoc
1268 2041 1554 2078 instrumentum
1574 2042 1702 2091 publi-

169 2115 253 2138 cum
273 2115 318 2139 ex
336 2101 546 2152 praemissis
565 2102 726 2147 confeci,
745 2101 932 2153 publicavi
952 2105 987 2138 et
1005 2100 1043 2137 in
1064 2100 1158 2137 lianc
1177 2099 1365 2150 publicam
1385 2100 1541 2135 sormam
1560 2099 1699 2149 redegi,

168 2160 318 2211 propria
341 2173 454 2198 manu
478 2161 608 2212 scripsi
631 2162 742 2212 atq'ue
761 2174 842 2199 meo
862 2160 1027 2207 nomine,
1046 2159 1267 2210 cognomine
1292 2163 1327 2195 et
1348 2159 1453 2209 signo
1478 2158 1586 2195 solito
1609 2171 1700 2195 con-

167 2221 321 2271 signavi.
