2184 3074
747 280 908 318 CODEX
935 281 1180 320 DUNENSIS.
1655 286 1726 324 529

194 400 296 451 quod
323 405 458 438 statum
484 406 649 439 vestrum
671 401 856 452 integrum
881 406 916 438 et
934 402 1177 453 tranquillum
1207 403 1312 439 novis
1340 403 1546 453 procuratis
1572 402 1728 440 divisio·

196 458 307 498 nibus
330 460 584 506 immutarent,
603 459 828 497 adducentes
848 459 886 496 in
904 472 969 497 vos
987 460 1248 498 commotionis
1268 460 1456 498 turbinem
1475 464 1511 498 et
1530 461 1728 498 inserentes

195 517 403 556 discordiae
427 515 698 570 tempestatem,
719 518 867 555 crebras
888 518 1058 556 faciendo
1079 519 1380 565 convocationes,
1399 532 1511 570 prava
1534 519 1729 557 conventi-

195 576 278 615 cula
291 577 502 614 ordinando
516 581 552 615 et
564 589 629 614 vos
643 576 690 614 ad
705 576 794 614 haec
808 576 948 628 iniquis
962 581 998 614 et
1010 576 1140 615 calidis
1153 577 1453 628 suggestionibus
1467 578 1729 630 pertrahendo,

191 636 246 674 >ita
266 636 390 687 quod,
418 638 503 674 cum
526 636 717 674 debebatis
737 636 775 673 in
797 636 945 674 silentio
965 641 1001 674 et
1025 636 1150 688 quiete
1176 637 1371 675 imminere
1390 637 1495 675 libris
1517 642 1554 675 et
1580 637 1727 675 lectioni

194 706 340 740 vacare,
358 695 553 745 oportebat
570 707 635 732 vos
654 699 806 746 propter
823 695 891 732 ista
915 695 1125 733 intermisso
1149 695 1273 733 studio
1296 696 1522 734 clamoribus
1543 701 1579 734 et
1596 695 1730 747 strepi-

195 751 295 789 tibus
325 752 500 790 interesse
522 766 564 790 ac
586 766 654 804 pro
674 753 780 791 vanis
808 758 844 790 et
869 753 1084 804 incongruis
1109 754 1327 792 tractatibus
1361 754 1543 792 inutiliter
1571 754 1729 805 evagari.

198 809 236 847 Si
273 823 361 862 ergo
394 810 495 848 viros
527 815 600 848 tam
637 811 852 862 pestilentes
887 811 1127 862 corripimus,
1160 812 1189 850 si
1225 812 1468 850 ecclesiastica
1501 811 1732 850 districtione

198 869 328 906 talium
371 869 614 907 temeritatem
648 882 834 916 arcemus,
869 870 899 907 si
935 869 1068 907 horum
1106 870 1267 921 maligna
1303 871 1496 908 molimina
1532 871 1732 922 apostolica

198 928 415 965 auctoritate
457 929 683 966 conterimus
698 958 708 975 ,
742 929 876 980 impias
919 929 1174 980 colligationes
1214 930 1453 968 dissolvimus
1493 935 1529 967 et
1575 930 1732 981 reproba

199 986 353 1024 consilia
389 986 612 1037 dissipamus
628 1016 637 1033 ,
668 987 856 1025 ordinatas
895 987 1055 1025 malitiae
1092 1001 1181 1026 suae
1220 988 1411 1026 machinas
1442 989 1733 1039 confringentes,

199 1056 248 1081 ne
281 1044 397 1082 libere
432 1045 567 1082 feriant
602 1050 638 1083 et
665 1043 963 1097 'praeconceptas
999 1046 1159 1084 inserant
1200 1047 1395 1094 laesiones,
1430 1047 1476 1084 de
1515 1046 1586 1083 hoc
1622 1046 1735 1083 vehe-

202 1106 346 1141 menter
379 1104 540 1154 gaudere
569 1105 711 1143 debetis
743 1110 779 1142 et
804 1109 980 1157 tanquam
1011 1106 1057 1143 de
1088 1107 1211 1157 magni
1244 1106 1413 1144 beneficii
1443 1106 1543 1142 dono
1572 1118 1736 1142 commu·

203 1163 300 1201 niter
316 1164 502 1210 exultare,
521 1165 608 1215 quia
635 1165 840 1203 resistendo
866 1165 987 1203 taliter
1010 1166 1081 1203 hiis
1102 1166 1282 1217 perversis
1300 1170 1336 1203 et
1359 1166 1388 1203 si
1409 1166 1550 1203 bonum
1569 1165 1737 1215 generale

203 1221 364 1271 agimus,
395 1226 558 1260 vestrum
590 1224 947 1275 tamenprot'ectum
978 1225 1186 1275 specialiter
1215 1237 1471 1276 procuramus.
1499 1223 1614 1260 Porro
1651 1235 1735 1259 cum

202 1279 327 1318 dilecti
353 1280 420 1317 filii
435 1281 564 1319 fratres
583 1281 854 1332 praedicatores
881 1286 916 1320 et
941 1283 1103 1320 minores
1123 1282 1345 1320 parisienses
1368 1282 1499 1320 Sacrae
1525 1281 1737 1331 Scripturae

202 1338 327 1376 studio
348 1339 478 1376 sedulo
505 1339 734 1378 inhaerendo
760 1341 832 1378 sibi
854 1347 890 1378 et
913 1341 995 1379 aliis
1026 1341 1187 1378 multum
1219 1341 1432 1392 proficiant,
1452 1339 1611 1390 insignia
1646 1339 1738 1376 lucis

203 1409 314 1447 opera
333 1397 380 1434 de
395 1410 462 1434 sua
481 1397 631 1435 instanti
645 1398 836 1449 vigilantia
855 1403 891 1436 et
904 1398 1079 1436 instantia
1094 1399 1196 1450 vigili
1212 1399 1457 1450 proferentes,
1473 1401 1624 1448 propter
1636 1397 1738 1448 quod

205 1469 250 1493 ex
264 1455 354 1507 ipsis
364 1457 636 1494 Parisicnsibus
653 1457 821 1495 studium
832 1458 972 1509 grande
983 1462 1224 1509 augmentum
1239 1458 1414 1508 recipitet
1428 1454 1606 1494 eximium
1620 1460 1738 1492 vestra

205 1514 425 1553 universitas
448 1520 725 1563 ornamentum,
750 1516 946 1554 turbamur
966 1517 1286 1568 quamplurimum
1313 1521 1348 1553 et
1374 1515 1479 1552 vobis
1503 1515 1613 1551 etiam
1632 1513 1741 1550 debet

205 1573 527 1624 quamplurimum
548 1574 759 1625 displicere,
776 1588 861 1612 cum
879 1575 995 1626 aliqui
1023 1575 1079 1612 sui
1111 1575 1246 1612 aemuli
1273 1579 1407 1612 statum
1429 1574 1595 1624 ipsorum
1615 1572 1741 1609 humi—

207 1631 279 1669 lem
298 1636 334 1669 et
350 1633 519 1683 quietum
539 1633 752 1670 subvertere
772 1634 991 1680 moliuntur,
1010 1638 1046 1671 et
1065 1647 1131 1671 nos
1149 1633 1324 1671 adversus
1342 1646 1470 1670 eorum
1491 1631 1740 1668 innocentiam

207 1703 457 1739 commovere,
470 1705 633 1743 quorum
648 1693 813 1744 profecto
828 1694 934 1731 multi
950 1695 1101 1731 suerunt
1118 1707 1162 1730 ex
1177 1693 1282 1730 vobis
1302 1698 1337 1730 ct
1354 1693 1400 1729 de
1419 1697 1540 1729 vestro
1553 1690 1740 1728 consortio

208 1749 254 1787 ad
280 1750 447 1801 regulare
470 1751 667 1802 collegium
696 1753 940 1799 transierunt,
965 1766 1205 1803 quorumque
1227 1751 1505 1789 necessitatibus
1531 1750 1578 1786 de
1603 1753 1743 1786 vestrae

208 1808 370 1846 caritatis
398 1809 630 1847 eleemosinis
655 1814 691 1847 et
713 1811 891 1848 subsidiis
911 1811 1102 1862 potissime
1120 1811 1357 1855 subvenitur,
1385 1814 1420 1846 et
1447 1809 1511 1860 qui
1539 1821 1607 1859 pro
1638 1807 1742 1844 vobis

209 1866 374 1904 divinam
394 1868 626 1906 clementiam
642 1869 773 1907 devota
788 1874 824 1907 et
836 1869 984 1907 assidua
1005 1869 1276 1920 supplicatione
1292 1869 1509 1919 deposcunt.
1529 1866 1635 1903 Unde
1655 1866 1742 1916 quia

210 1923 460 1964 intelleximus
481 1927 583 1977 quod
611 1927 727 1978 aliqui
748 1932 875 1965 contra
893 1928 1041 1965 eosdem
1068 1928 1196 1965 fratres
1221 1932 1402 1978 quantum
1427 1926 1472 1963 ad
1497 1923 1744 1976 praedicatio-

212 1996 314 2029 nem,
340 1984 629 2030 confessionem,
655 1985 883 2023 audientiam
906 1999 1035 2024 eorum
1061 1990 1096 2023 ct
1120 1986 1394 2023 mendicitatem
1414 1990 1450 2022 et
1467 1983 1591 2035 quoad
1616 1982 1686 2020 alia
1706 1982 1743 2019 in

212 2041 336 2088 scolis,
355 2043 694 2092 praedicationibus
713 2049 750 2082 et
772 2045 862 2082 alibi
886 2045 1031 2096 linguas
1055 2045 1218 2082 relaxare
1240 2045 1461 2094 maliloquas
1487 2054 1745 2094 praesumpse-

214 2103 319 2146 runt,
338 2113 413 2138 non
428 2101 528 2152 ipsos
539 2102 636 2139 forte
649 2107 685 2140 et
703 2103 853 2154 proprie
871 2103 1116 2154 exprimendo
1134 2102 1344 2147 vocabulis,
1363 2101 1427 2139 sed
1446 2105 1569 2151 aperte
1585 2099 1746 2151 quibus-

213 2158 299 2195 dam
318 2158 427 2196 certis
441 2159 838 2198 circumlocutionibus
857 2161 1095 2207 innnuendo,
1114 2174 1181 2198 nos
1200 2160 1429 2198 attendentes
1445 2158 1547 2210 quod
1566 2158 1745 2209 praedicti

216 2217 343 2254 fratres
367 2216 487 2254 Sacris
514 2217 716 2269 Scripturis
741 2223 778 2256 et
805 2220 909 2257 verbi
936 2220 1003 2257 Dei
1037 2219 1161 2256 studio
1191 2232 1233 2256 ac
1260 2219 1468 2256 animarum
1500 2216 1746 2268 profectibus,

216 2287 360 2312 necnon
382 2275 520 2313 divinis
546 2276 677 2315 olliciis
701 2281 737 2314 et
759 2277 992 2315 orationibus
1019 2277 1199 2315 instanter
1220 2281 1256 2313 et
1279 2276 1505 2314 incessanter
1529 2275 1747 2319 intendunt,

217 2347 284 2373 nec
297 2339 446 2386 torpent
458 2335 554 2382 otio,
568 2335 632 2373 sed
648 2349 759 2387 opere
777 2337 919 2387 optimo
938 2336 1078 2387 seipsos
1099 2335 1319 2381 exercitant,
1337 2348 1422 2372 cum
1450 2334 1629 2385 sapientia
1656 2346 1750 2384 opus

216 2396 349 2434 existat
365 2395 585 2441 maximum,
606 2408 674 2433 nec
691 2395 765 2433 sint·
782 2395 927 2446 plurius
946 2409 1043 2446 quae
1060 2399 1262 2446 operantur
1274 2394 1435 2432 exterius
1449 2407 1561 2445 quam
1576 2406 1672 2443 quae
1686 2406 1752 2443 per

1556 2451 1604 2488 42
