2184 3074
477 382 525 420 90
1026 384 1187 422 CODEX
1213 384 1461 422 DUNENSIS.

478 499 572 546 cari,
590 503 771 537 eteorum
790 500 887 537 dicta
910 501 948 537 in
977 501 1165 552 publicam
1191 501 1348 538 formam
1374 501 1491 551 redigi
1518 501 1563 537 ad
1590 500 1796 538 faciendam
1822 501 1933 538 fidem
1962 502 2008 538 de

476 559 673 609 praedietis
690 559 736 596 ad
755 563 972 610 perpetuam
990 560 1042 596 rei
1062 559 1291 596 memoriam.

523 617 671 654 Eisdem
696 631 809 664 anno,
836 618 1040 655 indictione
1067 622 1102 655 et
1129 618 1189 654 die
1208 618 1384 655 dominus
1407 617 1552 655 Cintius
1578 617 1624 654 de
1646 618 1780 664 Roma,
1805 618 2008 656 eanonicus

474 675 775 721 Panormitanus,
794 676 945 714 scolaris
969 676 1177 722 Bononiae,
1197 676 1298 713 testis
1315 676 1428 726 juris,
1447 687 1571 712 coram
1589 675 1688 712 dicto
1711 675 1866 714 domino
1885 676 2008 714 Leone

473 734 628 779 vicario,
646 735 738 771 lecta
759 734 830 771 sibi
846 734 1072 785 praescripta
1093 734 1314 780 intentione,
1333 733 1564 771 testificando
1582 733 1679 770 dixit
1702 733 1805 784 quod
1830 733 2006 772 dominus

472 792 731 828 Bonaventura
749 791 795 829 de
813 793 948 839 Roma,
967 792 1168 829 canonicus
1187 791 1405 842 Bmgensis,
1424 791 1496 828 suit
1512 791 1704 828 Bononiae
1722 791 1761 828 in
1775 791 1899 830 studio
1908 792 2006 842 juris

471 850 639 886 canonici
656 850 695 886 in
714 850 807 887 festo
826 850 950 887 Sancti
971 850 1068 887 Petri
1087 850 1258 901 proxime
1272 850 1396 900 elapso
1414 854 1450 886 et
1467 853 1551 886 ante
1568 862 1635 900 per
1651 862 1771 886 unum
1790 863 1955 888 mensem
1969 854 2006 888 et

469 909 582 955 ultra,
601 913 636 945 et
653 914 776 958 postea
796 922 915 960 usque
929 922 1030 946 nunc
1045 909 1231 946 continue.
1248 908 1498 958 Interrogatus
1511 907 1701 959 quomodo
1713 908 1798 955 scit,
1812 909 2007 959 respondit

468 966 557 1018 quia
577 967 656 1017 ipse
673 967 768 1004 vidit
784 967 926 1004 dictum
945 968 1140 1005 dominum
1163 967 1355 1005 Bononiae
1373 968 1412 1004 in
1429 967 1528 1004 dicta
1546 967 1694 1004 civitate
1714 967 1906 1005 Bononiae
1926 971 2004 1006 toto

467 1025 566 1062 dieto
580 1030 745 1077 tempore
759 1027 896 1063 intrare
904 1028 1027 1071 scolas
1040 1027 1184 1064 domini
1198 1027 1363 1074 Marsilii‚
1372 1026 1605 1064 decretorum
1619 1026 1794 1073 doctoris,
1807 1030 1844 1063 et
1856 1026 2004 1064 studere

468 1084 506 1120 in
524 1084 623 1121 dicto
642 1084 776 1122 studio.
795 1085 1046 1135 Interrogatus
1065 1086 1095 1123 si
1117 1085 1308 1136 cognoscit
1324 1085 1448 1136 ipsum
1470 1084 1666 1122 dominum
1685 1085 2002 1132 Bonaventmam,

466 1143 659 1193 respondit
675 1144 778 1193 quod
797 1145 866 1191 sic,
883 1145 972 1195 quia
991 1150 1045 1183 est
1062 1146 1108 1182 de
1125 1146 1219 1182 urbe
1235 1146 1393 1192 Romae7
1412 1145 1508 1182 sicut
1521 1150 1557 1181 et
1573 1144 1652 1195 ipse
1665 1145 1781 1192 testis,
1796 1149 1832 1182 et
1844 1149 1899 1182 est
1911 1157 2004 1182 eon-

465 1202 689 1252 sanguineus
707 1203 798 1253 ejus,
819 1217 893 1241 non
914 1209 1035 1242 tamen
1055 1205 1151 1242 dixit
1169 1205 1240 1242 hoe
1257 1218 1399 1251 amore,
1419 1204 1552 1241 timore
1570 1204 1627 1240 vel
1645 1216 1770 1254 prece,
1789 1216 1857 1240 nee
1874 1203 2001 1254 aliquo

465 1261 567 1306 dolo,
586 1261 657 1298 nisi
677 1262 765 1312 quia
785 1263 834 1299 ita
851 1268 905 1301 est
922 1264 1076 1311 veritas,
1094 1268 1137 1301 ut
1154 1265 1233 1314 ipse
1251 1264 1466 1301 testificatus
1483 1267 1547 1300 est.
1577 1297 1579 1304 ,

512 1319 697 1357 Dominus
726 1321 934 1368 Johannes,
963 1323 1062 1360 filius
1089 1323 1231 1360 domini
1261 1322 1462 1368 Johannis,
1480 1321 1632 1358 scolaris
1659 1320 1869 1367 Bononiae,
1899 1320 2001 1358 testis

460 1376 556 1425 juris
574 1382 616 1414 ut
632 1391 759 1428 supra,
778 1379 873 1416 dixit
891 1394 975 1417 vera
994 1394 1071 1418 esse
1089 1382 1214 1418 omnia
1232 1394 1328 1431 quae
1347 1380 1587 1417 continentur
1612 1379 1650 1416 in
1669 1378 1856 1429 praedicta
1876 1378 2000 1417 inten-

463 1435 574 1472 tione.
599 1436 848 1487 Interrogatus
873 1439 1064 1488 quomodo
1091 1439 1174 1485 scit,
1200 1439 1393 1490 respondit
1418 1438 1506 1488 quia
1533 1437 1611 1488 ipse
1638 1437 1738 1474 testis
1765 1441 1826 1474 est.
1848 1437 1999 1475 scolaris

463 1493 654 1531 Bononiae
671 1499 707 1531 et
723 1495 865 1533 amicus
882 1501 917 1534 et
936 1502 1046 1535 notus
1065 1497 1154 1534 dieti
1172 1498 1456 1535 Bonaventurae
1473 1501 1510 1533 et
1526 1496 1622 1532 vidit
1635 1508 1720 1532 eum
1735 1499 1811 1532 toto
1825 1499 1999 1534 contento

462 1552 500 1588 in
515 1552 720 1590 intentione
734 1558 770 1590 et
782 1555 879 1592 ultra
893 1555 1041 1592 studere
1055 1555 1189 1605 injure
1203 1556 1383 1593 canonico
1400 1555 1439 1592 in
1454 1555 1602 1592 civitate
1617 1554 1809 1592 Bononiae
1823 1554 1999 1591 intrando

462 1611 578 1647 scolas
599 1611 742 1648 domini
767 1613 940 1661 Marsilii,
965 1614 1198 1651 decretorum
1217 1614 1396 1660 doctoris,
1423 1618 1458 1651 et
1481 1627 1522 1651 ea
1545 1613 1713 1650 faciendo
1738 1625 1833 1663 quae
1859 1612 2000 1648 faciunt

461 1668 522 1705 alii
540 1670 696 1707 scolares
714 1670 780 1720 qui
799 1671 950 1708 student
971 1672 1008 1708 in
1030 1672 1177 1709 civitate
1194 1672 1404 1718 Bononiae,
1423 1676 1459 1708 et
1481 1671 1553 1708 hoe
1568 1684 1643 1708 non
1658 1670 1756 1707 dixit
1769 1671 1915 1717 doetus⁷
1931 1683 1999 1707 nec

462 1731 629 1778 rogatus,
648 1742 756 1778 prece
774 1730 831 1766 vel
850 1730 986 1780 pretio,
1005 1730 1070 1767 sed
1090 1731 1270 1781 quoniam
1289 1730 1339 1779 ita
1357 1743 1486 1767 verum
1505 1734 1569 1766 est.
1954 1742 1959 1747 ·

510 1786 695 1823 Dominus
722 1787 940 1835 Nieholaus,
959 1788 1059 1826 filius
1084 1788 1227 1825 domini
1253 1788 1462 1834 Francisci‚
1488 1787 1639 1825 scolaris
1660 1786 1874 1831 Bononiae„
1897 1786 1998 1824 testis

458 1843 554 1893 juris
579 1849 621 1881 ut
646 1858 773 1895 supra,
794 1846 886 1882 lecta
909 1846 980 1883 sibi
1004 1847 1102 1884 dicta
1124 1847 1330 1884 intentione
1357 1851 1431 1884 tota
1458 1860 1524 1897 per
1551 1846 1739 1892 ordinem,
1766 1845 1997 1883 testificando

462 1903 576 1940 dixit:
592 1903 730 1941 Verum
745 1909 798 1941 est
815 1905 919 1955 quod
937 1905 1058 1943 dictus
1077 1906 1253 1943 dominus
1272 1906 1549 1951 Bonaventura,
1567 1897 1768 1955 Brugensis
1785 1906 1998 1950 canonicus,

462 1961 606 1998 studuit
629 1962 668 1998 in
689 1962 775 2011 jure
801 1963 980 2000 canonico
1004 1964 1043 2000 in
1070 1964 1216 2001 civitate
1237 1964 1427 2001 Bononiae
1452 1968 1536 2000 ante
1560 1963 1693 2000 festum
1712 1962 1815 1999 Beati
1833 1961 1931 1998 Petri
1951 1961 1998 1998 de

463 2033 587 2057 mense
604 2020 702 2070 junii
726 2022 896 2071 proxime
914 2022 1038 2072 elapso
1057 2026 1094 2059 et
1110 2027 1194 2059 ante
1212 2036 1278 2073 per
1295 2035 1415 2059 unum
1437 2034 1600 2059 mensem
1624 2025 1660 2058 et
1681 2020 1782 2071 plus,
1800 2025 1836 2057 et
1854 2024 1944 2057 tunc
1961 2023 1998 2056 et

463 2083 588 2129 postea
616 2092 735 2129 usque
761 2080 873 2116 modo
897 2080 1083 2118 continue.
1110 2081 1360 2132 Interrogatus
1383 2079 1574 2131 quomodo
1591 2079 1679 2123 scit,
1695 2078 1889 2129 respondit
1905 2077 1995 2129 quia

462 2136 556 2174 vidit
572 2137 672 2175 dieto
691 2142 767 2175 toto
786 2142 952 2189 tempore
971 2144 1006 2176 et
1021 2139 1106 2190 plus
1124 2140 1262 2177 intrare
1280 2140 1396 2177 scolas
1414 2138 1557 2175 domini
1574 2137 1745 2183 Marsilii,
1763 2137 1993 2174 decretorum

462 2194 641 2242 doctoris,
666 2196 849 2234 studendo
869 2201 905 2234 et
923 2198 1116 2235 scolastico
1143 2210 1246 2234 more
1271 2197 1432 2234 vivendo
1455 2200 1491 2233 et
1514 2196 1655 2233 utendo
1677 2208 1763 2232 cum
1790 2195 1995 2232 scolaribus

461 2253 651 2291 Bononiae
669 2255 924 2301 studentibus3
943 2261 979 2293 et
1002 2256 1073 2293 hoc
1092 2270 1167 2293 non
1191 2256 1288 2293 dixit
1310 2255 1416 2302 dolo,
1434 2268 1502 2292 nec
1525 2254 1672 2301 fraude,
1691 2267 1759 2291 nec
1775 2254 1901 2305 aliqua
1922 2252 1995 2290 hu-

460 2325 568 2349 mana
586 2313 721 2363 gratia,
740 2314 803 2351 sed
822 2315 909 2365 quia
928 2315 1120 2352 veritatem
1138 2315 1239 2352 dicit.

509 2371 720 2409 Willelmus
744 2373 862 2420 Petri,
884 2373 984 2410 testis
1009 2373 1125 2423 juris2
1154 2387 1277 2411 coram
1306 2373 1405 2410 dicto
1431 2372 1585 2409 domino
1606 2371 1745 2408 vicario
1763 2369 1995 2408 testificando

460 2428 556 2465 dixit
579 2429 681 2480 quod
703 2430 824 2468 dietus
850 2431 1025 2469 dominus
1047 2433 1310 2469 Bonaventura
1333 2430 1477 2469 studuit
1501 2430 1540 2467 in
1565 2429 1712 2467 civitate
1736 2427 1928 2465 Bononiae
1954 2427 1994 2464 in

458 2487 542 2537 jure
568 2487 762 2535 canonico,
785 2493 869 2525 ante
889 2490 1024 2527 festum
1044 2490 1168 2527 Sancti
1187 2490 1285 2527 Petri
1303 2489 1475 2541 proxime
1491 2489 1658 2539 elapsum
1676 2490 1711 2524 et
1728 2486 1767 2523 in
1784 2485 1884 2523 dicto
1902 2486 1994 2523 festo
