2184 3074
740 315 902 355 conEx
927 313 1172 354 DUNENSIS.
1648 315 1715 354 m

191 433 328 471 afflicto
344 439 381 472 et
393 435 509 481 laeso,
527 439 639 486 prout
651 438 775 486 patere
790 438 910 485 potest
928 433 1081 471 cuilibet
1094 432 1271 478 intuenti,
1290 431 1449 482 compati
1469 435 1620 482 paterne
1638 429 1719 467 vel-

192 492 320 539 lemus,
335 497 370 530 et
385 506 430 530 ne
445 493 630 530 defectum
644 496 831 544 pateretur
844 492 883 529 in
898 491 1163 542 temporalibus
1179 490 1484 535 misericorditem
1499 502 1566 526 nos
1580 489 1716 539 itaque,

189 550 255 601 qui
275 551 391 602 ipsius
410 551 658 589 intolerabiles
677 551 873 595 laesiones,
891 550 1108 588 afflictiones
1125 554 1161 587 et
1179 549 1364 586 molestias
1384 547 1576 593 novimus,
1594 551 1716 584 atten-

192 609 318 648 dentes
336 610 438 662 quod
457 607 583 649 nullus
600 610 691 648 adeo
709 610 846 647 durum
863 623 928 648 cor
946 610 1062 662 possit
1079 609 1215 647 habere
1240 609 1305 659 qui
1332 621 1445 659 super
1463 618 1548 650 eum
1576 606 1718 645 viscera

191 682 266 707 non
281 669 486 707 effunderet
498 669 658 721 pietatis,
672 668 850 720 quodque
863 668 1099 706 benemeritis
1113 672 1149 706 et
1161 672 1292 719 sponte
1308 666 1524 705 cedentibus
1538 679 1584 703 ex
1598 665 1718 703 causis

191 727 353 765 honestis
370 727 486 778 gratia
503 727 735 765 consueverit
752 727 831 764 fieri
847 726 1014 778 specialis
1026 756 1035 772 ,
1053 726 1270 763 auctoritate
1290 730 1440 776 paterna
1458 724 1716 762 ordinavimus

189 788 225 823 et
241 785 490 823 concessimus
507 785 558 832 ei,
581 789 649 822 etc.

884 869 999 880 w

893 1003 1023 1042 CCCX.

309 1119 393 1157 Don
409 1118 501 1156 d'un
518 1118 687 1157 demi-lot
701 1118 745 1157 de
762 1121 826 1157 vin
843 1120 867 1157 ἀ
883 1133 935 1157 un
952 1118 1068 1157 scribe
1086 1119 1138 1157 du
1159 1122 1365 1158 monestere
1379 1119 1423 1157 de
1443 1118 1602 1157 Thosan.

234 1313 416 1352 Noveritis
433 1314 548 1365 quod,
562 1327 648 1351 cum
657 1314 877 1352 venerabilis
891 1315 1151 1366 praedecessor
1165 1319 1289 1352 noster
1303 1315 1478 1352 dominus
1492 1314 1554 1353 W.
1566 1314 1628 1351 de.
1641 1343 1648 1351 .
1661 1343 1668 1351 .
1682 1342 1689 1350 .
1708 1344 1714 1350 .

187 1371 321 1409 dilecto
348 1376 474 1409 nostro
494 1372 596 1409 fratri
613 1401 742 1409 ......
761 1372 899 1410 intuitu
918 1373 1166 1423 plurimorum
1187 1373 1357 1411 laborum
1386 1379 1421 1410 et
1443 1373 1711 1424 obsequiorum

187 1441 282 1482 quos
303 1434 339 1467 et
363 1443 459 1481 quae
485 1430 698 1481 frequenter
724 1430 840 1468 subiit
863 1430 1080 1476 scribendo,
1108 1431 1283 1468 dictando
1309 1437 1345 1469 et
1370 1432 1459 1469 alias
1494 1432 1717 1478 laborando,

187 1488 330 1526 tertiam
348 1493 489 1539 partem
508 1489 610 1539 scopi
635 1489 733 1535 vini,
751 1489 885 1527 totiens
907 1489 1104 1540 contigerit
1126 1490 1248 1541 ipsum
1278 1491 1551 1528 infirmitorium
1571 1491 1713 1542 ingredi

186 1553 250 1586 aut
272 1548 319 1586 de
348 1548 407 1585 via
425 1548 562 1595 redire,
592 1549 727 1586 cotidie
759 1550 991 1596 contulisset,
1013 1549 1187 1601 idemque
1221 1550 1473 1595 frater-cartas
1500 1550 1714 1587 reddituum

186 1611 222 1644 et
253 1620 431 1644 censuum
457 1606 627 1644 omnium
660 1611 806 1644 nostrae
828 1607 1002 1645 ecclesiae
1027 1621 1140 1644 manu
1168 1608 1317 1658 propria
1343 1607 1630 1645 laboriosissime
1656 1621 1715 1644 re-

186 1670 349 1716 parasset
373 1670 408 1702 et
435 1665 482 1702 ad
506 1665 702 1704 utilitatem
725 1667 898 1704 ecclesiae
922 1660 1298 1719 nostraepraedictae
1321 1667 1530 1704 innovasset
1548 1667 1711 1704 easdem:

186 1737 253 1761 nos
270 1723 316 1761 de
334 1724 490 1761 consilio
507 1729 543 1762 et
560 1737 710 1762 assensu
730 1730 942 1763 nostrorum
961 1726 1103 1763 donum
1122 1725 1298 1776 praedicti
1318 1726 1607 1776 praedecessoris
1627 1739 1715 1763 nos-

185 1783 231 1820 tri
249 1783 514 1833 ampliavimus,
527 1797 646 1834 usque
663 1784 710 1821 ad
737 1784 936 1822 dimidium
955 1798 1110 1836 scopum
1129 1785 1279 1828 cotidie,
1298 1785 1388 1822 dum
1416 1786 1454 1821 in
1478 1785 1714 1823 infirmitorio

185 1841 295 1878 fuerit
307 1845 370 1878 aut
383 1841 429 1878 de
443 1841 499 1878 via
515 1842 666 1879 redierit
678 1856 745 1893 per
758 1856 796 1880 se
811 1843 1007 1880 comedens
1023 1844 1061 1880 in
1077 1848 1272 1890 conventu,
1287 1848 1323 1880 et
1336 1844 1488 1881 liberam
1505 1844 1713 1881 facultatem

184 1898 302 1936 eidem
317 1899 577 1947 concessimus,
587 1901 711 1952 quoad
725 1901 835 1948 vivet,
846 1902 1022 1948 intrandi,
1037 1902 1188 1953 quando
1204 1902 1373 1948 voluerit5
1386 1902 1665 1939 infirmitorium
1680 1907 1716 1939 et

183 1957 354 1995 vescendi
380 1958 554 1996 carnibus
580 1959 719 1998 ibidem
742 1960 873 1999 diebus
897 1961 1035 2012 quibus
1061 1974 1187 1999 carnes
1225 1966 1399 2012 poterunt
1426 1961 1647 2006 ministrari,
1674 1974 1716 1998 ac

184 2014 394 2053 dormiendi
412 2020 449 2053 et
464 2017 680 2068 quiescendi
699 2018 845 2056 assidue
864 2019 901 2056 iu
920 2020 1062 2057 eodem.
