2184 3074
731 338 894 376 CODEX
921 339 1166 379 DUNENSlS.
1642 346 1714 383 549

807 513 1092 552 CCCLXXXlll.

442 629 699 666 Aueorisation
716 630 760 666 de
772 630 929 679 praelier
947 631 1042 669 daus
1061 631 1092 669 le
1109 632 1244 670 diocese
1262 633 1456 671 ‹l'Utrecht.

228 824 411 863 Noveritis
425 825 529 876 quod
544 837 612 862 nos
626 824 702 870 tali,
715 825 1018 877 quandocunque
1033 828 1070 863 in
1085 828 1233 877 dyocesi
1252 833 1375 866 nostra
1390 829 1566 875 extiterit,
1580 835 1709 867 aueto-

178 884 286 922 ritate
303 883 570 935 omnipotentis
588 883 656 920 Dei
675 887 711 920 et
728 883 919 921 beatorum
942 886 1192 935 apostolorum
1209 915 1341 932 ......
1368 887 1551 925 licentiam
1575 901 1709 926 conce-

178 942 303 980 dimus
331 942 488 980 verbum
520 942 656 980 Christi
689 942 804 979 libere
842 943 1098 993 praedicandi,
1128 944 1316 983 devotioni
1347 946 1427 996 ejus
1458 947 1709 985 favorabiliter

177 1001 412 1052 indulgentes
438 1006 480 1039 ut
506 1001 682 1039 omnibus
704 1015 789 1038 vere
813 1002 981 1040 contritis
1001 1008 1036 1040 et
1055 1004 1251 1050 confessis,
1270 1005 1487 1056 ubicunque
1512 1005 1648 1043 fuerint
1666 1006 1704 1043 in

175 1060 400 1110 Trajectensi
427 1060 594 1111 dyocesi,
617 1060 663 1097 ad
689 1060 1001 1111 praedicationem
1026 1075 1129 1099 suam
1152 1063 1441 1110 confluentibus,
1465 1063 1529 1101 XL
1556 1063 1635 1101 dies
1661 1064 1707 1102 de

175 1118 342 1170 injuncta
368 1118 439 1157 sibi
469 1119 697 1170 poenitentia
724 1119 840 1170 possit
865 1120 1151 1159 misericorditer
1174 1122 1346 1159 relaxare.
1377 1122 1566 1160 Praeterea
1587 1122 1706 1160 eidem

175 1177 415 1215 concedimus
443 1181 482 1214 et
511 1177 639 1215 eadem
671 1178 890 1215 auctoritate
921 1178 1147 1216 conserimus
1173 1184 1215 1216 ut
1238 1179 1485 1218 consessiones
1510 1179 1705 1218 hominum

176 1248 491 1287 quorumcunque
507 1235 754 1286 Trajectensis
774 1236 942 1286 dyocesis
961 1237 1076 1287 possit
1100 1237 1245 1279 audire,
1263 1243 1299 1275 et
1319 1251 1429 1289 super
1451 1238 1609 1289 peccatis
1627 1251 1706 1275 ma-

178 1294 320 1332 nifestis
343 1294 390 1332 ad
413 1294 550 1332 dictam
572 1294 698 1333 sedem
721 1295 972 1346 spectantibus
995 1296 1047 1333 eis
1076 1297 1279 1334 secundum
1306 1296 1566 1334 discretionem
1591 1296 1662 1335 sibi
1685 1310 1706 1334 a

176 1353 256 1390 Deo
275 1353 445 1390 collatam
465 1352 511 1390 de
529 1352 775 1390 absolutionis
795 1353 974 1390 beneficio
994 1358 1029 1390 et
1046 1354 1174 1391 salutis
1191 1354 1415 1405 poenitentia
1435 1354 1637 1404 providere.

887 1475 997 1486 ⁴-—

807 1608 1091 1646 CCCLXXXIV.

276 1727 397 1764 Lettre
413 1726 463 1763 du
481 1725 660 1763 cardinal
676 1725 800 1763 Simon
820 1725 865 1762 de
883 1725 998 1762 Brion
1017 1725 1166 1762 relative
1183 1738 1260 1762 aux
1277 1738 1420 1763 secovrs
1434 1726 1459 1767 ἀ
1476 1725 1617 1762 donner

600 1798 679 1822 aux
696 1784 877 1823 chre'tiens
895 1785 938 1822 de
957 1785 994 1821 la
1016 1785 1127 1822 Terre
1147 1784 1281 1822 sainte.

227 1980 434 2019 Venerabili
454 1974 492 2017 in
511 1980 658 2018 Christo
679 1979 795 2030 patri,
814 1979 880 2016 Dei
900 1979 1015 2029 gratia
1033 1978 1206 2028 episcopo
1221 1977 1462 2023 Tornaeensi,
1481 1978 1516 2015 S.
1537 1977 1702 2027 ejusdem

177 2038 443 2084 misericordia,
461 2043 545 2084 etc.,
559 2038 716 2075 salutem
735 2042 770 2074 et
787 2037 968 2074 sinceram
987 2036 1024 2072 in
1042 2035 1204 2073 Domino
1218 2035 1416 2072 caritatem.

226 2097 302 2135 Etsi
322 2098 489 2135 Romana
508 2096 690 2143 Ecclesia,
707 2109 820 2146 super
836 2094 973 2131 afflicto
991 2092 1256 2144 compassionis
1277 2092 1414 2130 viscera
1435 2098 1595 2143 gestans,
1612 2093 1701 2131 hac-

177 2161 283 2194 tenus
301 2155 347 2193 ad
364 2155 497 2193 Terrae
518 2154 674 2192 Sanctae
693 2154 946 2191 liberationem
967 2152 1170 2203 plurimum
1189 2150 1400 2201 suspirarit,
1415 2155 1537 2188 tamen
1554 2151 1702 2188 incum-

176 2216 268 2252 bens
291 2214 456 2252 humeris
481 2214 560 2264 ejus
584 2213 766 2264 generalis
796 2225 883 2249 cura
910 2211 1075 2248 fidelium
1102 2214 1138 2247 et
1165 2209 1362 2259 praecipue
1386 2209 1487 2259 regni
1512 2208 1700 2246 Ceciliaea

176 2271 534 2324 praevaricatoribus
568 2272 654 2309 fidei
681 2276 717 2308 et
746 2267 926 2308 liberta'tis
953 2268 1217 2306 ecclesiasticae
1243 2267 1501 2318 pervasoribus
1531 2267 1702 2318 proximo

175 2330 382 2383 praeteritis
394 2330 627 2381 temporibus
642 2330 826 2380 occupati,
840 2328 1005 2378 ejusdem
1019 2326 1192 2364 ecclesiae
1204 2325 1492 2363 sollicitudinem
1507 2324 1544 2362 in
1559 2324 1703 2363 diversa

175 2389 347 2428 distraxit
362 2393 398 2426 et
415 2389 512 2426 circa
530 2388 829 2426 reformationem
849 2386 965 2437 ipsius
983 2385 1085 2436 regni
1105 2397 1146 2422 ac
1166 2383 1331 2435 plurium
1349 2382 1451 2420 orbis
1469 2382 1629 2434 partium
1644 2395 1702 2419 oc-

176 2447 344 2499 cupavit,
363 2447 490 2497 sicque
504 2446 611 2496 juxta
636 2450 763 2483 votum
790 2458 900 2483 suum
925 2450 960 2482 et
978 2444 1030 2482 rei
1049 2442 1268 2494 exigentiam
1293 2442 1339 2479 ad
1358 2441 1565 2479 curandum
1584 2440 1700 2491 ipsius
