2184 3074
771 300 933 339 CODEX
958 302 1202 341 DUNENSlS.
1680 309 1749 347 147

210 418 423 468 juramento
436 417 652 455 eorumdem
667 417 925 468 religiosorum
941 419 1128 468 porrectis,
1140 420 1294 457 testibus
1308 427 1341 458 et
1358 422 1612 462 instrumentis
1626 439 1748 463 coram

213 476 322 514 nobis
342 476 539 526 injudicio
560 475 770 527 productis,
797 480 833 512 et
858 476 1061 527 privilegiis
1084 477 1239 515 indultis
1257 478 1395 517 eisdem
1415 481 1596 531 religiosis
1615 496 1634 519 a
1654 484 1749 521 Sede

214 535 424 587 Apostolica
453 534 629 572 exhibitis
657 547 781 571 coram
815 534 922 571 nobis
954 534 1108 572 testibus
1141 541 1177 572 et
1205 538 1501 577 attestationibus
1533 541 1747 591 publicatis.v

213 594 382 645 partibus
403 593 630 631 sufficienter
646 592 805 629 evocatis
819 592 864 629 ad
885 594 1171 643 proponendum
1191 600 1225 631 et
1239 595 1439 634 dicendum
1459 598 1640 649 quicquid
1662 613 1749 649 pro-

212 664 350 703 ponere
367 654 403 689 et
419 650 557 697 dicere,
583 651 789 702 eodemque
807 651 955 688 officiali
975 666 1098 689 coram
1119 653 1226 690 nobis
1251 654 1412 704 legitime
1431 657 1542 693 citato
1561 671 1627 708 per
1644 671 1748 695 com-

212 710 374 762 petentia
398 710 589 747 intervalla
608 709 654 746 ad
674 722 802 746 omnes
822 710 997 747 articulos
1017 712 1238 761 praemissos
1257 718 1292 749 et
1309 715 1514 764 quemlibet
1532 717 1746 754 corumdem

213 782 298 807 cum
317 768 616 806 intimationibus
643 768 778 805 debitis
803 773 837 804 et
861 769 1061 815 consuetis,
1093 783 1206 820 seque
1227 772 1494 810 contumaciter
1515 774 1747 819 absentantm,

213 833 316 879 parte
342 827 526 864 dictorum
556 827 812 877 religiosorum
841 827 1066 864 sufficienter
1093 835 1328 879 comparente
1352 836 1388 867 et
1412 838 1593 882 quantum
1619 834 1748 871 debuit

213 891 466 938 exspectante,
489 887 664 924 concluso
689 886 840 923 demum
868 886 905 922 in
930 899 1038 923 causa
1062 901 1125 924 seu
1147 887 1274 926 habito
1296 902 1364 940 pro
1388 891 1564 928 concluso
1582 893 1747 942 ejusdem

210 946 381 984 'officialis
404 945 637 983 contumacia
660 944 843 994 exigente,
873 945 1008 995 dieque
1026 946 1164 995 pluries
1186 947 1352 996 partibus
1377 949 1558 999 assignata
1579 950 1747 987 Lauduni

214 1018 338 1050 coram
353 1004 462 1042 nobis
477 1004 522 1041 ad
539 1001 767 1041 audiend'um
783 1003 846 1053 jus
864 1004 941 1041 sive
956 1005 1191 1051 sententiam,
1211 1007 1361 1043 demum
1378 1008 1548 1046 videlicet
1560 1010 1606 1046 ad
1622 1011 1747 1047 feriam

213 1067 384 1115 quartam
416 1067 501 1114 post
526 1064 659 1100 festum
682 1063 891 1101 Nativitatis
922 1064 1023 1100 Beati
1054 1064 1236 1102 Jobannis
1268 1066 1470 1117 Baptistae,
1498 1068 1594 1117 juris
1620 1070 1750 1106 ordine

212 1121 423 1168 observato,
443 1121 670 1172 investigatis
689 1128 723 1158 et
740 1121 786 1158 ad
806 1122 957 1172 plenum
978 1123 1134 1173 cognitis
1160 1124 1275 1174 ipsius
1297 1138 1428 1162 causae
1446 1127 1607 1173 meritis,
1633 1142 1748 1179 aequa

209 1180 375 1231 J'ustitiae
392 1180 496 1217 lance
520 1180 696 1218 discussis
722 1180 898 1217 omnibus
924 1181 992 1217 rite
1017 1186 1052 1218 et
1075 1182 1331 1232 sollempniter
1352 1184 1457 1227 actis,
1484 1185 1750 1222 deliberatione

170 1246 173 1249 '
214 1239 368 1289 insuper
386 1238 582 1276 nobiscum
607 1243 643 1275 et
662 1251 748 1275 cum
769 1238 898 1289 peritis
926 1239 1142 1289 praehabita
1168 1240 1354 1291 diligenti,
1380 1242 1468 1279 seria
1488 1244 1648 1280 secunda
1669 1251 1750 1294 post

213 1297 346 1334 festum
365 1297 558 1335 beatorum
578 1297 676 1334 Petri
695 1302 730 1334 et
749 1298 852 1335 Pauli
868 1299 1121 1348 apostolorum
1138 1300 1351 1337 continuata
1374 1306 1409 1337 ct
1427 1314 1471 1338 ex
1490 1315 1598 1340 causa
1620 1317 1638 1340 a
1654 1303 1749 1340 dicta

213 1355 303 1392 seria
321 1360 453 1406 quarta
467 1355 709 1406 praecedente
723 1361 964 1407 procuratore
978 1357 1162 1394 dictorum
1179 1358 1435 1409 religiosorum
1451 1361 1489 1397 in
1506 1367 1629 1399 nostra
1645 1376 1751 1413 prae-

212 1414 330 1452 sentia
360 1419 597 1465 comparente
622 1420 659 1452 et
683 1415 902 1452 sententiam
931 1416 1016 1453 ferri
1048 1429 1132 1453 cum
1163 1417 1336 1455 instantia
1363 1420 1587 1469 postulante2
1620 1421 1749 1458 eodem

213 1473 362 1511 officiali
382 1474 651 1511 contumaciter
667 1487 706 1511 se
725 1474 956 1514 absentante,
975 1475 1082 1525 cujus
1100 1476 1264 1513 absentia
1285 1477 1351 1514 Dei
1371 1479 1507 1528 repleta
1529 1481 1750 1530 praesentia„

211 1531 279 1570 Dei
299 1532 451 1569 nomine
470 1532 659 1579 invocato7
678 1533 1004 1583 pronuntiavimus
1023 1535 1289 1572 sententialiter
1308 1536 1345 1573 in
1366 1536 1437 1573 hiis
1457 1538 1604 1588 scriptis
1622 1539 1750 1589 appel-

213 1590 388 1627 lationem
407 1590 622 1627 eorumdem
642 1590 899 1641 religiosorum
917 1592 995 1628 sore
1012 1592 1248 1639 canonicam,
1263 1593 1428 1644 dictique
1446 1595 1615 1633 officialis
1635 1597 1750 1634 inter-

213 1649 432 1686 locutoriam
447 1662 641 1700 perperam
660 1653 696 1685 ct
714 1649 842 1700 inique
861 1650 1058 1700 prolatamff
1078 1650 1271 1701 dictosque
1291 1653 1479 1702 religiosos
1499 1667 1610 1705 super
1627 1655 1750 1705 petitis

213 1707 367 1745 decimis
385 1720 460 1744 non
479 1707 756 1758 compellendos
781 1708 980 1758 procedere
1006 1721 1129 1745 coram
1155 1709 1303 1746 olIiciali
1328 1711 1534 1761 praedicto,
1562 1714 1750 1763 exceptio-

210 1779 372 1817 nemque
401 1779 447 1802 ex
477 1770 580 1816 parte
602 1766 787 1803 dictorum
818 1766 1075 1816 religiosorum
1106 1769 1332 1818 propositam
1361 1769 1532 1807 videlicet
1556 1772 1657 1822 quod
1684 1786 1749 1809 nc·-

206 1828 346 1875 queant
362 1823 475 1860 iidem
490 1824 652 1875 religiosi
667 1837 731 1862 seu
750 1838 929 1875 personae
943 1825 1192 1863 Cisterciensis
1207 1826 1361 1872 ordinis,
1377 1828 1519 1866 ratione
1534 1830 1658 1866 delicti
1679 1844 1744 1867 scu

207 1887 417 1919 contractus
451 1886 515 1919 aut
548 1882 600 1919 rei
632 1882 678 1919 de
707 1896 781 1934 qua
813 1888 940 1920 contra
973 1896 1034 1920 eos
1063 1884 1203 1934 agitur,
1237 1885 1456 1936 ubicunque
1496 1888 1748 1925 committatur

207 1941 404 2005 delictum,
423 1940 569 1978 ineatur
585 1946 796 1979 contractus
814 1947 878 1979 aut
898 1956 953 1979 res
973 1943 1051 1993 ipsa
1071 1943 1267 1990 consistat,
1287 1957 1410 1981 coram
1431 1945 1596 1982 locorum
1616 1946 1747 1983 ordine

207 1998 398 2035 conveniri
413 2011 498 2035 eum
514 1998 669 2045 eisdem,
687 2013 706 2036 a
721 1999 816 2036 Sede
834 2001 1045 2050 Apostolica
1064 2001 1110 2037 sit
1129 2001 1314 2038 indultum
1326 2003 1528 2053 ipsosque
1548 2004 1583 2040 in
1602 2018 1747 2054 posscs-

207 2055 310 2093 sione
337 2056 392 2092 vel
420 2057 525 2107 quasi
558 2057 774 2107 hujusmodi
806 2058 986 2095 libertatis
1026 2072 1104 2096 esse
1139 2059 1403 2105 admittendos,
1435 2075 1647 2111 processum
1683 2076 1747 2112 per

207 2098 349 2151 dictum
377 2115 572 2152 officialem
600 2121 727 2153 contra
758 2117 876 2154 dictos
904 2117 1092 2168 religiosos
1125 2118 1292 2155 habitum
1326 2120 1470 2157 irritum
1501 2122 1748 2173 proferentes

207 2172 380 2209 eumdem
400 2173 595 2211 officialem
619 2175 728 2212 dictis
750 2176 931 2226 religiosis
959 2176 996 2213 in
1019 2177 1189 2227 expensis
1218 2177 1390 2227 legitimis
1415 2179 1746 2229 condempnantes,

208 2232 393 2269 taxatione
416 2233 630 2271 earumdem
655 2248 768 2285 penes
796 2249 862 2273 nos
891 2241 1082 2273 reservata.
1110 2237 1245 2273 Datum
1274 2250 1372 2273 anno
1398 2238 1550 2275 Domini
1575 2238 1624 2275 31⁰
1645 2240 1747 2276 CCC⁰

206 2294 354 2342 quarto,
381 2291 471 2328 feria
496 2293 658 2330 secunda
684 2294 882 2344 praedicta.
910 2295 1014 2331 Sicut
1042 2294 1130 2331 baec
1154 2295 1278 2331 omnia
1305 2300 1339 2332 et
1363 2296 1508 2347 singula
1534 2297 1744 2348 supradicta

207 2349 316 2387 nobis
335 2349 418 2387 viva
436 2363 526 2387 voce
543 2351 670 2389 retulit
687 2353 842 2390 clericus
868 2358 993 2390 noster
1014 2354 1238 2399 antedictus,
1263 2354 1322 2391 cui
1350 2354 1461 2391 tidem
1482 2368 1593 2406 super
1617 2355 1687 2393 biis
1710 2361 1744 2392 et

206 2408 245 2445 in
266 2407 472 2458 maj0ribus
492 2409 747 2448 indubitanter
765 2411 968 2461 plenariam
984 2412 1216 2450 adhibemus.
1238 2413 1277 2450 ln
1295 2413 1402 2463 cujus
1417 2414 1467 2451 rei
1490 2414 1740 2451 testimonium
