2184 3074
396 278 419 314 2
947 277 1107 314 CODEX
1133 275 1379 315 DUNENSIS.

398 392 539 430 clericis
553 393 783 430 secularibus
797 394 975 444 assignari
988 423 997 439 ,
1011 398 1200 444 spectante
1213 393 1259 429 ad
1274 393 1509 430 collationem
1524 406 1588 429 seu
1604 393 1934 443 praesentationem

397 455 579 498 nostram,
606 452 856 489 communiter
879 452 937 489 vel
965 452 1132 497 divisim,
1158 451 1187 488 si
1216 451 1319 501 quod
1346 451 1498 487 vacabat
1526 455 1616 487 tunc
1645 451 1684 487 in
1707 451 1854 488 civitate
1878 451 1935 488 vel

398 508 570 558 dyoecesi
586 509 801 556 Morinensi,
815 509 872 546 vel
887 523 1000 560 quam
1016 509 1180 559 primum
1196 508 1242 545 ad
1258 509 1295 545 id
1310 508 1458 546 offerret
1471 522 1509 545 se
1523 509 1692 555 facultas,
1707 509 1798 547 dum
1814 514 1936 546 tamen

398 567 629 604 inveniretur
646 568 767 604 dictus
783 567 938 604 clericus
957 581 1035 604 esse
1053 567 1149 604 vitae
1166 567 1365 604 laudabilis
1383 571 1419 603 et
1437 567 1726 604 conversationis
1747 567 1936 612 honestae,

399 630 434 661 et
452 638 564 675 super
582 625 792 675 praemissis
809 625 846 661 in
868 630 1011 662 tantum
1032 625 1079 662 sit
1094 638 1308 675 processum
1324 625 1426 675 quod
1442 625 1500 661 vir
1513 625 1735 663 venerabilis
1749 630 1783 662 et
1797 625 1938 662 discre-

399 688 457 720 tus
473 713 556 720 .....
572 684 740 721 officialis
750 684 983 729 Morinensis,
994 684 1257 734 subdelegatus
1271 697 1290 720 a
1306 683 1510 720 reverendo
1524 689 1627 735 patre
1641 684 1795 721 domino
1808 684 1936 730 J.‚‘Dei

397 741 512 791 gratia
532 741 732 778 Morinensi
753 741 948 792 episcopo,
962 741 1091 791 judice
1113 755 1178 779 seu
1203 746 1400 778 executore
1421 755 1442 778 a
1467 742 1562 779 Sede
1582 742 1794 793 Apostolica
1817 742 1935 779 eidem

398 799 531 836 clerico
550 813 661 850 super
678 799 890 850 praemissis
911 813 1105 846 concesso,
1125 800 1369 851 inquisitione
1387 814 1500 851 super
1515 801 1591 838 vita
1605 806 1640 838 et
1658 800 1938 838 conversatione

398 858 486 895 dicti
502 859 624 896 clerici
640 859 839 910 diligenter
852 861 963 907 sacta,
974 860 1178 897 decreverit
1190 865 1225 897 et
1238 860 1538 911 pronuntiaverit
1546 861 1609 910 jus
1623 860 1783 898 dicendo
1795 860 1938 897 dictum

398 917 573 954 clericum
606 917 798 955 inventum
827 932 906 956 esse
932 919 1028 956 vitae
1061 916 1259 956 laudabilis
1283 923 1318 956 et
1349 919 1641 956 conversationis
1673 918 1869 964 honestae,
1895 931 1939 955 ac

398 975 517 1012 eidem
541 976 675 1013 clerico
702 977 748 1013 de
771 977 953 1015 beneficio
980 978 1227 1015 ecclesiastico
1250 978 1455 1015 secundum
1483 991 1570 1015 suae
1591 977 1786 1029 probitatis
1808 977 1938 1014 merita

398 1035 637 1084 competenti,
655 1048 739 1072 cum
760 1049 848 1072 cura
866 1036 924 1072 vel
942 1036 1022 1073 sine
1039 1049 1147 1082 cura,
1171 1041 1349 1074 consueto
1372 1036 1419 1073 ab
1436 1036 1526 1073 olim
1545 1036 1688 1074 clericis
1708 1036 1938 1074 secularibus

397 1093 591 1143 assignari,
610 1099 798 1144 spectante
816 1095 861 1131 ad
881 1095 1116 1132 collationem
1137 1109 1200 1132 seu
1221 1095 1555 1145 praesentationem
1579 1100 1743 1133 nostram
1767 1108 1938 1132 commu-

399 1151 495 1187 niter
507 1151 564 1188 vel
580 1152 747 1199 divisim,
763 1166 840 1190 esse
855 1153 1129 1204 providendum
1145 1154 1353 1191 secundum
1369 1155 1527 1191 sormam
1543 1159 1579 1191 et
1592 1159 1757 1192 tenorem
1772 1154 1936 1192 mandati

397 1210 589 1260 apostolici
611 1211 711 1248 dicto
729 1212 933 1250 reverendo
952 1213 1047 1263 patri
1067 1227 1181 1264 super
1197 1213 1409 1264 praemissis
1427 1226 1496 1264 pro
1514 1213 1614 1250 dicto
1632 1213 1767 1250 clerico
1785 1213 1935 1250 directi:

399 1272 530 1306 notum
566 1270 722 1307 facimus
746 1270 931 1308 universis
957 1271 1059 1322 quod
1086 1285 1153 1309 nos
1184 1272 1350 1309 volentes
1382 1271 1557 1309 mandato
1584 1271 1787 1322 apostolico
1817 1271 1938 1309 eidem

398 1327 532 1364 clerico
556 1341 668 1378 super
691 1329 903 1379 praemissis
927 1343 1102 1367 concesso
1127 1330 1281 1367 obedire
1299 1334 1335 1367 et
1351 1329 1542 1381 praedicto
1559 1330 1707 1367 decreto
1725 1343 1871 1381 parere,
1889 1330 1938 1367 ita

397 1385 498 1436 quod
518 1386 635 1436 gratia
654 1386 774 1424 eidem
795 1388 929 1425 clerico
948 1389 1040 1426 facta
1066 1389 1234 1426 debitum
1261 1389 1438 1426 sortiatur
1455 1389 1646 1435 effectum,
1665 1389 1784 1426 eidem
1805 1388 1939 1426 clerico

398 1444 443 1480 de
458 1444 639 1482 beneficio
654 1446 902 1483 ecclesiastico
921 1447 1127 1484 secundum
1145 1461 1232 1484 suae
1245 1447 1441 1498 probitatis
1455 1447 1585 1484 merita
1600 1447 1837 1498 competenti,
1852 1461 1937 1484 cum

398 1514 486 1538 cura
505 1503 561 1539 vel
583 1503 662 1540 sine
680 1518 767 1541 cura
779 1535 788 1551 ,
807 1505 853 1542 ad
872 1510 1036 1542 nostram
1055 1506 1290 1543 collationem
1314 1519 1379 1543 seu
1405 1506 1739 1557 praesentationem
1768 1518 1939 1542 commu-

399 1560 495 1597 niter
507 1562 564 1598 vel
580 1562 728 1599 divisim
749 1568 953 1614 spectante,
968 1571 1144 1601 consueto
1159 1564 1206 1601 ab
1223 1564 1313 1601 olim
1332 1565 1474 1602 clericis
1494 1565 1724 1602 secularibus
1742 1564 1939 1615 assignari,

400 1620 653 1669 promittimus
672 1622 769 1659 bona
790 1623 863 1659 fide
882 1623 1093 1674 providere,
1110 1629 1146 1661 et
1164 1637 1231 1661 nos
1249 1624 1369 1660 eidem
1389 1624 1522 1661 clerico
1540 1624 1587 1661 ad
1606 1624 1677 1661 hoc
1695 1625 1811 1662 teneri
1835 1637 1940 1662 reco-

397 1679 613 1728 gnoscimus
638 1685 673 1717 et
695 1682 933 1729 confitemur,
952 1696 1038 1720 cum
1059 1682 1104 1719 ad
1123 1682 1162 1719 id
1187 1683 1366 1719 obtulerit
1389 1696 1428 1720 se
1450 1683 1623 1728 facultas,
1642 1687 1678 1720 et
1695 1682 1742 1720 ad
1761 1683 1832 1720 hoc
1855 1675 1949 1728 nos,¹

399 1737 590 1774 ecclesiam
617 1744 781 1776 nostram
816 1745 852 1777 et
881 1753 1110 1778 successores
1142 1745 1289 1779 nostros
1318 1755 1403 1792 erga
1434 1741 1576 1778 dictum
1603 1741 1781 1779 clericum
1813 1746 1940 1779 tenore

399 1796 650 1844 praesentium
669 1797 897 1848 obligamus,
916 1799 1081 1836 volentes
1100 1803 1136 1836 et
1157 1799 1428 1836 consentientes
1453 1799 1556 1850 quod
1574 1799 1621 1836 ad
1639 1799 1936 1838 observationem

401 1858 436 1890 et
451 1854 706 1905 impletionem
725 1857 1016 1907 praemissorum
1037 1871 1104 1895 nos
1123 1862 1159 1895 et
1177 1871 1406 1895 successores
1426 1858 1541 1896 nostri
1558 1859 1731 1910 compelli
1749 1859 1938 1897 valeamus

401 1913 537 1950 virtute
560 1914 743 1952 dictarum
770 1916 978 1953 litterarum
1003 1917 1108 1954 Sedis
1135 1917 1370 1968 Apostolicae
1391 1917 1510 1954 eidem
1532 1918 1667 1955 clerico
1691 1931 1804 1970 super
1830 1932 1939 1969 prae-

402 1971 523 2010 missis
543 1986 800 2011 concessarum
811 2004 820 2021 ,
835 1988 877 2011 ac
891 1975 1001 2012 etiam
1016 1976 1236 2013 auctoritate
1254 1975 1397 2013 ordinis
1413 1975 1556 2013 domini
1573 1976 1742 2014 officialis
1756 1977 1939 2015 Morinen-

402 2030 467 2077 sis,
488 2031 518 2068 si
543 2032 774 2084 contingeret
801 2046 867 2071 nos
892 2035 949 2071 vel
978 2047 1206 2072 successores
1237 2039 1383 2072 nostros
1409 2047 1487 2072 esse
1512 2034 1551 2071 in
1581 2047 1684 2072 mora
1708 2035 1766 2072 vel
1793 2035 1938 2073 defectu

402 2090 602 2140 praemissa
620 2092 678 2128 vel
692 2093 817 2143 aliqua
831 2092 1121 2143 praemissorum
1141 2093 1299 2130 faciendi
1317 2107 1383 2131 seu
1401 2093 1512 2130 etiam
1530 2093 1781 2144 adimplendi,
1799 2107 1940 2132 renun-

404 2149 534 2186 tiantes
552 2154 734 2200 quantum
754 2151 800 2188 ad
818 2151 909 2189 haec
929 2152 1138 2204 exceptioni
1160 2151 1238 2189 doli
1254 2151 1355 2198 mali,
1377 2151 1460 2198 fori,
1480 2151 1663 2190 beneficio
1683 2152 1941 2196 restitutionis,

403 2211 439 2244 et
467 2207 507 2244 in
528 2208 713 2259 integrum
741 2210 917 2248 omnibus
943 2211 1091 2258 litteris,
1110 2211 1256 2262 gratiis,
1275 2211 1536 2262 indulgentiis,
1562 2211 1894 2248 constitutionibus
1919 2224 1939 2248 a

403 2267 496 2305 Sede
527 2268 739 2318 Apostolica
770 2270 974 2320 impetratis
998 2285 1063 2308 seu
1088 2271 1354 2322 impetrandis,
1379 2271 1562 2308 concessis
1585 2284 1650 2309 seu
1675 2271 1940 2318 concedendis,

404 2330 439 2362 et
453 2339 498 2362 ne
511 2327 697 2376 possimus
710 2328 836 2378 aliquo
851 2333 1016 2380 tempore
1029 2329 1152 2367 dicere
1165 2334 1229 2367 aut
1242 2343 1450 2381 proponere
1468 2330 1571 2367 aliud
1588 2343 1667 2368 esse
1683 2334 1807 2367 actum
1825 2343 1937 2381 quam

403 2384 581 2435 scriptum
614 2386 661 2423 sit
691 2387 728 2423 in
755 2389 937 2437 praesenti
972 2389 1238 2437 instrumento,
1270 2394 1306 2427 et
1336 2390 1513 2428 omnibus
1544 2389 1626 2427 aliis
1656 2389 1939 2440 exceptionibus
