2184 3074
727 321 887 359 CODEX
913 321 1158 361 DUNENSIS.
1635 327 1705 365 5225

183 450 306 475 coram
326 437 425 476 dicto
443 437 596 475 domino
615 451 698 489 rege
716 451 800 475 cum
816 439 986 489 praelatis
1000 439 1150 477 caeteris
1167 440 1388 490 supradictis
1407 442 1615 492 expositum
1637 442 1706 479 suit

183 496 390 547 periculum
408 500 445 533 et
465 495 632 533 eminens
651 496 846 534 necessitas
867 496 956 534 dicti
983 497 1104 548 regni,
1121 511 1163 534 ac
1180 497 1289 535 etiam
1307 511 1328 535 a
1345 499 1444 536 dicto
1463 513 1547 550 rege
1566 500 1704 537 suimus

181 568 267 593 cum
288 567 420 608 magna
445 555 619 592 instantia
645 554 830 605 requisiti,
852 568 1078 606 quamquam
1105 561 1242 606 posset,
1259 557 1289 594 si
1310 557 1434 603 vellet,
1454 557 1588 595 virtute
1605 558 1702 609 regia

181 619 217 652 et
234 613 511 666 privilegialiter
534 613 662 651 secisse
691 613 793 664 quod
822 614 914 651 forte
938 614 1046 652 nobis
1064 615 1191 653 suisset
1216 615 1447 654 intolerabile
1465 621 1501 654 et
1520 616 1703 667 dampno-

181 685 275 710 sum.
306 673 411 713 Unde
434 685 517 719 nos,
535 671 775 710 consideratis
805 672 862 710 his
897 673 1072 710 omnibus
1107 678 1143 710 et
1171 677 1326 711 tractatu
1361 674 1527 725 diligenti
1559 674 1702 721 habito,

182 734 317 771 factum
331 737 525 784 sequentes
539 733 803 784 praelatorum,
818 746 893 770 non
909 733 988 770 sine
1002 733 1123 771 cordis
1137 735 1320 785 angustia,
1335 735 1434 772 dicto
1453 735 1623 773 domino.
1641 766 1648 773 .
1669 765 1677 773 .
1693 766 1700 773 .

181 791 258 843 regi
275 792 525 830 concessimus
543 792 635 829 duas
656 791 816 829 decimas
839 792 986 829 duobus
1008 792 1115 829 annis
1138 793 1325 830 continuis
1350 794 1609 843 persolvendas
1635 809 1702 846 pro

182 849 289 888 nobis
303 855 340 887 et
356 863 424 900 pro
443 850 616 887 universo
635 854 762 887 nostro
779 849 909 887 ordine
923 850 1154 887 Cisterciensi
1174 852 1210 888 in
1231 865 1343 902 regno
1365 852 1542 890 Franciae
1561 853 1700 891 consti·-

182 912 276 956 tuto,
293 909 340 946 de
357 908 549 946 reverendi
575 908 614 945 in
641 908 787 946 Christo
811 908 926 958 patris
947 908 1089 945 domini
1116 909 1367 947 Cisterciensis
1384 914 1419 947 et
1436 911 1642 960 primorum
1661 924 1702 949 ac

180 967 336 1005 aliorum
355 969 604 1020 plurimorum
628 968 805 1006 abbatum
831 968 987 1006 consilio
1004 973 1039 1005 et
1060 981 1220 1006 assensu.
1241 969 1346 1007 Unde
1362 970 1469 1007 vobis
1486 971 1702 1009 auctoritate

180 1029 332 1076 paterna
354 1027 390 1064 et
407 1026 588 1077 generalis
613 1026 764 1078 capituli
790 1026 978 1077 praedicto
1003 1026 1098 1077 patri
1118 1031 1153 1063 et
1173 1027 1280 1064 nobis
1300 1027 1429 1078 primis
1451 1028 1645 1066 commissa
1663 1029 1702 1066 in

183 1084 317 1122 talibus
330 1084 456 1122 arduis
476 1084 649 1136 negotiis,
664 1084 702 1121 in
716 1084 855 1136 quibus
874 1097 949 1121 non
969 1084 1086 1135 possit
1102 1084 1242 1122 dictum
1262 1085 1465 1135 capitulum
1483 1087 1702 1136 exspectari,

181 1142 252 1179 sub
277 1155 407 1193 poena·
424 1143 634 1194 exponendi
661 1143 760 1180 bona
781 1146 899 1180 vestra
930 1142 1103 1179 manibus
1134 1142 1311 1192 regalium
1338 1144 1636 1193 compellentium
1655 1145 1701 1182 ad

177 1200 396 1244 solvendum
410 1205 446 1238 et
458 1201 700 1238 contrahendi
719 1200 849 1238 vestris
866 1200 1078 1251 sumptibus
1091 1201 1137 1237 ad
1156 1201 1335 1238 sarcinam
1352 1215 1546 1239 usurarum
1558 1231 1568 1245 ,
1583 1208 1619 1240 et
1631 1203 1702 1240 sub

180 1271 298 1309 poena
312 1259 611 1310 transgressionis
627 1264 662 1297 et
680 1260 952 1297 inobedientiae
970 1273 989 1297 a
1009 1264 1133 1297 nostro
1149 1260 1334 1310 praedicto
1351 1261 1510 1310 generali
1539 1262 1701 1311 capitulo

180 1317 513 1367 transgressoribus
538 1322 574 1355 et
604 1318 906 1355 inobedientibus
933 1317 1152 1368 infligenda,
1170 1317 1275 1354 vobis
1303 1322 1338 1354 et
1364 1318 1515 1355 cuilibet
1540 1324 1700 1356 vestrum

181 1374 442 1425 praecipiendo
468 1376 686 1414 mandamus
700 1376 877 1427 quatinus
892 1380 1054 1413 vestrum
1077 1376 1236 1426 quilibet
1262 1389 1372 1412 unam
1399 1376 1578 1413 decimam
1608 1377 1703 1415 inte-

179 1446 301 1484 gram,
331 1438 443 1484 prout
476 1435 614 1472 solvere
648 1435 907 1481 consuevistis,
941 1435 1040 1472 dicto
1073 1434 1226 1471 domino
1262 1435 1503 1484 Cysterciensi
1534 1435 1589 1472 vel
1624 1436 1703 1485 ejus

181 1491 355 1529 mandato
377 1492 415 1529 in
440 1492 591 1530 instanti
611 1494 702 1530 festo
729 1493 830 1530 Beati
855 1493 1038 1531 Johannis
1070 1493 1255 1543 Baptistae
1289 1493 1450 1530 Parisius
1475 1494 1700 1543 persolvatis.

182 1547 338 1600 Incipiet
354 1554 476 1587 autem
494 1551 613 1588 dictae
631 1551 826 1589 solutionis
846 1551 1024 1589 terminus
1038 1565 1104 1602 per
1121 1555 1203 1588 octo
1220 1550 1297 1588 dies
1311 1556 1393 1588 ante
1411 1551 1542 1588 festum
1562 1565 1702 1589 meino-

182 1611 320 1654 ratum,
340 1609 524 1660 alioquin,
541 1610 638 1647 sicut
661 1611 891 1661 praedictum
919 1615 988 1657 est,
1009 1624 1083 1647 non
1106 1610 1287 1647 solventes
1312 1610 1557 1659 compulsioni
1584 1611 1703 1661 regiae

182 1678 409 1716 exponemus
428 1668 673 1707 nihilominus
689 1674 865 1720 tanquam
886 1669 1137 1706 inobedientes
1153 1673 1189 1705 et
1206 1668 1358 1705 rebelles
1376 1668 1582 1705 auctoritati
1602 1669 1703 1719 capi-

182 1723 249 1760 tuli
267 1725 447 1775 generalis
456 1726 683 1777 puniendos.
703 1727 816 1765 Vobis
836 1728 988 1778 insuper
1005 1727 1186 1764 universis
1197 1731 1241 1763 -et
1258 1726 1412 1776 singulis
1431 1726 1702 1776 generationem

182 1781 406 1821 habentibus
424 1785 640 1823 auctoritate
663 1799 738 1837 qua
759 1800 871 1837 supra
891 1786 1152 1837 praecipiendo
1170 1785 1388 1822 mandamus
1412 1784 1587 1835 quatinus
1607 1785 1703 1822 istud

182 1839 279 1878 idem
294 1841 380 1879 filiis
403 1844 532 1882 vestris
555 1858 667 1895 quam
686 1845 795 1883 eitius
818 1845 984 1896 poteritis
1002 1846 1073 1883 sub
1094 1844 1205 1882 modo
1223 1849 1259 1881 et
1275 1845 1392 1881 forma
1410 1843 1592 1880 consimili
1613 1844 1703 1881 insi—

183 1910 297 1936 nuare
314 1900 467 1947 curetis,
482 1903 581 1940 acin
599 1903 746 1954 signum
771 1904 992 1954 receptionis
1019 1902 1231 1953 hujusmodi
1258 1902 1372 1939 nostri
1402 1901 1561 1938 mandati
1586 1901 1704 1949 sigilla

182 1961 299 1994 vestra
317 1961 573 2008 praesentibus
590 1963 802 2012 apponatis,
817 1962 914 2013 ipsas
945 1976 1011 2013 per
1037 1963 1168 1999 latores
1193 1961 1440 2011 praesentium
1468 1959 1704 1996 remittentes.

231 2014 367 2053 Datum
395 2017 434 2055 in
458 2019 689 2070 Compendio
716 2020 754 2058 in
781 2021 941 2060 crastino
963 2020 1059 2058 beati
1082 2019 1239 2057 Mathiae
1260 2018 1415 2069 apostoli
1436 2030 1534 2054 anno
1555 2017 1703 2054 Domini

183 2072 234 2109 Μο
249 2073 322 2111 CC⁰
339 2076 578 2126 nonagesimo
598 2091 708 2116 nono.
