2184 3074
437 228 510 267 250
988 225 1149 263 CODEX
1177 225 1422 263 DUNENSIS.

440 340 587 387 videris,
603 353 621 376 a
637 354 789 377 suorum
805 339 979 376 ordinum
997 338 1215 376 executione
1227 351 1419 388 suspenso,
1433 338 1584 376 demum
1599 338 1888 389 suffragantibus
1901 338 1972 376 sibi

442 399 582 436 meritis
601 399 748 449 alioque
766 398 946 435 canonico
965 410 1039 434 non
1059 397 1229 434 obstante
1254 409 1366 447 super
1392 396 1609 437 executione
1626 396 1801 434 ordinum
1825 397 1854 434 si
1880 410 1975 448 quos

439 462 599 513 suscepit
622 460 860 512 postmodum
880 460 932 496 sic
951 459 1085 510 ligatus
1108 463 1144 495 et
1162 471 1274 508 super
1298 457 1565 508 irregularitate
1582 470 1695 512 quam
1715 457 1754 494 in
1771 457 1825 494 eis
1843 457 1975 496 minis-

439 519 571 556 trando
591 525 626 556 et
640 519 728 555 alias
744 532 780 555 se
795 517 933 555 divinis
947 517 1079 555 officiis
1093 516 1338 554 immiscendo
1353 516 1548 553 contraxit.
1563 515 1754 566 dispenses
1771 514 1976 552 misericor·

436 578 532 615 diter
548 591 632 614 curn
652 577 791 613 eodem.

1143 640 1258 650 ,⁴000-

1144 774 1266 812 CLXI.

433 887 484 924 Le
503 899 599 935 pape
625 887 801 923 Imzocenc
829 884 986 933 ΙΙόΙῙνε
1004 884 1036 921 le
1053 890 1190 933 sceptre
1213 883 1387 933 imperial
1404 883 1427 920 ἀ
1445 882 1660 921 Guillaume
1680 882 1724 920 de
1746 882 1932 920 Hellande
1950 886 1970 919 ¹.

486 1079 723 1116 innocentius
741 1079 953 1129 episcopus,
971 1091 1098 1114 servus
1116 1090 1307 1114 servorum
1329 1077 1414 1123 Dei,
1442 1076 1638 1113 karissimo
1663 1076 1701 1113 in
1723 1076 1870 1113 Christo
1893 1075 1971 1112 filio

434 1138 625 1176 Willelmo
644 1137 718 1187 regi
738 1137 992 1174 Romanorum
1012 1136 1160 1181 illustri,
1174 1135 1329 1172 salutem
1349 1140 1384 1171 et
1400 1135 1641 1185 apostolicam
1661 1133 1971 1171 benedictionem.

482 1198 684 1246 Postquam
704 1196 831 1232 divina
854 1195 1018 1246 potentia
1040 1195 1241 1232 Ecclesiam
1265 1207 1370 1231 suam
1388 1194 1583 1244 pacificare
1600 1194 1803 1244 disponens
1821 1193 1972 1230 celsitu-

432 1257 510 1293 dini
533 1261 616 1292 tuae
635 1255 826 1292 manifesta
840 1254 960 1291 bonae
974 1254 1175 1291 voluntatis
1193 1267 1281 1291 suae
1295 1254 1399 1304 signa
1413 1253 1623 1304 praetendit
1639 1253 1686 1289 de
1703 1252 1763 1289 via
1778 1266 1845 1303 per
1857 1264 1971 1302 quam

432 1327 608 1366 prospere
630 1312 808 1363 procedas
830 1318 864 1349 et
886 1325 1031 1362 regnes7
1055 1311 1239 1349 obstantia
1261 1311 1508 1348 offensionum
1534 1311 1706 1348 scandala
1730 1310 1972 1356 removendo,

432 1375 482 1411 ita
505 1373 625 1424 quod,
648 1372 818 1410 Conrado
835 1377 931 1425 nato
953 1372 1144 1422 quondam
1172 1371 1358 1408 Frederici
1381 1371 1470 1408 olim
1497 1370 1730 1422 imperatoris
1756 1370 1902 1407 sublato
1925 1369 1975 1407 de

433 1432 574 1475 medio,
589 1431 682 1468 alius
697 1430 775 1480 jam
794 1435 978 1480 superstes
993 1443 1068 1466 non
1087 1430 1136 1467 sit
1150 1429 1216 1480 qui
1235 1430 1314 1466 Deo
1333 1429 1400 1466 tibi
1421 1429 1603 1480 prospitio
1622 1428 1696 1466 tuis
1714 1428 1972 1478 progressibus

432 1491 550 1527 valeat
577 1489 784 1535 adversari,
803 1494 949 1540 oportet
970 1489 1016 1526 de
1041 1494 1183 1526 caetero
1209 1488 1246 1525 in
1275 1493 1310 1525 te
1334 1488 1462 1538 perfici
1491 1492 1618 1524 nostro
1639 1487 1847 1524 ministerio
1877 1499 1972 1537 opus

430 1550 498 1586 Dei
527 1554 563 1586 et
592 1548 817 1585 desiderium
850 1548 995 1597 impleri
1019 1547 1204 1584 Ecclesiae
1235 1547 1362 1583 matris
1394 1551 1478 1582 tuae
1509 1550 1587 1582 toto
1617 1544 1802 1595 cupientis
1836 1544 1969 1581 affectu

433 1608 589 1644 electum
623 1606 749 1642 videre
781 1605 971 1642 electionis
1007 1618 1094 1642 suae
1130 1605 1250 1641 filium
1284 1604 1543 1655 imperatoriae
1577 1602 1777 1652 majestatis
1808 1602 1973 1639 culmine

433 1664 726 1703 sublimandum.
754 1664 850 1701 Sane
875 1677 959 1700 cum
987 1676 1089 1713 reges
1120 1662 1186 1713 qui
1222 1663 1324 1699 suere
1347 1675 1417 1712 pro
1445 1667 1611 1712 tempore
1646 1661 1684 1697 in
1718 1652 1971 1699 Romanorum

432 1723 618 1775 principes
636 1722 864 1760 sublimandi
888 1726 1163 1758 consueverunt
1179 1735 1199 1758 a
1218 1721 1310 1759 Sede
1329 1719 1540 1771 Apostolica
1561 1732 1646 1757 cum
1671 1719 1786 1756 multa
1805 1722 1970 1769 repetere

433 1782 717 1833 supplicationis
750 1781 923 1818 instantia
953 1781 1186 1817 vocationem
1208 1793 1312 1819 suam
1341 1779 1387 1816 ad
1418 1791 1594 1815 coronam
1626 1776 1773 1827 imperii
1801 1789 1868 1826 per
1897 1775 1974 1813 sol-

432 1842 598 1892 lempnes
617 1841 768 1877 nuntios
790 1841 994 1890 postulare,
1015 1839 1233 1890 priusquam
1256 1851 1323 1889 per
1352 1838 1563 1892 Romanum
1590 1834 1806 1886 pontificem
1837 1834 1973 1871 invita-

433 1905 561 1937 rentur
584 1900 630 1936 ad
656 1899 776 1945 illam,
802 1899 840 1935 in
865 1899 936 1935 hoc
957 1899 1024 1935 tibi
1047 1898 1213 1948 ejusdem
1236 1896 1406 1947 specialis
1429 1894 1679 1933 benivolentia
1702 1898 1738 1931 et
1758 1894 1904 1930 fervens
1927 1892 1974 1929 de

434 1958 668 2010 promotione
693 1963 755 1994 tua
779 1957 897 2008 ipsius
927 1956 1153 1994 desiderium
1181 1955 1353 1992 elucessit
1377 1954 1480 2005 quod
1509 1954 1588 2004 ipsa
1619 1957 1655 1990 te
1676 1952 1725 1989 ad
1751 1951 1972 1989 destinatam

434 2017 651 2069 principalis
666 2017 818 2054 honoris
837 2014 1091 2053 excellentiam
1102 2015 1299 2052 efficaciter
1310 2013 1592 2064 assequendam,
1601 2016 1802 2062 antequam
1810 2015 1972 2066 rogetur,

435 2077 566 2113 invitat
580 2081 615 2113 et
629 2090 714 2113 cum
734 2076 855 2113 taedio
874 2089 999 2112 morae
1017 2075 1231 2126 prolixioris
1249 2077 1446 2124 exspectat.
1465 2073 1654 2122 Rogamus
1667 2069 1782 2120 igitur
1797 2074 1833 2106 et
1850 2068 1973 2119 requi-

423 2135 549 2172 ,rimus
565 2135 859 2186 magnitudinem
874 2140 975 2171 tuam
989 2133 1153 2185 paternis
1171 2133 1238 2170 tibi
1257 2132 1408 2169 monitis
1433 2131 1627 2168 suadentes
1645 2127 1828 2179 quatenus
1846 2125 1971 2164 dilecti

434 2194 500 2231 filii
524 2195 638 2231 nostri
665 2195 704 2231 P.
724 2193 1020 2243 Sancti-Georgii
1049 2193 1095 2229 ad
1124 2193 1247 2229 velum
1274 2192 1428 2228 aureum
1451 2188 1610 2240 dyaconi
1635 2186 1834 2225 cardinalis
1851 2186 1973 2236 Apos-

473 2315 479 2330 ¹
504 2314 669 2347 Guinaume‚
683 2319 768 2340 comte
782 2314 814 2339 de
829 2314 972 2344 llollundc,
987 2314 1027 2340 fut
1041 2311 1176 2348 proclama
1188 2319 1330 2347 empereur
1344 2318 1394 2345 par
1408 2310 1431 2335 le
1447 2308 1516 2343 legat
1529 2308 1566 2334 du
1578 2313 1647 2342 pape
1660 2306 1788 2332 innocent
1802 2301 1928 2338 iv-apres
1946 2302 1970 2328 la

434 2366 505 2389 mort
524 2362 556 2388 de
577 2361 702 2388 Fre'deric
723 2362 744 2388 ll
766 2361 872 2396 (¹250).
