2184 3074
431 252 504 289 0206
983 246 1146 284 CODEX
1172 245 1416 283 DUNENSlS.

430 367 534 405 sidiis
551 370 587 403 et
604 369 810 402 vestrorum
829 376 871 400 ac
888 362 1054 412 ejusdem
1073 362 1216 398 ordinis
1234 365 1370 398 statum
1393 363 1567 412 congruis
1588 363 1764 400 roborare
1780 362 1907 413 gratiis
1925 366 1960 399 et

431 425 578 463 assidue
590 424 629 460 in
645 423 777 460 melius
789 451 797 466 ,
815 421 986 471 adjutore
1003 419 1183 465 Domino,
1203 432 1432 456 conservare.

480 485 616 521 Datum
635 481 788 531 Neapoli
807 480 856 517 Xl
876 478 1053 516 kalendas
1067 477 1242 527 januarii.

1134 597 1256 609 ⁴0—-

1101 743 1295 781 CXXVlll.

542 862 778 899 Mandement
792 861 842 913 du
862 860 1037 898 cardinal
1051 860 1149 898 Jean
1168 859 1290 898 Cholet
1311 859 1446 910 relatis
1462 861 1484 897 ἀ
1505 860 1540 898 Ia
1560 860 1652 897 levee
1669 859 1731 897 des
1749 866 1850 898 taxes

1045 918 1344 968 ecclesiastiques.

471 1114 660 1153 Joliannes
679 1114 932 1151 misericordia
947 1113 1074 1151 divina
1089 1118 1179 1151 tunc
1193 1113 1348 1151 Sanctae
1361 1113 1518 1150 Ceciliae
1531 1113 1727 1164 presbyter
1743 1113 1960 1159 cardinalis,

423 1173 470 1210 ad
489 1177 610 1223 partes
628 1172 732 1223 regni
751 1172 930 1209 Franciae
948 1185 1018 1223 pro
1036 1172 1144 1209 certis
1162 1172 1320 1223 negotiis
1338 1185 1359 1209 a
1376 1171 1610 1209 sanctissimo
1627 1175 1731 1222 patre
1748 1184 1792 1208 ae
1808 1171 1963 1208 domino

422 1231 577 1268 domino
590 1230 767 1276 Martino‚
783 1230 910 1267 divina
924 1230 1158 1281 providentia
1174 1229 1330 1267 Sanctae
1343 1230 1532 1268 Romanae
1545 1242 1587 1266 ae
1601 1229 1828 1268 Universalis
1841 1229 1964 1267 Eccle-

421 1291 496 1328 siae
517 1304 664 1330 summo
691 1293 885 1343 pontifice,
916 1293 1138 1339 destinatus,
1169 1293 1305 1330 dilecto
1335 1292 1469 1330 clerieo
1499 1297 1625 1330 nostro
1648 1292 1712 1329 tali
1737 1292 1895 1329 salutem
1920 1291 1960 1330 in

420 1350 595 1388 Domino.

469 1409 630 1447 Provida
656 1410 896 1447 meditatione
914 1410 1153 1447 considerans
1171 1409 1425 1446 sanctissimus
1450 1409 1562 1446 frater
1583 1421 1625 1445 ac
1644 1399 1821 1446 dominus
1838 1413 1963 1447 noster

420 1468 595 1506 dominus
619 1469 815 1516 Martinus,
841 1469 968 1507 divina
996 1469 1229 1520 providentia
1261 1468 1417 1506 Sanctae
1449 1469 1638 1507 Romanae
1664 1481 1707 1505 ac
1734 1468 1960 1508 Universalis

419 1527 600 1564 Ecclesiae
630 1541 800 1565 summus
831 1527 1016 1579 pontifex,
1045 1527 1267 1565 arduitatem
1300 1527 1535 1577 negotiorum
1570 1540 1591 1564 a
1621 1526 1716 1564 Sede
1747 1527 1960 1577 Apostolica

419 1590 566 1623 nostrae
595 1586 840 1623 sollicitudini
876 1587 1181 1632 commissorum,
1208 1599 1354 1623 necnon
1386 1590 1423 1622 et
1446 1597 1695 1636 expensarum
1721 1597 1833 1623 onera
1864 1598 1962 1636 quae

421 1643 541 1694 [eura]
574 1645 807 1695 negotiorum
848 1645 1015 1695 ipsorum
1043 1658 1140 1695 quae
1171 1644 1447 1695 prosequimur,
1477 1643 1604 1681 subire
1637 1643 1895 1694 multipliciter
1925 1647 1965 1682 et

418 1701 564 1738 assidue
594 1715 661 1739 nos
691 1703 898 1753 compellit,
929 1703 975 1740 ad
1001 1716 1098 1754 quae
1123 1715 1198 1740 non
1225 1702 1432 1741 sufficimus
1461 1715 1527 1753 per
1549 1714 1618 1739 nos
1642 1701 1760 1752 ipsos,
1786 1701 1896 1740 nohis
1925 1706 1962 1740 et

418 1761 508 1811 ipsis
528 1762 686 1812 negotiis
705 1763 902 1812 providere
920 1763 1040 1800 voluit
1058 1763 1096 1800 in
1111 1763 1181 1800 hac
1195 1767 1316 1813 parte2
1331 1775 1416 1800 suas
1430 1774 1544 1812 super
1557 1761 1628 1798 hoc
1641 1765 1806 1812 patentes
1821 1761 1960 1799 litteras

416 1820 654 1858 concedendo
675 1825 839 1858 tenorem
854 1821 1072 1870 hujusmodi
1091 1821 1156 1872 qui
1175 1821 1355 1871 sequitur,
1375 1821 1607 1858 continentes
1625 1835 1633 1856 z

464 1878 644 1916 Martinus
670 1879 885 1930 episcopus,
913 1892 1041 1916 servus
1067 1892 1259 1916 servorum
1285 1879 1376 1924 Dei,
1405 1878 1541 1916 dilecto
1568 1877 1646 1915 filio
1670 1876 1835 1915 Johanni
1865 1881 1955 1914 tunc

414 1935 568 1974 Sanctae
598 1933 758 1974 Ceciliae
784 1939 1003 1988 presbytero
1029 1938 1230 1983 cardinali,
1256 1938 1412 1975 salutem
1439 1942 1474 1975 et
1505 1937 1746 1988 apostolicam
1777 1936 1957 1974 benedic-

416 1995 566 2034 tionem,

464 2053 555 2089 Cum
593 2057 626 2089 te
653 2053 700 2090 ad
719 2066 843 2103 regem
866 2054 1046 2090 Franciae
1063 2053 1372 2092 destinaverimus
1447 2081 1727 2091 ............
1751 2052 1956 2103 recipiendi
2007 2077 2009 2079 ·

412 2116 487 2148 tam
507 2112 544 2148 in
564 2112 770 2162 praesentia
783 2126 896 2163 quam
913 2113 950 2150 in
965 2113 1133 2150 absentia
1148 2118 1433 2164 procuratorum
1451 2127 1472 2150 a
1487 2111 1766 2150 venerabilibus
1779 2111 1957 2150 fratribus

417 2170 551 2207 nostris
563 2171 852 2222 archiepiscopis
873 2176 908 2208 et
925 2172 1109 2222 episcopis
1130 2185 1173 2209 ae
1191 2185 1212 2209 a
1234 2172 1379 2210 dilectis
1398 2172 1486 2210 filiis
1503 2171 1718 2217 abbatibus,
1747 2170 1956 2221 prioribus,

414 2229 537 2266 electis
549 2258 558 2276 ⁷
576 2230 744 2276 decanis,
763 2230 1055 2278 archidiaconis,
1074 2231 1314 2282 praepositis2
1333 2230 1668 2282 archipresbyteris
1686 2233 1723 2266 et
1737 2229 1832 2276 aliis,
1841 2230 1954 2267 eccle—

410 2289 549 2326 siarum
576 2289 747 2338 praelatis
772 2303 814 2326 ae
839 2291 1094 2328 ecclesiasticis
1126 2291 1295 2342 personis
1320 2291 1501 2342 religiosis
1528 2295 1564 2328 et
1588 2289 1688 2336 aliis,
1712 2288 1951 2326 ecclesiarum

410 2348 581 2398 capitulis
612 2352 648 2384 et
678 2349 944 2395 conventibus,
968 2351 1149 2401 exemptis
1180 2355 1215 2388 et
1244 2364 1319 2388 non
1345 2350 1546 2401 exemptis,
1572 2346 1842 2393 cisterciensis,
1867 2346 1950 2385 Clu-
