2184 3074
747 300 908 339 conssx
936 301 1180 339 DUNENSlS.
1660 303 1726 341 29¹

196 422 328 460 diebus
354 422 510 472 singulis
535 427 571 458 et
588 433 718 458 securo
743 419 949 462 conductu,
969 431 1113 456 necnon
1138 419 1174 455 in
1199 419 1454 456 evectionibus
1478 421 1674 470 oportunis
1702 421 1730 456 si

196 494 262 519 sua
286 481 323 518 in
344 481 402 518 via
425 479 650 517 decesserint
671 478 728 515 vel
753 477 970 524 defecerint,
998 490 1084 515 cum
1109 491 1222 528 super
1246 477 1317 515 hiis
1341 491 1407 528 per
1430 478 1554 529 ipsum
1572 479 1630 515 vel
1653 479 1732 528 ejus

196 539 368 577 nuntium
390 538 532 576 fueritis
549 536 737 588 requisiti,
756 536 793 573 in
810 536 950 582 eundo.¹
970 536 1153 573 morando
1167 541 1204 574 et
1217 536 1422 584 redeundo,
1438 537 1639 574 liberaliter
1653 550 1734 587 pro-

196 598 321 636 videre
346 597 499 642 curetis;
514 600 550 633 et
575 595 604 633 si
631 595 803 633 eumdem
833 595 1156 646 archiepiscopum
1186 595 1224 632 in
1249 595 1440 646 aliquibus
1466 596 1557 633 locis
1574 596 1631 633 vel
1650 596 1732 633 loeo

198 657 383 694 interdum
399 667 539 692 moram
556 654 701 691 trahere
719 653 929 704 eontigerit,
949 653 1123 691 volumus
1140 653 1242 706 quod
1265 667 1338 691 non
1359 653 1479 692 solum
1499 654 1730 699 eorumdem,

195 715 323 765 eisque
340 713 549 750 vicinorum
568 712 625 748 vel
647 711 895 761 adjacentium
915 712 1092 762 partium,
1111 712 1175 749 sed
1193 712 1348 750 aliarum
1368 713 1495 759 etiam,
1514 713 1609 750 sieut
1632 713 1730 750 idem

195 773 495 824 archiepiscopus
513 785 581 822 pro
599 771 813 821 hujusmodi
833 771 1009 808 omnibus
1025 771 1237 809 dividendis
1255 777 1291 808 et
1309 772 1453 809 facilius
1467 772 1732 823 supportandis

195 831 370 882 expedire
393 830 542 876 viderit,
570 835 814 874 remotarum,
841 828 1089 880 patriarchae,
1107 829 1393 881 archiepiscopi,
1411 830 1594 881 episcopi,
1611 831 1732 875 electi,

196 889 366 935 abbates,
380 889 537 940 priores,
552 887 698 932 decani,
713 887 932 938 praepositi,
946 887 1227 938 archidyaconi,
1241 889 1569 940 archipresbyteri,
1585 890 1733 940 plebani

148 959 154 964 ·
195 953 232 986 et
243 947 306 986 alii
320 946 558 985 ecclesiarum
567 975 576 992 ,
592 958 798 996 eorumque
810 946 908 984 vices
921 951 1088 997 gerentes
1102 960 1144 983 ac
1158 960 1338 997 personae
1351 948 1616 985 ecclesiastieae
1649 948 1737 984 reli-

195 1007 320 1058 giosae
340 1010 376 1042 et
400 1004 603 1050 seculares,
621 1003 861 1040 eeclesiarum
887 1008 923 1041 et
945 1005 1256 1042 monasteriorum
1283 1005 1444 1056 capitula
1469 1010 1505 1042 et
1531 1011 1736 1043 conventus

197 1064 357 1115 exempti
381 1067 418 1100 et
435 1076 508 1100 non
529 1063 711 1113 exempti,
736 1063 1022 1112 Cysterciensis,
1047 1063 1301 1102 Cluniacensis
1315 1093 1325 1110 ,
1343 1064 1605 1110 Cartusiensis,
1625 1064 1737 1101 Prae-

197 1121 496 1166 mansa-atensis,
519 1120 643 1158 Sancti
663 1120 854 1158 Benedicti
878 1125 913 1158 et
931 1121 1054 1159 Sancti
1081 1122 1279 1172 Augustini
1300 1127 1337 1159 et
1359 1122 1517 1159 aliorum
1539 1122 1734 1167 ordinum,

197 1193 342 1219 necnon
356 1178 520 1229 magistri
537 1182 572 1215 et
589 1183 844 1229 praeceptores
859 1178 1013 1216 militiae
1022 1179 1179 1230 Templi,
1191 1179 1392 1230 Hospitalis
1408 1181 1530 1218 Sancti
1547 1181 1731 1219 Johannis

196 1237 518 1288 Jerosolymitani,
537 1237 692 1274 Sanctae
711 1237 846 1274 Mariae
869 1237 1186 1275 Theutonicorum
1212 1239 1381 1284 militiae,
1400 1239 1524 1277 Sancti
1543 1240 1674 1278 Jacobi
1699 1245 1735 1277 et

195 1296 462 1336 Calatravensis
479 1309 520 1332 ac
541 1308 856 1346 quorumcunque
874 1296 1034 1333 aliorum
1053 1297 1220 1334 locorum
1241 1297 1572 1335 ecclesiasticorum
1594 1298 1737 1335 contri·

196 1358 310 1395 buere
328 1355 366 1392 in
389 1354 704 1392 subventionibus
726 1354 941 1404 hujusmodi
967 1359 1171 1392 teneantur.
1192 1356 1252 1393 Sic
1272 1356 1396 1406 itaque
1415 1356 1630 1393 mandatum
1647 1370 1736 1393 nos-

199 1420 296 1453 trum
319 1413 517 1451 efficaciter
535 1413 740 1463 adimplere
758 1413 894 1451 curetis
912 1413 1014 1464 quod
1034 1413 1132 1451 idem
1150 1414 1470 1465 archiepiscopus,
1489 1428 1573 1451 eum
1596 1415 1641 1452 ad
1666 1427 1733 1452 nos
1759 1418 1762 1420 ’

197 1473 362 1519 redierit,
379 1472 425 1510 de
444 1472 551 1509 vobis
568 1475 670 1522 grata
695 1472 804 1510 nobis
829 1473 965 1510 referre
983 1473 1102 1510 valeat
1119 1478 1155 1510 et
1172 1478 1338 1524 accepta,
1357 1479 1392 1510 et
1411 1487 1476 1510 nos
1498 1474 1732 1511 devotionem

195 1537 352 1570 vestram
371 1543 568 1581 possumus
586 1530 721 1567 exinde
741 1530 872 1567 merito
891 1531 1164 1568 commendare.
1183 1531 1361 1582 Alioquin
1383 1532 1602 1569 sententiam
1620 1545 1732 1583 quam

197 1593 274 1643 ipse
292 1606 358 1644 per
373 1606 411 1629 se
429 1592 484 1628 vel
505 1605 570 1642 per
588 1592 702 1629 alium
719 1605 783 1630 seu
804 1592 896 1630 alios
910 1592 978 1630 rite
996 1593 1121 1630 tulerit
1141 1593 1178 1629 in
1194 1593 1365 1639 rebelles,
1381 1598 1495 1630 ratam
1512 1593 1734 1630 habebimus

196 1655 232 1688 et
248 1651 440 1697 faciemus,
459 1655 609 1688 auctore
638 1651 821 1697 Domino,
849 1665 968 1702 usque
983 1651 1028 1688 ad
1043 1652 1330 1689 satisfactionem
1345 1652 1586 1702 condignam,
1605 1652 1734 1702 appel-

197 1710 332 1747 latione
346 1714 503 1755 remota,
524 1708 789 1746 inviolabiliter
806 1709 1010 1755 observari,
1032 1722 1106 1746 non
1121 1709 1356 1746 obstantibus
1370 1710 1399 1747 si
1415 1710 1603 1760 aliquibus
1618 1715 1672 1746 est
1685 1710 1732 1746 ab

195 1768 320 1806 eadem
343 1767 436 1806 Sede
460 1767 647 1804 indultum
671 1768 773 1818 quod
793 1767 935 1805 nuntiis
957 1768 1061 1806 Sedis
1088 1768 1204 1819 ipsius
1235 1769 1398 1819 aliquam
1432 1768 1730 1819 procurationem

195 1826 371 1863 exhibere
386 1826 441 1862 vel
456 1826 493 1862 in
509 1826 590 1876 ipso
605 1826 855 1872 contribuere,
875 1826 944 1863 nisi
960 1826 1005 1863 ad
1026 1840 1087 1864 eos
1106 1827 1388 1873 declinaverint,
1409 1827 1563 1864 minime
1580 1833 1731 1863 tenean-

195 1889 267 1929 tur,
281 1897 346 1921 seu
360 1884 460 1934 quod
476 1884 659 1929 interdici,
671 1884 847 1935 suspendi
864 1885 919 1921 vel
936 1885 1250 1922 excommunicari
1267 1899 1341 1922 non
1359 1886 1500 1936 possint
1514 1899 1579 1936 per
1592 1885 1729 1921 litteras

194 1943 413 1994 apostolicas
430 1957 526 1993 quae
545 1943 592 1980 de
609 1943 755 1981 indulto
775 1943 844 1982 hoc
865 1949 1017 1995 totoque
1032 1949 1157 1982 tenore
1176 1945 1292 1995 ipsius
1306 1946 1452 1996 plenam
1468 1950 1503 1981 et
1517 1957 1726 1995 expressam

196 2015 269 2039 non
289 2002 442 2039 fecerint
459 2003 685 2039 mentionem
706 2016 769 2040 seu
787 2003 977 2054 aliquibus
995 2004 1199 2054 privilegiis
1218 2005 1274 2041 vel
1302 2005 1542 2055 indulgentiis
1568 2004 1727 2054 quibus·-

194 2073 342 2112 eunque
359 2061 543 2110 personis,
562 2061 652 2098 locis
671 2062 727 2098 vel
747 2061 944 2099 ordinibus
957 2062 1028 2099 sub
1042 2062 1173 2112 quavis
1188 2063 1305 2099 forma
1323 2063 1520 2099 verborum
1536 2062 1583 2099 ab
1598 2062 1725 2099 eadem

194 2119 287 2157 Sede
307 2118 508 2165 concessis,
535 2119 581 2156 de
606 2119 745 2170 quibus
771 2133 1009 2170 quorumque
1038 2119 1122 2156 totis
1150 2120 1340 2157 tenoribus
1367 2120 1404 2156 in
1432 2120 1566 2157 nostris
1597 2120 1727 2156 litteris

192 2176 323 2214 similis
342 2176 481 2213 mentio
494 2176 542 2215 sit
560 2177 731 2214 habenda
749 2182 785 2214 et
802 2191 868 2228 per
885 2191 981 2228 quae
995 2191 1167 2228 praesens
1188 2178 1402 2215 mandatum
1418 2183 1585 2215 nostrum
1600 2191 1728 2229 quem-

193 2235 283 2273 libet
295 2234 413 2271 valeat
430 2234 614 2285 impediri.
627 2236 764 2273 Datum
779 2237 918 2274 Romae
933 2236 1032 2287 apud
1049 2237 1219 2273 Sanctam
1236 2237 1410 2273 Sabinam
1433 2250 1528 2273 nona
1553 2235 1727 2273 kalendas

191 2293 416 2338 decembris,
436 2292 672 2342 pontificatus
691 2294 807 2331 nostri
826 2307 925 2331 anno
944 2294 1119 2331 secundo.

889 2419 993 2429 ⁶⁴0-
