2184 3074
438 280 508 317 1⁹26
995 275 1156 313 CODEX
1182 275 1427 314 DUNENSIS.

435 397 610 434 fidelibus
625 395 764 446 jugiter
781 397 988 439 veneretur,
1007 391 1184 429 omnibus
1203 404 1288 427 vere
1307 392 1584 441 poenitentibus
1603 398 1639 430 et
1654 396 1832 434 confessis
1845 397 1912 448 qui
1927 397 1974 434 ad

435 453 662 504 praedictam
681 452 872 489 ecclesiam
892 463 1000 487 causa
1019 449 1228 486 devotionis
1246 462 1311 486 seu
1330 450 1637 501 peregrinationis
1655 451 1695 489 in
1713 453 1974 493 festivitatibus

435 513 673 563 subscriptis,
699 511 872 548 videlieet
896 509 1104 547 Nativitatis
1132 508 1301 555 Domini,
1324 509 1541 556 Parascevc,
1561 514 1648 557 ete,
1674 512 1913 559 accesserint,
1939 518 1976 550 et

436 571 575 608 ibidem
596 572 634 607 in
652 569 914 607 festivitatibus
933 568 1156 619 supradictis
1174 568 1339 605 officium
1358 581 1422 605 seu
1443 569 1600 606 verbum
1619 569 1887 609 exhortationis
1909 572 1977 610 de-

435 633 519 666 vote
550 628 758 673 audierint,
791 627 847 663 vel
878 626 943 677 qui
969 626 1188 676 presbytero
1214 639 1350 676 eorpus
1375 626 1512 663 Christi
1539 626 1586 663 ad
1614 627 1784 666 infirmos
1813 631 1975 680 portanti

435 688 568 738 spiritu
589 686 810 723 humilitatis
829 685 1069 734 praebuerint
1086 684 1316 731 comitivam,
1331 697 1476 722 necnon
1492 685 1557 736 qui
1577 686 1786 736 praedictae
1803 688 1978 726 ecclesiae

435 745 597 782 fabricae
618 743 936 795 reparationibus,
960 743 1310 788 sustentationibus,
1335 743 1560 790 luminariis,
1586 744 1707 792 libris,
1731 747 1977 795 vestimentis,

435 804 634 850 calicibus,
658 803 867 853 campanis,
894 802 1067 839 altarium
1089 802 1317 839 ornamentis
1340 815 1403 839 seu
1429 802 1722 856 quibuscunque
1742 806 1824 843 aliis
1850 820 1978 845 neees-

435 863 540 900 sariis
563 875 695 899 manus
720 861 920 911 adjutrices
945 861 1198 911 porrexerint,
1217 861 1274 898 vel
1293 861 1497 912 quiequam
1523 861 1741 900 facultatum
1767 877 1919 902 suarum
1938 865 1977 903 in

434 922 608 959 extremis
622 921 841 972 legaverint,
857 920 1097 967 donaverint,
1113 919 1282 957 miserint
1296 933 1364 971 per
1376 933 1414 958 se
1427 920 1484 957 vel
1500 934 1566 971 per
1580 921 1687 968 alios,
1701 926 1738 959 et
1750 936 1978 976 quocunque

436 980 547 1016 modo
568 979 669 1016 licito
693 979 813 1015 cidem
831 977 1005 1015 ecclesiae
1023 978 1249 1028 praelibatae
1273 979 1572 1029 procuraverint,
1587 992 1652 1016 seu
1673 980 1852 1032 aliquales
1871 981 1978 1019 obla—

435 1039 553 1075 tiones
579 1051 807 1088 quoeunque
834 1042 999 1087 tempore
1017 1036 1206 1074 caritative
1222 1037 1342 1074 eidem
1369 1037 1544 1074 ecclesiae
1562 1039 1788 1076 contulerint
1806 1040 1884 1077 sive
1903 1041 1976 1078 mi-

435 1097 565 1143 serint,
593 1110 660 1134 nos
687 1096 734 1132 de
760 1095 1040 1145 Omnipotentis
1065 1095 1133 1131 Dei
1162 1094 1436 1141 misericordia,
1455 1095 1650 1134 beatorum
1680 1097 1780 1135 Petri
1805 1103 1842 1135 et
1871 1098 1976 1136 Pauli

435 1156 690 1206 apostolorum
706 1155 786 1204 ejus
805 1154 1024 1191 auctoritate
1041 1153 1172 1191 contisi
1192 1153 1330 1204 singuli
1349 1158 1517 1191 nostrum
1534 1154 1700 1206 singulas
1717 1156 1864 1194 dierum
1883 1169 1979 1208 qua·

436 1214 614 1264 dragenas
639 1213 685 1250 de
703 1213 882 1263 injunctis
905 1213 977 1250 sibi
1002 1212 1263 1263 poenitentiis,
1288 1211 1496 1249 dummodo
1522 1225 1725 1252 consensus
1750 1214 1979 1265 dyochesani

436 1274 482 1310 ad
502 1273 538 1310 id
558 1273 768 1319 accesserit,
789 1272 1079 1309 misericorditer
1098 1271 1135 1308 in
1151 1271 1314 1308 Domino
1329 1271 1550 1308 relaxamus.
1565 1271 1609 1309 ln
1622 1273 1730 1323 cujus
1742 1273 1796 1310 rei
1810 1273 1980 1311 testimo-

438 1332 543 1368 nium
570 1331 754 1382 praesenti
779 1331 918 1381 scripto
943 1330 1065 1381 sigilla
1090 1334 1215 1367 nostra
1237 1330 1416 1367 duximus
1434 1330 1667 1380 apponenda.

484 1391 621 1428 Datum
644 1391 784 1428 Romae
803 1389 904 1441 apud
928 1390 1105 1427 Sanctum
1125 1390 1273 1426 Petrum
1298 1402 1397 1426 anno
1416 1389 1569 1426 Domini
1589 1389 1642 1427 Μο
1661 1390 1733 1427 CC⁰
1754 1419 1761 1426 .
1783 1419 1790 1426 .
1812 1418 1819 1426 .
1844 1418 1863 1436 .,
1881 1402 1979 1440 pon—

437 1449 596 1486 tificatus
621 1449 763 1486 domini
794 1477 944 1485 ......
966 1461 1084 1499 papae
1101 1447 1182 1485 V111
1200 1460 1299 1484 anno
1319 1447 1496 1484 secundo.

486 1508 560 1545 Nos
596 1511 718 1544 autem
752 1507 880 1543 eadem
917 1506 1155 1543 miseratione
1183 1505 1427 1543 Tornacensis
1462 1505 1659 1556 episcopus
1691 1504 1871 1555 praedicti
1906 1505 1979 1542 loci

436 1565 711 1615 dyochesanus,
731 1578 816 1602 cum
836 1570 1005 1602 nostrum
1024 1577 1215 1602 assensum
1237 1564 1359 1614 exigat
1377 1563 1537 1614 qualitas
1556 1563 1864 1614 praemissorum,
1883 1562 1981 1601 hanc

438 1625 707 1673 indulgentiam
726 1628 761 1661 et
783 1623 910 1660 omnia
931 1624 1134 1674 praemissa
1160 1627 1197 1660 et
1217 1622 1363 1673 singula
1385 1626 1463 1659 rata
1489 1626 1656 1658 tenemus
1685 1625 1721 1658 et
1743 1625 1846 1672 grata
1867 1625 1903 1659 et
1927 1621 1980 1673 eis

437 1683 613 1719 omnibus
631 1686 666 1718 et
683 1681 841 1732 singulis
860 1694 1052 1718 assensum
1072 1686 1240 1718 nostrum
1260 1693 1432 1731 expresse
1452 1693 1494 1717 ac
1511 1679 1673 1717 totaliter
1689 1692 1775 1717 eum
1793 1678 1979 1717 consimili

438 1740 669 1791 indulgentia
691 1740 756 1778 XL
783 1740 928 1776 dicrum
960 1739 1212 1790 impartimur,
1237 1752 1279 1776 ac
1307 1739 1345 1776 in
1373 1738 1508 1775 borum
1537 1738 1790 1775 testimonium
1813 1738 1980 1789 sigillum

438 1803 607 1836 nostrum
632 1799 890 1849 praesentibus
912 1798 1043 1835 litteris
1062 1811 1136 1835 una
1155 1811 1240 1835 cum
1263 1797 1540 1849 venerabilibus
1563 1796 1732 1847 patribus
1756 1796 1980 1847 supradictis

439 1857 613 1894 (luximus
631 1856 908 1907 apponendum.
