2184 3074
424 302 494 339 146
973 298 1133 335 CODEX
1162 296 1407 335 DUNENSIS.

423 412 549 450 Bonae
576 412 676 462 Spei,
706 412 1079 449 praemonstratensis
1108 410 1271 457 ordinis,
1299 411 1571 448 Cameracensis
1597 410 1786 460 dyocesis,
1816 423 1862 446 ex
1888 422 1964 446 una

424 476 545 522 parte,
566 476 601 508 et
631 471 802 507 abbatem
833 476 868 508 et
890 476 1115 507 conventum
1142 470 1188 507 de
1215 470 1381 516 Villaris,
1411 469 1663 507 Cisterciensis
1685 469 1848 515 ordinis,
1870 469 1965 507 Leo-

423 530 561 567 diensis
580 529 765 578 dyocesis,
789 542 834 565 ex
852 529 982 574 altera,
1003 529 1196 565 occasione
1222 528 1469 579 quarumdam
1486 528 1735 574 decimarum,
1754 540 1866 577 super
1879 526 1966 578 qui-

425 588 583 624 busdam
614 587 768 623 decimis
796 599 920 633 coram
943 587 1092 624 officiali
1119 586 1311 623 Leodiensi
1339 599 1413 623 non
1445 599 1490 623 ex
1511 586 1742 636 delegatione
1765 585 1966 636 apostolica

425 645 513 682 dicti
534 645 650 681 abbas
682 649 718 680 et
738 649 944 681 conventus
972 644 1097 680 Bonae
1117 644 1201 694 Spei
1230 644 1330 695 ipsos
1357 644 1529 681 abbatem
1549 648 1585 680 et
1603 647 1828 681 conventum
1850 643 1965 680 Villa-

426 704 583 741 riensem
604 708 793 740 traxerunt
817 703 854 739 in
885 717 1046 740 causam.
1069 704 1115 740 Et
1134 717 1180 740 ex
1206 708 1309 753 parte
1335 703 1521 740 dictorum
1539 702 1684 740 abbatis
1707 707 1743 739 et
1763 706 1968 739 conventus

426 763 654 800 Villariensis
683 763 754 799 fuit
780 762 1002 813 excipiendo
1023 763 1258 813 propositum
1282 766 1407 799 cerain
1427 762 1557 799 eodem
1580 761 1729 799 officiali
1753 761 1856 812 quod
1881 773 1966 797 cum

427 821 490 858 toti
507 821 628 858 ordini
645 821 881 858 cisterciensi
895 835 961 872 per
979 822 1152 871 specialia
1172 821 1366 872 privilegia
1385 821 1489 858 Sedis
1509 820 1742 871 Apostolicae
1759 820 1854 857 soret
1872 824 1908 856 et
1921 818 1968 856 sit

426 880 613 916 indultum
640 880 742 930 quod
763 893 942 930 personae
964 880 1081 930 ipsius
1098 880 1257 926 ordinis,
1282 880 1424 916 ratione
1449 879 1575 916 delicti
1593 891 1658 916 seu
1676 882 1888 915 contractus
1905 880 1970 914 aut

426 939 477 976 rei
496 939 542 975 de
556 952 628 989 qua
648 943 775 975 contra
794 952 855 976 eos
874 939 1016 989 agitur,
1036 940 1254 991 ubieunque
1272 939 1527 977 committatur
1543 938 1739 984 delictum,
1758 941 1969 975 contractus

427 998 565 1034 iniatur
578 1003 641 1034 aut
655 1011 711 1034 res
726 998 804 1048 ipsa
819 998 1005 1045 consistit,
1022 1004 1208 1049 nequeant
1222 1013 1346 1036 eoram
1362 998 1552 1036 ordinario
1567 996 1758 1034 conveniri
1777 999 1813 1032 ct
1830 995 1869 1032 in
1887 1007 1970 1046 pos-

427 1057 588 1093 sessione
601 1057 657 1092 vel
675 1057 781 1106 quasi
798 1057 997 1094 existerent
1013 1057 1229 1107 hujusmodi
1255 1057 1454 1099 libertatis,
1475 1061 1588 1107 prout
1605 1060 1710 1093 crant
1732 1068 1798 1105 per
1821 1053 1971 1091 exhibi-

428 1115 566 1151 tionem
585 1115 771 1152 dictorum
786 1115 1068 1166 privilegiorum
1084 1121 1120 1152 et
1133 1116 1223 1153 alias
1237 1116 1399 1166 legitime
1418 1115 1576 1166 probare
1589 1114 1728 1166 parati,
1742 1111 1970 1163 respondere

426 1186 538 1223 super
557 1173 628 1210 hiis
656 1187 780 1211 coram
808 1187 851 1211 eo
878 1175 987 1212 dictis
1006 1175 1130 1212 abbati
1147 1179 1183 1213 et
1201 1175 1426 1212 monasterio
1444 1175 1570 1212 Bonae
1589 1173 1674 1224 Spei
1692 1172 1847 1209 minime
1866 1175 1970 1208 tene-

427 1232 576 1278 bantur,
595 1238 630 1269 et
648 1233 693 1269 ad
709 1233 746 1269 id
763 1234 935 1284 compelli
952 1234 998 1271 de
1013 1234 1098 1283 jure
1116 1247 1190 1270 non
1206 1238 1392 1284 poterant,
1407 1247 1475 1270 nec
1493 1232 1690 1270 debebant.

478 1290 614 1328 Verum
635 1292 724 1342 quia
747 1293 933 1342 praefatus
960 1293 1128 1330 officialis
1159 1293 1308 1330 eosdem
1337 1292 1509 1329 abbatem
1540 1296 1576 1328 et
1601 1293 1827 1327 conventum
1854 1287 1970 1326 Villa-

430 1349 589 1387 riensem
608 1363 721 1400 super
739 1350 808 1386 lioc
827 1351 956 1388 audire
975 1356 1103 1388 contra
1126 1351 1310 1400 justitiam
1330 1350 1532 1396 recusavit,
1550 1354 1586 1386 et
1603 1363 1670 1399 per
1692 1361 1797 1385 suam
1817 1345 1971 1383 interlo-

432 1409 613 1445 cutoriam
632 1422 827 1459 perperam
859 1415 894 1446 et
917 1410 1045 1461 inique
1067 1411 1326 1460 pronuntiavit
1351 1423 1475 1447 eoram
1499 1422 1541 1445 eo
1564 1406 1844 1460 procedendum
1875 1417 1972 1451 esse,

434 1481 509 1504 non
523 1468 760 1505 obstantibus
779 1469 980 1519 propositis
1000 1464 1166 1520 exparte
1180 1470 1324 1506 abbatis
1343 1474 1378 1506 et
1395 1472 1600 1505 conventus
1619 1465 1847 1505 Villariensis
1866 1476 1974 1515 prae-

430 1527 615 1564 dictorum
628 1556 637 1573 ,
655 1540 792 1577 eosque
811 1527 1045 1565 Villarienses
1071 1528 1109 1565 in
1128 1528 1289 1579 quadam
1314 1541 1460 1565 summa
1478 1526 1659 1578 pecuniae
1678 1523 1855 1563 solvenda
1873 1521 1970 1574 parti

434 1587 538 1623 alteri
562 1599 810 1636 expensarum
838 1587 990 1624 nomine
1015 1601 1208 1639 perperam
1233 1586 1533 1637 condempnavit.
1557 1584 1714 1622 Praefati
1740 1582 1976 1622 Villarienses

414 1646 632 1703 'sentientes
651 1658 696 1681 ex
716 1644 788 1682 hiis
807 1645 972 1682 indebite
989 1659 1028 1683 se
1044 1646 1207 1696 gravari,
1233 1646 1280 1682 ad
1300 1646 1432 1683 Sedem
1460 1643 1710 1695 Apostolicam
1730 1641 1976 1693 appellarunt.

438 1704 560 1751 Quare
578 1708 710 1754 petunt
727 1708 763 1740 et
779 1704 991 1754 supplicant
1015 1705 1170 1755 praefati
1193 1704 1308 1742 abbas
1335 1709 1372 1740 et
1394 1707 1598 1740 conventus
1622 1700 1852 1740 villariensis
1872 1711 1977 1737 suam

437 1764 722 1815 appellationem
747 1777 812 1813 per
831 1776 896 1800 vos
923 1763 1158 1813 pronuntiari
1191 1763 1424 1808 eanonicam,
1456 1761 1735 1813 praemissaque
1764 1757 1978 1810 gravamina

437 1823 575 1861 eisdem
595 1835 661 1872 per
679 1821 821 1858 dictum
846 1818 1043 1859 'officialem
1070 1823 1142 1859 lata
1169 1822 1332 1859 revocari
1358 1827 1394 1858 et
1418 1819 1620 1866 annullari,
1647 1818 1980 1869 exceptionemque

438 1897 483 1920 ex
502 1886 606 1932 parte
623 1881 811 1918 dictorum
837 1881 1114 1919 Villariensium
1139 1895 1263 1918 coram
1290 1882 1390 1918 dicto
1417 1880 1565 1917 ossiciali
1590 1877 1819 1930 propositam
1843 1875 1981 1913 admit-

439 1942 587 1980 tendam
612 1953 706 1987 esse,
726 1946 761 1977 et
778 1954 890 1990 super
908 1942 1119 1991 praemissis
1138 1946 1173 1978 et
1191 1955 1231 1977 ea
1254 1940 1490 1992 tangentibus
1508 1938 1612 1990 quod
1625 1938 1770 1988 justum
1789 1935 1901 1972 suerit
1914 1947 1982 1984 per

439 2014 504 2037 vos
523 1999 632 2037 statui
653 2003 688 2035 et
705 1999 875 2046 decerni,
899 2004 934 2036 et
956 2000 1138 2050 quicquid
1160 2005 1287 2036 contra
1311 2000 1429 2036 dictos
1457 1997 1693 2037 Villarienses
1714 1999 1799 2046 post
1816 1993 1999 2044 appella-,

441 2058 580 2096 tionem
612 2058 749 2094 sactum
777 2062 831 2095 est
857 2071 921 2095 seu
946 2063 1206 2109 attemptatum
1234 2072 1300 2109 per
1327 2071 1392 2095 vos
1419 2056 1600 2102 revocari,
1628 2068 1669 2092 ea
1695 2067 1791 2104 quae
1819 2053 1858 2089 in
1886 2052 1982 2088 sacto

442 2118 621 2164 existunt,
640 2118 835 2155 offerentes
852 2132 891 2156 se
909 2119 991 2156 loco
1009 2124 1045 2156 et
1063 2124 1228 2170 tempore
1247 2118 1489 2170 probaturos,
1507 2129 1583 2153 non
1603 2114 1846 2164 astringentes
1872 2124 1911 2148 se
1935 2109 1983 2148 ad

442 2178 567 2214 onmia
586 2178 786 2227 praemissa
815 2179 1030 2229 probanda,
1058 2180 1122 2217 sed
1149 2181 1178 2217 si
1198 2180 1362 2225 valeant,
1381 2191 1422 2215 ea
1440 2190 1536 2228 quae
1560 2175 1719 2226 probare
1737 2175 1914 2224 poterunt
1937 2169 1984 2206 de

443 2238 665 2287 praemissis.
684 2238 822 2274 Datum
841 2252 939 2276 anno
953 2239 1107 2277 Domini
1130 2240 1181 2277 Μ0
1202 2239 1304 2276 CCCo
1325 2239 1450 2284 tertio,
1477 2237 1566 2273 seria
1591 2238 1723 2286 quarta
1741 2235 1826 2284 post
1850 2231 1983 2267 festum

417 2302 426 2308 ‘
443 2295 545 2332 Beati
565 2296 757 2332 Barnabae
779 2298 950 2347 apostoli.

494 2347 602 2390 Parte
633 2355 849 2392 eorumdem
881 2357 1141 2407 religiosorum
1169 2370 1294 2394 coram
1327 2355 1436 2392 nobis
1467 2355 1705 2404 comparente
1734 2353 1771 2386 et
1799 2349 1984 2398 quantum

445 2414 576 2451 debuit
601 2420 852 2465 exspectante,
880 2418 1055 2467 praestito
1081 2418 1127 2454 de
1145 2416 1357 2467 calumpnia
1380 2416 1612 2466 juramento,
1637 2406 1888 2461 positionibus
1915 2403 1986 2442 sub
