2184 3074
474 336 547 374 560
1028 333 1191 371 CODEX
1216 332 1316 371 DUN
1319 332 1381 370 EN
1384 332 1462 370 SIS.

475 467 558 492 mus
583 466 661 491 esse
684 452 880 490 firmitatis.
910 450 1050 488 Omnes
1072 450 1318 500 obligationes
1344 449 1561 499 hujusmodi
1585 450 1695 488 nobis
1719 463 1787 501 per
1811 463 1874 488 eos
1899 452 2012 489 factas

475 518 641 563 tempore
654 511 819 562 praefato
832 522 909 560 quo
923 509 970 546 ad
986 522 1138 546 manum
1155 513 1320 545 nostram
1335 508 1523 547 tenuimus
1538 512 1673 546 terram
1687 509 1916 560 praedictam
1929 515 2014 548 ante

476 583 621 621 pacem,
641 570 679 606 in
698 582 784 606 eum
803 573 939 606 statum
954 567 1171 618 reponimus
1189 567 1227 603 in
1245 580 1322 617 quo
1341 571 1445 604 erant
1462 571 1680 618 autequam,
1699 572 1741 605 ut
1757 567 2014 618 supradictum

476 634 549 676 est7
573 642 706 680 guerra
732 632 861 678 coepta
892 627 1018 672 fuerit,
1047 626 1241 664 occasione
1268 626 1376 676 cujus
1403 626 1540 663 dietam
1566 631 1703 664 terram
1728 639 1944 677 ceperamus
1969 627 2017 664 ad

476 701 629 725 manum
657 691 820 724 nostram
849 699 923 723 una
949 699 1035 723 cum
1054 685 1228 722 Guidone
1246 689 1282 722 et
1299 685 1462 723 Roberto
1480 685 1690 736 praedictis.
1709 685 1820 735 Quod
1837 690 1880 723 ut
1894 690 2016 724 ratum

475 752 511 784 et
532 747 662 783 stabile
684 750 905 796 perseveret,
928 744 1185 795 praesentibus
1213 743 1343 781 litteris
1366 747 1537 797 nostrum
1562 736 1727 782 fecimus⁸
1745 745 1884 796 apponi
1912 744 2018 795 sigil-

477 806 566 842 lum.

525 865 658 900 Actum
677 863 777 913 apud
797 862 992 900 Boloniam
1012 875 1124 912 supra
1143 874 1262 906 mare,
1282 861 1334 898 ΜΟ
1351 860 1454 898 CCC⁰
1474 860 1565 907 Vll⁰‚
1586 874 1711 899 mense
1729 891 1942 901 .........

1196 985 1312 995 ψ

1169 1128 1332 1166 CCCXC.

535 1243 750 1281 Absolution
768 1245 819 1281 du
838 1243 942 1282 hami
959 1245 1002 1282 de
1018 1246 1168 1284 Furnes
1187 1248 1252 1297 qui
1268 1250 1369 1286 avait
1384 1250 1490 1298 porte'
1506 1250 1542 1287 Ia
1562 1230 1664 1288 menn
1681 1264 1751 1289 sur
1767 1265 1819 1288 un
1833 1254 1969 1302 preire.

530 1440 701 1490 Magister
718 1440 879 1478 Rufinus
898 1441 944 1478 de
962 1441 1108 1480 Ficeclo
1127 1447 1163 1480 et
1180 1444 1343 1482 Jacobus
1357 1444 1403 1482 de
1419 1445 1574 1483 Bolonia
1588 1446 1791 1483 canonicus
1805 1451 1842 1483 et
1853 1445 2022 1483 officialis

480 1499 673 1537 Remensis
696 1499 786 1536 viris
810 1500 1088 1539 venerabilibus
1108 1506 1143 1539 et
1161 1501 1329 1540 discretis
1348 1504 1575 1554 praeposito,
1593 1504 1735 1542 decano
1752 1509 1788 1541 et
1805 1504 2022 1555 cappellano

481 1557 684 1594 Furnensis
703 1557 894 1604 ecclesiae7
913 1558 952 1595 in
971 1559 1135 1597 Domino
1153 1561 1320 1598 salutem.

521 1617 614 1661 ,Non
632 1623 687 1655 est
709 1618 927 1656 intentionis
952 1625 1099 1658 nostrae
1121 1622 1223 1672 quod
1250 1635 1318 1660 nos
1341 1622 1540 1669 ballivum,
1559 1635 1779 1674 praeconem
1798 1623 1910 1660 villae
1927 1623 2024 1661 Fur-

482 1676 606 1714 nensis
631 1681 667 1713 et
691 1690 822 1714 eorum
849 1678 1050 1716 servientes
1074 1679 1345 1725 absolverimus
1371 1694 1391 1718 a
1418 1681 1611 1719 sententiis
1638 1681 1721 1719 latis
1752 1695 1772 1718 a
1803 1694 1963 1728 canone,
1993 1682 2024 1719 si

481 1747 573 1784 quas
593 1748 638 1771 ex
658 1735 710 1772 eis
729 1735 987 1782 incurrerunt,
1006 1749 1090 1774 cum
1110 1737 1157 1774 de
1175 1739 1228 1776 eis
1250 1752 1326 1776 non
1349 1739 1552 1778 debeamus
1579 1753 1647 1778 nos
1671 1740 1939 1787 intromittere,
1956 1737 2025 1778 nee

481 1793 687 1842 possimus,
706 1793 770 1831 sed
791 1796 1052 1832 tantummodo
1070 1809 1090 1832 a
1108 1797 1291 1834 sententia
1310 1798 1382 1836 lata
1401 1798 1440 1835 in
1459 1811 1521 1836 eos
1541 1798 1588 1835 ab
1603 1798 1776 1845 homine7
1789 1798 1962 1837 videlicet
1977 1798 2024 1837 ab

481 1851 630 1888 officiali
650 1851 852 1889 Morinensi
871 1854 928 1890 vel
955 1854 1036 1904 ejus
1061 1855 1159 1893 vices
1185 1862 1353 1907 gerente7
1372 1862 1456 1908 post
1474 1857 1763 1909 appellationem
1781 1857 1828 1895 ad
1847 1870 1914 1895 nos
1932 1857 2026 1908 legi-

483 1910 570 1947 time
589 1911 819 1960 interjectam
845 1912 995 1950 eosdem
1014 1914 1244 1954 absolvimus
1262 1916 1310 1953 ad
1332 1917 1514 1954 cautelam
1533 1922 1570 1954 et
1587 1916 1801 1955 denuntiari
1824 1916 1872 1953 ab
1894 1915 2024 1953 eadem

482 1969 663 2006 sententia
697 1970 870 2013 volumus
900 1972 1113 2020 absolutos,
1145 1975 1327 2013 sententia
1365 1976 1539 2022 canonis,
1570 1976 1600 2013 si
1636 1989 1750 2026 quam
1780 1975 2024 2020 incurrerint,

482 2028 563 2077 ipso
587 2029 682 2065 sacto
707 2029 745 2065 in
769 2042 837 2067 suo
870 2031 1005 2068 robore
1038 2032 1229 2071 duratura.
1261 2034 1308 2072 Et
1333 2040 1487 2086 propter
1510 2035 1598 2082 hoc,
1625 2035 1655 2072 si
1682 2034 1902 2085 scrupulum
1933 2046 2048 2071 con--

482 2086 656 2123 scientiae
679 2086 845 2125 habeatis
873 2089 976 2139 quod
1003 2091 1072 2140 ipsi
1102 2104 1122 2128 a
1148 2105 1290 2130 canone
1315 2093 1391 2130 sint
1415 2093 1518 2144 ligati
1553 2106 1622 2144 pro
1646 2093 1810 2130 violenta
1843 2105 2025 2130 manuum

483 2144 682 2193 injectione
707 2145 745 2182 in
763 2147 1027 2197 presbyterum
1050 2150 1107 2187 vel
1131 2151 1303 2202 captione
1327 2153 1511 2202 ejusdem,
1538 2157 1574 2190 et
1601 2153 1672 2190 hoe
1698 2153 1746 2190 sit
1771 2151 1960 2189 notorium
1990 2154 2027 2188 et

448 2208 450 2211 '
484 2203 740 2250 manifestum,
760 2205 818 2241 vel
837 2205 884 2243 de
903 2206 974 2244 hoc
992 2208 1082 2245 alias
1101 2209 1208 2247 vobis
1227 2215 1388 2255 constet,
1407 2211 1464 2248 vel
1483 2225 1596 2262 super
1613 2211 1685 2248 hoc
1703 2210 1869 2248 habeatis
1886 2214 2026 2247 vestras

417 2307 427 2314 ,
483 2262 727 2299 conscientias
750 2263 986 2312 informatas,
1008 2267 1116 2305 vobis
1143 2269 1375 2308 consulimus
1402 2275 1443 2307 ut
1467 2283 1529 2308 eos
1556 2270 1719 2316 evitetis,
1747 2283 1815 2306 nec
1833 2269 1880 2306 ad
1898 2268 2026 2307 divina

483 2320 684 2357 admittatis
702 2321 868 2368 eosdem,
886 2336 954 2360 nec
973 2324 1019 2361 ad
1039 2325 1110 2362 hoe
1128 2326 1372 2378 intelligimus
1394 2328 1592 2366 extendere
1614 2329 1754 2366 litteras
1777 2328 2038 2366 absolutorias,

483 2378 697 2415 eorumdem
715 2392 735 2416 a
754 2385 879 2418 nostra
897 2383 1000 2419 curia
1025 2384 1249 2435 impetratas.
1268 2387 1315 2424 Et
1334 2387 1406 2425 hoc
1423 2388 1600 2425 omnibus
1619 2392 1654 2425 et
1671 2387 1870 2438 praecipue
1888 2399 2024 2424 execu-

484 2435 626 2474 toribus
645 2437 781 2475 nostris
806 2444 932 2476 tenore
949 2443 1198 2491 praesentium
1223 2445 1397 2482 volumus
1423 2459 1501 2484 esse
1526 2450 1677 2492 notum,
1696 2445 1862 2483 districte
1879 2444 2022 2495 praeci-
