2184 3074
445 267 517 305 558
1002 264 1165 302 CODEX
1190 263 1436 302 DUNENSIS.

1153 427 1290 466 ccxn.

499 551 620 587 Leccre
647 549 797 586 relative
822 549 843 585 ἁ
868 561 919 584 un
945 547 1135 585 conseiller
1157 546 1209 584 du
1231 552 1343 584 comte
1365 546 1408 584 de
1438 546 1605 584 Flandre
1628 547 1718 584 dom
1737 547 1767 585 il
1789 549 1943 597 importe

992 605 1035 642 de
1052 617 1089 642 se
1108 605 1281 644 concilier
1298 604 1451 654 l’appui.

497 800 552 836 Ex
568 801 684 837 relatu
700 800 935 851 percepimus
949 800 1140 852 fidedigno
1153 800 1256 851 quod
1271 801 1310 837 in
1326 800 1562 838 terminando
1575 805 1612 837 et
1622 799 1830 838 decidendo
1843 801 1991 852 negotio

448 857 606 896 subsidii
637 859 848 909 praestandi
865 857 1031 897 'domino
1057 860 1185 898 comiti
1213 859 1433 897 Flandrensi
1458 859 1582 897 adhuc
1606 859 1803 910 pendentis
1829 860 1991 898 multum

448 917 639 967 expediret
655 918 847 968 acquirere
861 919 1027 969 magistri
1046 919 1129 956 talis
1147 917 1348 955 amicitiam
1367 923 1404 955 et
1421 918 1601 971 favorem²
1619 918 1799 969 quodque
1816 918 1888 956 hoc
1910 918 1990 956 fieri

450 980 574 1025 posset
598 976 725 1026 aliquo
750 989 905 1013 munere
929 977 987 1013 vel
1009 977 1192 1014 enchenio
1217 976 1414 1014 mediante.
1432 975 1586 1022 Verum,
1605 977 1693 1027 quia
1711 989 1777 1014 vos
1799 981 1835 1014 et
1851 981 1991 1014 vestros

450 1034 567 1084 ipsius
585 1034 772 1072 eredimus
791 1035 928 1071 habere
947 1035 1117 1072 notitiam
1136 1035 1288 1072 caeteris
1305 1035 1528 1085 pleniorem,
1547 1035 1806 1073 venerabilem
1821 1035 1992 1073 Paterni-

451 1097 560 1129 tatem
580 1092 789 1130 affectuosis
807 1093 982 1143 precibus
1001 1093 1228 1144 requirimus
1250 1098 1286 1130 et
1303 1106 1478 1144 rogamus
1497 1098 1680 1144 quatenus
1698 1093 1799 1144 apud
1818 1093 1991 1132 eumdem

450 1165 516 1202 per
539 1165 604 1189 vos
634 1152 893 1202 personaliter,
918 1166 982 1190 seu
1013 1166 1080 1203 per
1110 1157 1251 1190 vestros
1285 1151 1511 1203 specialiter,
1537 1156 1649 1202 prout
1674 1152 1791 1203 magis
1821 1157 1992 1203 oportere

450 1211 636 1258 videritis,
656 1212 865 1249 laborantes
888 1217 1068 1263 temptare
1087 1211 1294 1262 dignemini
1316 1215 1352 1248 et
1372 1211 1420 1248 ab
1438 1211 1519 1261 ipso
1537 1210 1682 1248 cautius
1700 1211 1877 1261 indagare
1897 1211 1991 1261 quid

453 1270 499 1307 de
518 1270 666 1321 negotio
680 1270 759 1307 fieri
780 1270 917 1320 poterit
932 1271 990 1307 vel
1009 1271 1181 1321 expediat
1199 1271 1238 1307 in
1257 1270 1326 1307 hac
1339 1274 1458 1321 parte,
1473 1274 1510 1307 et
1527 1269 1558 1307 si
1580 1269 1703 1320 ipsum
1723 1269 1769 1306 ad
1780 1269 1990 1319 juvandum

453 1341 520 1365 nos
538 1328 753 1366 inveneritis
771 1330 1057 1380 promptiorem,
1075 1330 1194 1380 placet
1210 1333 1252 1366 ut
1269 1329 1389 1366 eidem
1408 1328 1612 1366 serviamus
1631 1327 1678 1364 de
1692 1327 1874 1365 enchenio
1893 1340 1992 1365 com-

452 1388 611 1438 petenti,
638 1388 741 1438 quod
773 1392 914 1425 vestrae
939 1388 1153 1425 discretioni
1180 1388 1342 1425 totaliter
1367 1387 1636 1424 committimus
1663 1386 1933 1437 circunspecte,
1957 1391 1993 1424 et

453 1448 555 1498 quod
577 1461 644 1485 nos
663 1448 772 1485 etiam
793 1448 838 1485 ad
858 1453 976 1486 certos
999 1449 1123 1485 locum
1150 1453 1187 1485 et
1208 1449 1426 1494 terminum,
1443 1447 1509 1485 ubi
1528 1451 1564 1484 et
1580 1447 1732 1498 quando
1750 1451 1903 1498 propter
1921 1446 1993 1483 hoc

453 1520 668 1557 comparere
695 1506 888 1544 volueritis
914 1511 951 1544 et
974 1507 1187 1558 potueritis,
1220 1499 1441 1544 convocetis.
1469 1506 1543 1543 Nos
1561 1505 1661 1542 enim
1680 1510 1754 1542 tam
1776 1506 1822 1542 de
1839 1518 1993 1542 munere

454 1579 566 1615 quam
586 1565 632 1602 de
649 1565 779 1602 vestris
798 1565 969 1615 expensis
995 1565 1157 1616 quilibet
1184 1569 1353 1602 nostrum
1381 1577 1451 1615 pro
1476 1568 1555 1601 rata
1572 1577 1611 1601 se
1628 1563 1865 1614 contingente
1885 1563 1992 1601 vobis

453 1623 705 1673 promittimus
723 1623 958 1674 respondere.

1178 1691 1266 1701 ⁴00-—

1145 1825 1300 1862 CCXlll.

455 1940 575 1977 Letlre
592 1940 636 1978 de
655 1941 818 1992 l'official
836 1942 880 1978 de
902 1943 1080 1992 Tournay
1101 1955 1151 1979 au
1170 1941 1287 1992 doyen
1307 1942 1350 1979 de
1369 1943 1532 1993 Bruqes,
1551 1955 1600 1979 au
1624 1941 1720 1992 sujet
1738 1940 1789 1978 du
1809 1944 1997 1978 testament

855 2001 899 2037 de
917 2001 1131 2039 Guillaume
1149 2006 1181 2038 et
1197 2001 1241 2038 de
1257 2001 1389 2038 Pierre
1406 2001 1450 2038 de
1465 2001 1598 2051 Spoya.

502 2194 681 2232 Officialis
712 2196 954 2233 Tornacensis
983 2196 1124 2234 decano
1154 2196 1434 2234 christianitatis
1459 2201 1495 2233 et
1524 2195 1715 2246 sigillifero
1746 2195 1870 2232 curiae
1894 2195 1993 2233 Bru—

452 2253 573 2302 gensis
593 2254 759 2291 salutem.

504 2312 596 2348 Cum
616 2314 806 2362 quondam
831 2314 1044 2352 willelmus
1066 2319 1100 2351 et
1119 2315 1268 2361 Petrus,
1292 2314 1381 2351 dicti
1400 2314 1446 2350 de
1472 2313 1610 2364 Spoya,
1633 2313 1710 2363 jam
1729 2312 1894 2349 defuncti
1921 2326 1990 2350 no-

457 2383 537 2407 vem
570 2371 677 2408 annis
710 2372 859 2422 clapsis,
886 2386 1039 2410 suorum
1068 2378 1371 2411 testamentorum
1399 2386 1463 2410 seu
1490 2372 1703 2409 ultimarum
1735 2371 1988 2419 voluntatum,
