2184 3074
742 306 904 345 CODEX
930 306 1174 345 DUNENSlS.
1650 310 1691 347 5¹
1700 310 1721 347 7

875 483 1053 522 ccctxi.

253 604 369 648 dean,
387 603 518 653 deeque
534 601 579 639 de
602 602 799 652 Tournay,
818 602 938 640 donne
955 604 978 639 ἀ
991 615 1044 640 un
1061 603 1190 653 e'vdque
1207 602 1252 640 de
1270 603 1447 654 Norwdqe
1463 603 1495 640 le
1510 605 1667 653 pouvoa'r

405 660 450 698 de
463 659 633 710 conferet·
649 660 699 697 les
717 660 846 698 ordros
865 660 1146 711 ecclesiastiques
1163 661 1258 698 dans
1274 673 1340 698 son
1358 661 1504 698 diocese.

237 853 454 891 Reverendo
481 854 575 904 patri
605 854 644 890 in
671 854 818 891 Christo
840 854 995 892 domino
1022 855 1073 900 E„
1101 856 1165 893 Dei
1192 856 1307 907 gratia
1336 857 1501 894 Asloensi
1521 857 1715 908 episcopo,

188 911 448 962 Nydrosiensis
478 911 692 963 provinciae
722 912 759 949 in
792 912 1004 963 Norwegia,
1031 913 1237 959 lohannes,
1269 914 1502 951 miseralione
1531 914 1714 964 ejusdem,

185 969 382 1021 episcopus
399 970 663 1018 Tornacensis,
681 971 836 1008 salutem
860 983 945 1008 cum
964 971 1066 1008 omni
1086 972 1286 1009 reverentia
1304 977 1340 1009 et
1358 972 1506 1010 honore.

237 1029 472 1066 Reverendae
488 1029 701 1067 Paternitati
719 1029 870 1067 Vestrae
889 1029 1098 1067 celebrandi
1116 1043 1238 1067 sacros
1252 1030 1400 1067 ordines
1418 1031 1498 1067 loco
1513 1031 1628 1068 nostri
1644 1031 1714 1068 hoc.

187 1086 337 1125 instanti
355 1087 510 1125 sabbato
529 1092 614 1139 post
632 1087 860 1125 dominicam
872 1118 927 1125 .....
947 1088 985 1125 in
999 1089 1222 1126 monasterio
1235 1089 1280 1125 de
1292 1088 1455 1135 Thosan,
1471 1094 1615 1126 nostrae
1627 1089 1714 1126 Tor-

186 1146 354 1183 nacensis
371 1145 557 1195 dyocesis,
573 1158 718 1183 necnon
732 1145 831 1183 dicto
845 1145 1000 1183 sabbato
1019 1146 1208 1196 religiosos
1227 1146 1325 1183 viros
1344 1147 1470 1183 fratres
1487 1146 1712 1190 Johnnnem,

183 1204 235 1243 W
252 1208 288 1242 et
302 1205 361 1243 W.
380 1204 532 1242 clericos
549 1204 595 1242 ad
613 1217 742 1242 omnes
760 1204 939 1251 minores,
957 1205 1138 1242 Jacobum
1159 1218 1258 1242 nunc
1275 1205 1484 1254 dyaconum
1503 1206 1547 1242 ad
1566 1219 1711 1243 sacrum

184 1263 462 1314 presbiteratus,
494 1262 671 1314 praedicti
703 1263 916 1300 monasterii
948 1263 1165 1309 monachos,
1190 1263 1400 1300 discretum.
1415 1276 1566 1314 quoque
1590 1264 1711 1301 virum

183 1322 422 1360 Franciscum
440 1322 486 1359 de
504 1321 687 1368 Bononia,
707 1322 928 1360 canonicum
947 1322 1236 1368 Tornacensem,
1255 1322 1301 1359 ad
1320 1335 1447 1359 omnes
1474 1323 1650 1367 minores,
1670 1337 1711 1360 ac

182 1393 311 1419 omnes
329 1381 420 1418 alios
439 1385 585 1417 nostrae
602 1380 771 1430 dyocesis
784 1381 849 1431 qui
870 1381 1007 1418 litteras
1027 1386 1168 1418 nostras
1183 1381 1410 1418 dimissorias
1424 1380 1528 1418 vobis
1547 1394 1713 1431 praesen-

182 1438 351 1483 taverint,
369 1438 415 1475 ad
430 1438 580 1475 ordines
593 1438 787 1488 gradatim,
802 1444 914 1490 prout
928 1440 965 1476 in
981 1452 1110 1477 eorum
1125 1438 1344 1476 dimissoriis
1361 1439 1548 1484 videbitis,
1563 1452 1715 1489 promo-

182 1496 293 1534 vendi
312 1497 466 1548 -plenam
489 1497 728 1534 concedimus
752 1502 988 1548 potestatem,
1015 1497 1120 1535 vobis
1155 1498 1190 1534 in
1217 1498 1284 1534 hac
1315 1502 1417 1547 parte
1446 1497 1542 1534 vices
1574 1503 1715 1534 nostras

183 1561 310 1594 tenore
327 1555 576 1607 praesentium
596 1556 876 1594 committentes.
896 1557 1032 1594 Datum
1051 1570 1164 1594 anno.
1185 1561 1252 1593 etc.

903 1672 986 1681 ψ

853 1813 1048 1851 CCCLXll.

316 1933 486 1970 Sentence
504 1930 729 1982 d'arbae'traqe
747 1932 790 1968 de
808 1931 981 1982 Bona'face
1000 1931 1037 1967 V
1038 1931 1099 1968 ΙΙΙ
1118 1936 1217 1967 entre
1241 1928 1272 1965 Ic
1293 1928 1350 1964 roi
1366 1926 1409 1963 de
1434 1926 1574 1962 France

736 1996 767 2027 ec
785 1990 816 2028 le
833 1991 892 2027 roi
907 1988 1170 2039 d’Anqletm-re

230 2184 272 2221 ln
291 2183 443 2221 nomine
459 2183 610 2220 Domini
630 2196 757 2229 amen,
776 2187 842 2219 etc.
862 2182 903 2218 ln
923 2180 1126 2231 praesentia
1154 2178 1223 2215 mci
1252 2177 1406 2222 notarii,
1424 2180 1503 2221 etc„
1523 2175 1711 2212 sanctissi-

181 2255 266 2280 mus
290 2246 394 2293 pater
415 2247 453 2279 et
477 2242 652 2280 dominus
682 2241 896 2279 Bonifacius
914 2240 1039 2277 divina
1059 2236 1290 2289 providentia
1316 2248 1411 2286 papa
1436 2238 1586 2271 octavus
1611 2233 1712 2270 arbi-

182 2301 317 2346 trium,
349 2300 600 2339 laudationem
618 2329 627 2344 ,
658 2299 936 2345 diffinitionem,
964 2296 1175 2334 arbitralem
1205 2293 1447 2338 sententiam,
1479 2291 1712 2328 amicabilem

177 2357 510 2409 compositionem,
529 2358 766 2403 mandatum,
781 2356 1088 2407 compositionem
1109 2359 1145 2391 et
1157 2353 1228 2390 alia
1246 2351 1478 2401 infrascripta
1498 2349 1662 2386 recitavit
1678 2354 1714 2385 et

176 2416 341 2467 protulit
358 2417 397 2454 in
417 2417 518 2454 hunc
535 2417 688 2454 modum
705 2431 712 2452 ε
