2184 3074
732 312 893 351 CODEX
918 313 1160 352 DUNENSlS.
1645 318 1709 356 461

181 433 282 485 gravi
298 433 420 470 cordis
438 432 620 470 anxietate
638 430 847 477 referimus,
861 430 911 468 ob
926 443 1123 468 usurarum
1138 432 1351 483 voraginem
1370 438 1406 470 et
1422 433 1492 471 alia
1509 433 1710 471 infortunia

181 491 288 529 nobis
312 490 586 528 evidentissime
611 488 840 526 manifestata
867 501 909 526 ac
932 489 1243 540 multiplicitatem
1269 490 1480 528 debitorum
1508 492 1712 529 necessario

179 555 452 588 contractorum
467 549 513 586 ad
531 549 602 586 tale
614 548 805 585 devenisse
822 547 1060 586 desolationis
1077 549 1339 587 exterminium
1358 551 1460 601 quod
1481 564 1567 602 prae
1587 551 1710 588 tenui-

180 614 252 647 tate
269 608 480 660 temporalis
501 607 747 653 substantiae,
764 607 810 644 de
826 607 1012 644 bonorum
1031 607 1163 646 intimo
1181 609 1337 646 consilio
1360 609 1577 647 auctoritate
1599 610 1707 647 nobis

180 681 217 705 in
243 667 312 704 hac
335 671 439 718 parte
464 665 676 711 commissa,
704 678 770 716 pro
800 665 965 715 ejusdem
997 667 1218 704 relevatione
1244 668 1455 705 monasterii
1482 674 1707 706 conventum

175 725 426 777 judicavimus
439 723 738 774 dispergendum.
756 723 851 760 Hinc
869 729 923 761 est
939 724 1042 774 quod
1056 725 1101 762 ad
1122 739 1186 763 vos
1203 730 1240 763 et
1255 726 1408 763 domum
1429 731 1584 764 vestram
1600 728 1710 765 dilec-

179 788 256 822 tum
277 783 314 820 in
333 782 480 820 Christo
498 783 607 819 talem
626 782 914 827 subdiaconum,
932 783 1083 820 latorem
1104 784 1371 834 praesentium,
1390 797 1458 835 pro
1478 784 1708 835 dispersione

178 855 262 880 cum
278 841 435 879 vestium
450 841 669 878 sufficientia
687 840 733 877 ad
752 853 817 878 vos
835 841 1024 879 mittamus
1041 842 1156 891 gratia
1175 842 1430 879 commorandi
1455 856 1518 880 vos
1537 848 1706 894 rogantes

177 905 213 939 et
237 900 452 938 auctoritate
483 899 668 950 praedicta
703 899 918 937 mandantes
942 904 1124 950 quatenus
1155 901 1314 938 eundem
1346 901 1508 951 recipere
1534 915 1576 938 ac
1603 915 1707 939 sacro

177 959 445 997 monachorum
477 962 682 996 vestrorum
706 958 846 996 sociare
869 958 1040 1008 collegio,
1065 959 1281 1010 sinceraque
1308 959 1347 996 in
1370 959 1533 997 Domino
1557 960 1707 997 caritate

178 1022 332 1057 tractare
354 1016 491 1062 velitis,
518 1016 637 1054 donec
667 1030 687 1053 a
716 1016 824 1053 nobis
845 1016 900 1053 vel
927 1017 1087 1066 generali
1115 1017 1278 1067 capitulo
1304 1017 1406 1054 aliud
1432 1018 1641 1069 receperitis
1667 1018 1704 1055 in

177 1076 371 1114 mandatis.
381 1075 568 1114 Universis
585 1079 707 1112 autem
727 1088 793 1125 per
809 1087 904 1125 quos
927 1075 1121 1112 transitum
1143 1075 1283 1122 fecerit,
1306 1089 1502 1113 exoramus
1523 1081 1707 1127 quatenus

177 1134 297 1173 eidem
328 1133 499 1172 assistant
528 1133 566 1170 in
599 1133 692 1171 viae.
723 1133 893 1184 vitaeque
916 1133 1129 1172 necessariis
1153 1138 1189 1207 et
1206 1134 1403 1185 praecipue
1425 1134 1645 1186 provideant
1662 1135 1708 1172 de

178 1199 326 1231 vectura
345 1193 543 1244 praesenti
562 1197 629 1229 etc.
648 1173 794 1229 Datum.

898 1314 987 1322 ...ῳ-

840 1455 1056 1493 CCCXVlll.

597 1577 778 1613 Donation
804 1576 826 1612 ἀ
853 1575 889 1612 la
913 1580 1017 1625 porte
1042 1574 1086 1612 de
1117 1574 1273 1613 rhosan.

222 1772 425 1816 Universis,
449 1777 516 1809 etc.
542 1771 693 1809 Noverit
717 1771 937 1808 universitas
959 1777 1076 1808 vestra
1104 1771 1205 1822 quod
1228 1771 1351 1809 dilecti
1375 1772 1490 1810 nostri
1510 1772 1597 1809 tales
1615 1786 1697 1822 erga

171 1829 402 1868 karissimam
417 1829 531 1867 filiam
549 1842 653 1867 suam
668 1829 776 1866 talem
787 1858 796 1876 ,
810 1842 910 1866 nunc
925 1830 1102 1867 scolarem
1117 1829 1163 1866 de
1178 1829 1278 1866 Nova
1283 1859 1458 1875 ........
1478 1830 1554 1867 Deo
1572 1830 1697 1867 dante.

171 1889 370 1927 monialem
392 1889 554 1926 suturam
573 1888 731 1935 ibidem,
751 1889 956 1926 humanum
974 1894 1009 1926 et
1026 1889 1130 1940 pium
1148 1894 1313 1939 gerentes
1335 1889 1506 1926 affectum
1530 1903 1597 1940 pro
1621 1890 1696 1940 ipsa

171 1947 247 1985 fllia
269 1960 353 1994 sua,
376 1947 559 1985 dederunt
581 1951 707 1998 portae
729 1953 874 1984 nostrae
899 1948 944 1984 de
965 1947 1111 1985 Thosan
1141 1952 1281 1985 tantum
1306 1948 1351 1984 ad
1381 1948 1554 1985 emendas
1585 1953 1696 1985 terras

170 2006 223 2043 vel
241 2005 408 2043 redditus
431 2005 699 2056 comparandos
725 2011 870 2043 nostrae
897 2011 1022 2056 portae
1049 2006 1236 2057 perpetuis
1256 2006 1485 2056 temporibus
1504 2006 1695 2050 valituros7

170 2064 270 2116 quod
301 2068 444 2101 tantum
475 2063 701 2115 praedictam
732 2069 875 2115 portam
906 2070 1067 2102 nostram
1099 2065 1207 2115 plene
1230 2069 1265 2101 et
1291 2064 1431 2115 integre
1457 2064 1636 2114 recepisse
1659 2063 1696 2100 in

170 2123 268 2160 bona
289 2127 326 2159 et
348 2121 455 2172 legali
477 2123 634 2173 pecunia
660 2123 958 2173 recognoscimus
979 2128 1016 2160 et
1033 2124 1209 2167 fatemur,
1232 2123 1292 2160 tali
1319 2122 1460 2172 adjecta
1484 2122 1697 2160 conditione

169 2181 272 2233 quod
299 2180 484 2231 portarius
507 2186 631 2218 noster
656 2181 721 2232 qui
748 2181 818 2218 erit
839 2194 906 2231 pro
926 2186 1104 2232 tempore,
1123 2181 1264 2218 solvere
1284 2185 1429 2218 tenetur
1453 2185 1489 2218 et
1512 2180 1699 2218 tenebitur

170 2240 289 2278 dictae
303 2239 457 2286 Mariae,
471 2240 595 2290 quoad
609 2239 758 2286 vixerit,
777 2239 969 2276 annuatim
987 2240 1156 2290 quinque
1173 2239 1285 2276 libras
1304 2239 1423 2276 bonae
1441 2244 1477 2276 et
1494 2239 1597 2276 sortis
1616 2252 1698 2276 mo-

170 2303 275 2336 netae
298 2297 344 2334 'in
375 2297 571 2335 Nativitate
603 2298 754 2335 Domini
787 2303 823 2335 et
854 2298 891 2334 in
922 2298 1118 2336 Nativitate
1149 2297 1249 2335 Beati
1284 2297 1466 2335 Iohannis
1498 2297 1696 2348 Baptistae,

169 2355 387 2407 aequalibus
404 2355 640 2406 portionibus
657 2355 894 2403 dividendas,
921 2357 1044 2406 ipsum
1071 2356 1276 2407 portarium
1297 2360 1465 2392 nostrum
1483 2354 1529 2392 ad
1548 2355 1696 2392 solven—

169 2415 259 2452 dum
282 2413 399 2451 dictas
403 2442 558 2451 .......
578 2413 690 2451 libras
711 2413 919 2464 praedictae
937 2413 1071 2451 Mariae
1094 2413 1251 2451 firmiter
1270 2413 1476 2464 obligantes
1493 2412 1601 2450 annis
1618 2413 1696 2451 sin-
