2184 3074
786 301 946 340 conssx
974 301 1219 340 DUNENSlS.
1699 300 1771 337 443

239 420 397 468 deferas,
409 423 447 458 et
463 432 531 458 nos
549 419 815 458 nichilominus
831 419 942 456 variis
958 418 1078 456 modis
1092 423 1128 456 et
1144 418 1214 456 viis
1226 418 1341 455 solers
1353 417 1517 455 studium
1536 422 1573 455 et
1584 417 1768 455 efficacem

239 492 388 530 operam
413 479 504 518 dare
527 479 774 531 proponimus
803 482 846 516 ut
867 478 993 516 omnia
1025 478 1110 515 talia
1132 478 1170 515 in
1193 476 1408 527 hujusmodi
1430 490 1585 514 examen
1610 476 1768 514 deducta

238 538 386 576 concilii
416 538 682 576 correctionem
713 541 750 575 et
778 536 1021 575 directionem
1048 537 1230 587 recipiant
1253 541 1495 587 oportunam,
1522 539 1558 572 et
1579 535 1609 573 si
1636 535 1768 572 inobe-

237 596 398 639 dientiae
414 601 540 634 notam
557 600 594 634 et
610 595 809 634 canonicae
829 595 984 633 ultionis
1008 594 1249 632 acrimoniam
1268 595 1383 632 vitare
1404 594 1606 640 desideras,
1625 607 1767 645 nequa-

235 668 348 707 quam
373 655 561 692 fallacium
585 654 867 692 excusationum
893 654 1099 691 velamento
1121 658 1156 691 te
1176 653 1322 691 munias
1344 653 1399 689 vel
1425 666 1470 690 ex
1497 652 1764 703 impedimento

237 713 413 752 itinerum
429 727 539 765 quae,
555 713 718 751 Domino
732 726 860 764 prava,
879 712 1059 750 indirecta
1077 717 1113 750 et
1131 713 1169 750 in
1187 712 1265 750 vias
1278 712 1407 762 planas
1423 724 1551 762 aspera
1567 724 1633 748 sua
1648 711 1766 748 omni-

237 771 400 823 potentia
418 776 672 818 convertente,
686 771 901 818 cessabunt,
916 771 1070 809 frivolae
1087 770 1317 822 allegationis
1331 770 1562 807 munimenta
1576 769 1765 819 contingas

234 835 312 869 uta
327 834 401 869 tam
418 831 535 869 sancti
557 830 816 882 prosecutione
837 830 960 881 operis
979 835 1014 866 te
1030 829 1232 874 subducas,
1250 828 1314 866 sed
1332 828 1565 865 voluntarius
1589 841 1762 865 occurras

235 889 282 927 ad
308 889 347 926 id
369 889 470 940 quod
489 889 638 926 divinae
657 888 829 940 congruit
845 887 1027 925 voluntati
1047 892 1084 924 et
1104 887 1260 924 salutem
1281 886 1489 923 animarum
1507 899 1550 923 ac
1568 885 1763 923 utilitatem

236 947 388 999 respicit
401 947 646 998 singulorum.

284 1005 420 1044 Datum
438 1005 630 1043 Avenione
647 1004 691 1042 Χ·
714 1004 784 1042 kal.
803 1003 1028 1049 decembris,
1046 1002 1283 1053 pontificatus
1301 1002 1415 1039 nostri
1434 1014 1533 1038 anno
1551 1006 1667 1038 sexto.

942 1126 1054 1137 —QQQ-

925 1269 1073 1308 ccc1v.

284 1388 518 1427 Mundensem
534 1389 577 1426 de
595 1387 708 1426 l'abbe
723 1387 785 1441 de.
799 1417 806 1424 .
820 1417 826 1424 .
839 1416 864 1424 ..
886 1400 987 1438 pour
1004 1387 1041 1424 la
1058 1387 1211 1424 seem-ite
1227 1386 1288 1423 des
1306 1385 1405 1423 biens
1423 1383 1714 1435 ecclesiasliques.

284 1586 419 1624 Divina
436 1584 681 1637 permissione
702 1583 818 1622 abbas
846 1583 945 1629 talis,
974 1585 1211 1619 conservator
1227 1593 1292 1617 seu
1309 1579 1426 1629 judex
1443 1579 1631 1629 delegatus
1654 1589 1766 1627 super

235 1643 513 1683 conservatione
537 1656 603 1680 seu
628 1642 844 1680 defensione
869 1640 1149 1692 privilegiorum
1179 1652 1199 1675 a
1226 1638 1320 1676 Sede
1345 1637 1555 1688 Apostolica
1585 1634 1765 1685 religiosis

235 1705 324 1743 viris
355 1703 575 1749 abbatibus,
605 1701 820 1747 abbatissis,
853 1700 1049 1746 fratribus,
1079 1699 1270 1737 sororibus
1296 1711 1339 1735 ac
1364 1710 1492 1734 eorum
1519 1694 1764 1733 conventibus

234 1762 418 1801 universis
432 1760 684 1799 cisterciensis
701 1759 845 1797 ordinis
871 1759 1104 1796 indultorum
1123 1771 1143 1794 a
1162 1757 1315 1794 domino
1334 1769 1428 1807 papa
1447 1755 1568 1801 datus,
1592 1767 1678 1791 cum
1701 1753 1762 1789 illa

234 1821 398 1858 clausula
413 1835 421 1857 ε
437 1824 620 1871 quatenus
632 1832 699 1870 per
712 1823 749 1856 te
761 1818 818 1855 vel
833 1831 900 1869 per
913 1817 1028 1854 alium
1047 1830 1112 1854 seu
1132 1816 1238 1862 alios,
1257 1819 1336 1861 etc.,
1354 1814 1530 1851 omnibus
1548 1812 1761 1856 abbatibus,

233 1879 438 1930 prioribus,
456 1878 626 1924 decanis,
653 1876 808 1923 curatis,
829 1875 1060 1927 presbiteris,
1087 1873 1286 1925 capellanis
1308 1877 1488 1910 eteorum
1508 1871 1605 1908 vices
1631 1882 1763 1920 geren-

234 1939 352 1986 tibus,
372 1938 631 1988 cujuscunque
645 1936 805 1974 existant
821 1936 991 1986 dyocesis
1002 1965 1011 1982 ,
1028 1935 1074 1972 ad
1091 1947 1185 1985 quos
1200 1936 1408 1984 praesentes
1426 1932 1566 1968 litterae
1583 1942 1761 1980 pervene-

232 1997 324 2044 rint,
340 1997 494 2035 salutem
521 1997 560 2034 in
581 1996 743 2033 Domino
760 2000 796 2033 et
813 1995 997 2033 mandatis
1016 1993 1228 2045 apostolicis
1246 1992 1401 2029 firmiter
1418 1990 1580 2027 obedire.

281 2056 336 2094 Ex
358 2060 462 2107 parte
478 2055 737 2106 religiosorum
751 2055 918 2091 virorum
937 2053 1082 2090 abbatis
1096 2057 1132 2089 et
1148 2055 1352 2089 conventus
1372 2048 1583 2086 monasterii
1602 2048 1648 2084 de
1666 2047 1761 2084 Tho—

232 2128 317 2162 san,
342 2113 595 2151 cisterciensis
618 2114 778 2160 ordinis,
806 2113 1050 2151 Tornacensis
1075 2111 1260 2162 dyocesis,
1287 2109 1396 2146 nobis
1421 2112 1476 2145 est
1496 2107 1656 2158 graviter
1670 2119 1761 2143 con-

231 2173 422 2226 querendo
455 2177 701 2210 monstratum
736 2171 840 2224 quod
879 2171 1081 2208 nonnullae
1116 2181 1294 2220 personae
1330 2172 1404 2204 tam
1435 2166 1615 2203 seculares
1646 2178 1759 2215 quam

231 2230 513 2277 ecclesiasticae,
531 2230 650 2267 Deum
666 2243 754 2281 prae
770 2230 888 2267 oculis
907 2242 982 2266 non
1002 2228 1178 2266 habentes
1190 2256 1198 2272 ,
1218 2227 1256 2263 in
1274 2226 1482 2263 animarum
1497 2237 1646 2261 suarum
1662 2224 1761 2273 peri-

231 2291 376 2335 culum,
394 2289 514 2326 dictae
539 2288 645 2327 Sedis
670 2288 904 2340 Apostolicae
928 2291 1184 2336 contemptum
1207 2289 1243 2322 et
1268 2284 1483 2322 scandalum
1511 2282 1758 2333 plurimorum

231 2348 414 2386 dictorum
440 2347 698 2398 religiosorum
725 2346 997 2397 praejudicium
1022 2349 1058 2382 et
1082 2356 1279 2395 gravamen
1298 2355 1340 2379 ac
1358 2341 1506 2390 injuris
1525 2340 1699 2390 injuriam
1726 2345 1761 2376 et

232 2406 422 2452 offensam,
451 2407 663 2457 frequenter
695 2406 794 2456 ipsos
825 2404 1046 2455 inquietare,
1072 2415 1205 2439 vexare
1231 2406 1267 2438 et
1293 2400 1444 2438 turbare
1469 2412 1544 2436 non
1575 2403 1758 2442 verentur,
