2184 3074
445 334 515 371 152
991 326 1152 364 CODEX
1180 324 1426 364 DUNENSIS.

491 449 687 497 Quiesccre
703 448 873 484 videmus
892 445 1079 481 interdum
1099 443 1366 480 commotiones
1389 443 1570 479 fluctuum
1590 442 1687 479 circa
1706 442 1864 479 marium
1885 448 1979 479 tem-

444 511 616 558 pestates7
643 510 678 542 et
706 503 976 541 dissentionum
1009 501 1180 538 materias
1212 513 1484 551 nonnunquam
1516 500 1624 536 silere
1653 500 1905 550 conspicimus
1936 500 1974 537 in

445 565 600 616 negotiis
624 569 871 607 terrenorum,
898 561 971 597 illis
995 561 1087 597 aeris
1115 560 1198 596 data
1225 559 1420 609 temperie,
1443 558 1522 595 istis
1543 571 1631 594 vero
1656 558 1867 595 animorum
1890 571 1981 595 con-

445 624 569 662 cordia
584 623 760 660 restituta.
777 621 849 657 Sed
861 650 869 666 ‚
889 620 1005 670 proch
1025 620 1148 656 dolor!
1166 619 1255 655 dum
1275 618 1321 655 ad
1339 617 1546 655 sedandum
1565 616 1805 654 rebellionem
1826 617 1980 654 fratrum

446 683 632 719 minorum
652 685 779 717 contra
794 679 976 729 praelatos
991 682 1026 714 et
1038 677 1232 727 episcopos
1251 677 1381 713 initam
1399 680 1434 712 et
1447 679 1663 725 conceptam
1678 675 1882 712 nonnullae
1898 688 1983 726 sup-

445 740 660 791 plicationes
693 738 740 774 ab
764 737 901 774 eisdem
927 735 1118 786 praelatis,
1149 739 1262 785 prout
1286 739 1444 771 vestram
1473 733 1729 783 paternitatem
1754 735 1830 770 non
1857 733 1982 780 latuit,

445 811 591 836 summo
621 795 789 847 pontifici
817 795 972 831 traditae
998 794 1155 830 fuissent
1182 793 1321 843 pluries
1349 797 1384 829 et
1411 795 1618 842 porrectae,
1647 805 1690 828 ac
1719 796 1821 842 grata
1849 792 1983 829 nostris

445 855 748 907 procuratoribus
767 854 814 890 ab
832 853 960 890 codem
983 852 1175 903 responsio
1198 851 1395 888 subsecuta
1423 850 1570 895 suisset,
1587 850 1676 900 quia
1695 849 1792 886 idem
1813 850 1985 887 videlicet

445 928 530 952 cum
550 914 687 951 eisdem
714 912 887 963 praelatis
906 912 944 948 in
965 911 1112 948 casibus
1131 915 1166 946 et
1190 909 1421 946 consessione
1441 908 1607 945 iteranda
1626 908 1788 958 propriis
1811 908 1985 946 sacerdo-

446 973 545 1010 tibus
560 973 690 1023 procul
713 971 831 1008 dubio
853 970 1051 1016 sentiebat,
1071 974 1106 1006 et
1126 968 1341 1005 eorumdem
1358 968 1512 1004 fratrum
1535 966 1688 1003 rebellio
1707 970 1743 1003 et
1759 967 1907 1004 sinistra
1924 966 1985 1003 in-

447 1030 658 1080 terpretatio
678 1043 753 1066 non
773 1029 914 1079 absque
931 1028 1062 1079 grandi
1083 1027 1250 1064 fidelium
1275 1025 1473 1076 dispendio
1492 1025 1627 1062 cotidie
1651 1025 1932 1075 percrebrescit‚
1950 1029 1986 1062 et

446 1089 498 1126 sic
518 1102 592 1125 non
612 1088 763 1125 advenit
780 1087 979 1137 exspectati
1000 1087 1178 1137 temporis
1197 1085 1393 1131 serenitas‚
1422 1084 1711 1134 impulsionibus
1729 1097 1814 1120 cum
1829 1083 1984 1133 jacturis

445 1148 672 1200 gravissimis
689 1148 950 1199 ingruentibus
975 1161 1019 1184 ex
1046 1147 1217 1192 adverso7
1241 1159 1361 1196 nuper
1379 1145 1504 1195 pejora
1523 1144 1714 1194 prioribus
1732 1144 1984 1191 accumulare,

447 1206 534 1243 inde
554 1210 702 1243 notetur
717 1219 791 1242 non
812 1205 953 1242 suffulti
970 1219 1012 1242 ac
1026 1204 1161 1242 muniti
1180 1204 1399 1255 proverbio7
1419 1203 1514 1240 sicut
1531 1202 1634 1253 prius
1654 1202 1775 1252 palam
1794 1207 1830 1239 et
1846 1202 1986 1252 pluries

448 1265 484 1301 in
512 1265 588 1301 suis
609 1264 844 1301 sermonibus
870 1264 1010 1314 populo
1033 1263 1295 1314 praedixerant
1321 1275 1445 1316 coram
1473 1260 1676 1297 reverendo
1703 1265 1806 1310 patre
1831 1260 1986 1298 domino

449 1324 584 1374 legato7
612 1328 701 1360 tunc
722 1324 822 1374 apud
841 1324 1026 1373 Corbyam
1045 1320 1267 1360 visitationis
1285 1321 1451 1359 officium
1470 1325 1679 1367 exercente,
1702 1320 1811 1357 nohis
1829 1333 1871 1357 ac
1889 1333 1987 1357 non-

448 1381 561 1418 nullis
581 1382 722 1418 cleriois
737 1387 772 1418 et
791 1383 904 1432 laycis
924 1381 1181 1432 praesentibus
1200 1394 1360 1418 asserere
1374 1380 1524 1430 publice
1541 1383 1870 1430 praesumpserunt
1883 1379 2003 1430 quod.

449 1439 582 1476 licebat
606 1440 656 1476 eis
678 1440 814 1477 virtute
832 1453 919 1477 suae
944 1441 1085 1476 litterae
1107 1440 1144 1476 in
1165 1439 1340 1476 omnibus
1366 1438 1511 1475 casibus
1535 1437 1844 1488 qualitercunque
1868 1451 1987 1474 reser-

449 1503 583 1534 ventur
613 1499 785 1548 praelatis
808 1500 878 1536 sibi
905 1500 1120 1536 confitentes
1143 1499 1334 1535 absolvere
1354 1502 1534 1548 punctum
1559 1510 1668 1534 suum
1695 1497 1740 1533 ad
1767 1497 1829 1533 illa
1847 1497 1959 1534 verba
1978 1512 1986 1533 z

450 1557 556 1593 vobis
575 1558 813 1595 concedimus
841 1559 990 1608 plenam
1018 1558 1249 1604 facultatem,
1274 1562 1307 1593 et
1337 1569 1410 1593 non
1428 1556 1473 1592 ad
1495 1555 1751 1606 praecedentia
1775 1556 1831 1591 vel
1857 1555 1990 1592 subse-

450 1616 598 1666 quentia
623 1617 837 1662 reserentes,
865 1617 1037 1667 quamvis
1063 1615 1328 1666 subsequentia
1357 1614 1553 1651 intentioni
1580 1614 1689 1663 plane
1714 1614 1899 1664 pleneque
1919 1613 1989 1650 ob-

451 1674 567 1719 vient,
594 1680 706 1723 prout
727 1679 880 1725 apparet
910 1675 1064 1711 cuilibet
1091 1673 1263 1710 intuenti.
1290 1674 1386 1710 Sane
1412 1672 1623 1723 praemissis
1649 1672 1696 1708 ab
1717 1672 1846 1708 eodem
1870 1668 1989 1722 legato

451 1733 597 1783 plenius
631 1733 842 1779 intellectis,
874 1747 946 1784 qua
978 1734 1071 1770 forte
1105 1747 1189 1770 cum
1223 1731 1508 1770 mansuetudine
1538 1735 1650 1782 prout
1682 1745 1749 1782 per
1780 1732 1892 1768 verba
1923 1745 1989 1769 sua

452 1791 591 1828 ibidem
611 1805 630 1828 a
651 1792 778 1828 multis
796 1792 937 1842 percipi
957 1792 1099 1842 potuit,
1126 1805 1201 1828 non
1220 1791 1445 1841 amplectens
1465 1789 1708 1826 intentionem
1732 1790 1868 1826 summi
1894 1803 1991 1840 pon-

453 1850 561 1887 tilicis
592 1850 629 1886 in
653 1851 889 1887 concessione
910 1850 1117 1900 praedictae
1137 1851 1277 1886 litterae
1299 1848 1456 1886 asseruit
1477 1861 1515 1885 se
1541 1847 1703 1893 novisse,
1729 1852 1765 1884 et
1791 1853 1989 1898 antequam

453 1908 555 1944 fieret
572 1908 744 1945 eumdem
763 1922 958 1945 romanum
974 1909 1189 1958 pontificem
1213 1907 1397 1945 moventia
1416 1907 1622 1958 palpavisse
1636 1919 1723 1956 prae
1740 1906 1891 1943 caeteris
1906 1906 1992 1943 sub-

453 1966 614 2003 inferens
629 1966 732 2016 quod
744 1967 828 2016 jura
844 1967 1059 2016 hujusmodi
1086 1966 1261 2003 mandato
1286 1965 1447 2016 generali
1475 1966 1695 2010 nullatenus
1706 1966 1990 2002 transferuntur.

453 2025 540 2061 Erat
566 2029 753 2075 praeterea
781 2026 875 2062 facta
903 2030 1031 2062 contra
1060 2038 1127 2062 nos
1153 2025 1273 2061 eidem
1302 2025 1420 2073 legato
1448 2025 1604 2060 fratrum
1632 2023 1780 2060 sinistra
1806 2024 1992 2074 suggestio

454 2084 669 2120 eorumdem
688 2084 790 2134 quod
810 2085 909 2135 ipsos
928 2084 966 2121 in
987 2085 1122 2121 nostris
1140 2084 1375 2121 sermonibus
1396 2089 1431 2120 et
1449 2083 1586 2120 habitis
1605 2083 1840 2133 processibus
1863 2083 1902 2120 in
1921 2083 1992 2120 hoc

455 2154 540 2177 casu
571 2142 783 2192 deceptores
810 2143 1018 2179 animarum
1051 2147 1086 2179 et
1116 2143 1214 2179 fures
1241 2142 1402 2179 clavium
1434 2142 1670 2178 vocabamus.
1695 2141 1768 2178 Nos
1800 2146 1923 2178 autem
1953 2142 1992 2178 in

456 2199 593 2236 eisdem
621 2201 755 2238 nostris
778 2201 922 2238 actibus
949 2202 1114 2238 volentes
1139 2201 1278 2250 ingenti
1306 2213 1392 2237 cum
1423 2200 1560 2236 laetitia
1582 2200 1752 2250 detegere
1781 2200 1993 2246 veritatem,

456 2260 618 2295 volentes
649 2260 758 2296 etiam
787 2261 998 2310 relinquere
1028 2260 1108 2296 vela
1139 2260 1274 2306 ventis7
1310 2260 1347 2295 id
1375 2272 1442 2296 nos
1470 2259 1700 2309 praedicasse
1726 2258 1993 2296 affirmavimus

455 2331 585 2353 verum
612 2330 688 2354 esse
713 2322 748 2354 et
772 2318 894 2354 adhuc
918 2318 1216 2368 praedicabimus
1244 2318 1283 2354 in
1311 2318 1498 2364 futurum,
1525 2318 1554 2354 si
1577 2331 1616 2354 sc
1644 2317 1690 2354 de
1712 2317 1820 2354 dictis
1847 2317 1994 2355 casibus

458 2376 721 2422 intromittant,
749 2382 784 2413 et
805 2378 887 2414 illos
913 2378 977 2428 qui
997 2378 1043 2414 de
1061 2383 1203 2414 caetero
1223 2378 1307 2415 talia
1327 2378 1445 2414 facere
1468 2376 1786 2427 praesumpserint
1807 2376 1846 2412 in
1870 2382 1994 2413 nostra

459 2435 624 2485 dyocesi,
644 2436 743 2472 sures
762 2436 921 2472 clavium
942 2441 976 2473 et
993 2436 1478 2487 deceptores-reputabimus
1497 2436 1723 2480 animarum3
1747 2439 1782 2471 et
1800 2434 1885 2471 licet
1902 2447 1995 2472 con-
