<?xml version="1.0" encoding="UTF-8"?>
<!DOCTYPE html PUBLIC "-//W3C//DTD XHTML 1.0 Transitional//EN"
    "http://www.w3.org/TR/xhtml1/DTD/xhtml1-transitional.dtd">
<html xmlns="http://www.w3.org/1999/xhtml" xml:lang="en" lang="en">
 <head>
  <title>
</title>
<meta http-equiv="Content-Type" content="text/html;charset=utf-8" />
  <meta name='ocr-system' content='tesseract 3.04.00' />
  <meta name='ocr-capabilities' content='ocr_page ocr_carea ocr_par ocr_line ocrx_word'/>
</head>
<body>
  <div class='ocr_page' id='page_1' title='image "./codexdunensissiv00kervuoft/codexdunensissiv00kervuoft_0430.png"; bbox 0 0 2184 3074; ppageno 0'>
   <div class='ocr_carea' id='block_1_1' title="bbox 451 275 1431 315">
    <p class='ocr_par' dir='ltr' id='par_1_1' title="bbox 451 275 1431 315">
     <span class='ocr_line' id='line_1_1' title="bbox 451 275 1431 315; baseline 0.003 -3"><span class='ocrx_word' id='word_1_1' title='bbox 451 275 524 313; x_wconf 83' lang='lat'><strong>588</strong></span> <span class='ocrx_word' id='word_1_2' title='bbox 1002 275 1163 314; x_wconf 87' lang='lat' dir='ltr'><strong>CODEX</strong></span> <span class='ocrx_word' id='word_1_3' title='bbox 1188 277 1431 315; x_wconf 87' lang='lat' dir='ltr'><strong>DUNENSlS.</strong></span> 
     </span>
    </p>
   </div>
   <div class='ocr_carea' id='block_1_2' title="bbox 449 390 1982 2428">
    <p class='ocr_par' dir='ltr' id='par_1_2' title="bbox 449 390 1982 1258">
     <span class='ocr_line' id='line_1_2' title="bbox 502 390 1978 445; baseline 0.003 -18"><span class='ocrx_word' id='word_1_4' title='bbox 502 390 627 427; x_wconf 87' lang='lat' dir='ltr'><strong>Pateat</strong></span> <span class='ocrx_word' id='word_1_5' title='bbox 657 391 838 428; x_wconf 90' lang='lat' dir='ltr'><strong>universis</strong></span> <span class='ocrx_word' id='word_1_6' title='bbox 865 404 931 441; x_wconf 88' lang='lat' dir='ltr'><strong>per</strong></span> <span class='ocrx_word' id='word_1_7' title='bbox 959 391 1029 428; x_wconf 91' lang='lat' dir='ltr'><strong>hoc</strong></span> <span class='ocrx_word' id='word_1_8' title='bbox 1060 404 1233 442; x_wconf 82' lang='lat' dir='ltr'><strong>praesens</strong></span> <span class='ocrx_word' id='word_1_9' title='bbox 1260 391 1455 441; x_wconf 90' lang='lat' dir='ltr'><strong>publicum</strong></span> <span class='ocrx_word' id='word_1_10' title='bbox 1493 392 1781 431; x_wconf 79' lang='lat' dir='ltr'><strong>instrumentum</strong></span> <span class='ocrx_word' id='word_1_11' title='bbox 1807 395 1909 445; x_wconf 89' lang='lat' dir='ltr'><strong>quod</strong></span> <span class='ocrx_word' id='word_1_12' title='bbox 1939 394 1978 432; x_wconf 88' lang='lat' dir='ltr'><strong>in</strong></span> 
     </span>
     <span class='ocr_line' id='line_1_3' title="bbox 452 448 1981 503; baseline 0.005 -19"><span class='ocrx_word' id='word_1_13' title='bbox 452 448 656 497; x_wconf 87' lang='lat' dir='ltr'><strong>praesentia</strong></span> <span class='ocrx_word' id='word_1_14' title='bbox 678 448 747 485; x_wconf 91' lang='lat' dir='ltr'><strong>mei</strong></span> <span class='ocrx_word' id='word_1_15' title='bbox 774 448 914 498; x_wconf 83' lang='lat' dir='ltr'>publici</span> <span class='ocrx_word' id='word_1_16' title='bbox 935 449 1068 485; x_wconf 88' lang='lat' dir='ltr'><strong>notarii</strong></span> <span class='ocrx_word' id='word_1_17' title='bbox 1087 453 1123 485; x_wconf 87' lang='lat' dir='ltr'><strong>et</strong></span> <span class='ocrx_word' id='word_1_18' title='bbox 1142 449 1288 485; x_wconf 88' lang='lat' dir='ltr'><strong>testium</strong></span> <span class='ocrx_word' id='word_1_19' title='bbox 1307 449 1602 500; x_wconf 83' lang='lat' dir='ltr'><strong>subscriptorum</strong></span> <span class='ocrx_word' id='word_1_20' title='bbox 1621 451 1668 487; x_wconf 87' lang='lat' dir='ltr'><strong>ad</strong></span> <span class='ocrx_word' id='word_1_21' title='bbox 1688 451 1759 488; x_wconf 88' lang='lat' dir='ltr'><strong>hoc</strong></span> <span class='ocrx_word' id='word_1_22' title='bbox 1775 453 1981 503; x_wconf 66' lang='lat' dir='ltr'><strong>specialiter</strong></span> 
     </span>
     <span class='ocr_line' id='line_1_4' title="bbox 452 507 1978 560; baseline 0.004 -18"><span class='ocrx_word' id='word_1_23' title='bbox 452 511 664 542; x_wconf 87' lang='lat' dir='ltr'><strong>vocatorum</strong></span> <span class='ocrx_word' id='word_1_24' title='bbox 688 511 722 542; x_wconf 86' lang='lat' dir='ltr'><strong>et</strong></span> <span class='ocrx_word' id='word_1_25' title='bbox 744 512 956 556; x_wconf 83' lang='lat' dir='ltr'><strong>rogatorum</strong></span> <span class='ocrx_word' id='word_1_26' title='bbox 974 535 983 553; x_wconf 63' lang='lat' dir='ltr'><strong>a</strong></span> <span class='ocrx_word' id='word_1_27' title='bbox 1009 507 1188 544; x_wconf 90' lang='lat' dir='ltr'><strong>discretus</strong></span> <span class='ocrx_word' id='word_1_28' title='bbox 1212 507 1271 544; x_wconf 93' lang='lat' dir='ltr'><strong>vir</strong></span> <span class='ocrx_word' id='word_1_29' title='bbox 1290 507 1480 545; x_wconf 74' lang='lat' dir='ltr'><strong>Iohannes</strong></span> <span class='ocrx_word' id='word_1_30' title='bbox 1507 508 1554 545; x_wconf 92' lang='lat' dir='ltr'><strong>de</strong></span> <span class='ocrx_word' id='word_1_31' title='bbox 1577 508 1776 560; x_wconf 81' lang='lat' dir='ltr'><strong>Risinghe‚</strong></span> <span class='ocrx_word' id='word_1_32' title='bbox 1803 510 1978 556; x_wconf 81' lang='lat' dir='ltr'><strong>clericus,</strong></span> 
     </span>
     <span class='ocr_line' id='line_1_5' title="bbox 451 565 1980 615; baseline 0.003 -15"><span class='ocrx_word' id='word_1_33' title='bbox 451 569 680 614; x_wconf 80' lang='lat' dir='ltr'><strong>procurator⁷</strong></span> <span class='ocrx_word' id='word_1_34' title='bbox 698 569 740 600; x_wconf 90' lang='lat' dir='ltr'><strong>ut</strong></span> <span class='ocrx_word' id='word_1_35' title='bbox 764 565 938 611; x_wconf 73' lang='lat' dir='ltr'><strong>asseruit,</strong></span> <span class='ocrx_word' id='word_1_36' title='bbox 966 565 1113 615; x_wconf 83' lang='lat' dir='ltr'>providi</span> <span class='ocrx_word' id='word_1_37' title='bbox 1141 569 1177 601; x_wconf 90' lang='lat' dir='ltr'><strong>et</strong></span> <span class='ocrx_word' id='word_1_38' title='bbox 1201 565 1349 602; x_wconf 90' lang='lat' dir='ltr'><strong>discreti</strong></span> <span class='ocrx_word' id='word_1_39' title='bbox 1378 565 1447 603; x_wconf 91' lang='lat' dir='ltr'><strong>viri</strong></span> <span class='ocrx_word' id='word_1_40' title='bbox 1475 566 1516 603; x_wconf 85' lang='lat' dir='ltr'><strong>L.</strong></span> <span class='ocrx_word' id='word_1_41' title='bbox 1543 566 1642 613; x_wconf 86' lang='lat' dir='ltr'><strong>talis,</strong></span> <span class='ocrx_word' id='word_1_42' title='bbox 1660 567 1742 605; x_wconf 87' lang='lat' dir='ltr'><strong>vice</strong></span> <span class='ocrx_word' id='word_1_43' title='bbox 1767 573 1804 604; x_wconf 86' lang='lat' dir='ltr'><strong>et</strong></span> <span class='ocrx_word' id='word_1_44' title='bbox 1829 568 1980 605; x_wconf 84' lang='lat' dir='ltr'><strong>nomine</strong></span> 
     </span>
     <span class='ocr_line' id='line_1_6' title="bbox 451 623 1981 678; baseline 0.004 -19"><span class='ocrx_word' id='word_1_45' title='bbox 451 623 593 660; x_wconf 88' lang='lat' dir='ltr'><strong>domini</strong></span> <span class='ocrx_word' id='word_1_46' title='bbox 613 623 668 660; x_wconf 91' lang='lat' dir='ltr'><strong>sui</strong></span> <span class='ocrx_word' id='word_1_47' title='bbox 688 628 723 660; x_wconf 89' lang='lat' dir='ltr'><strong>et</strong></span> <span class='ocrx_word' id='word_1_48' title='bbox 740 637 808 674; x_wconf 94' lang='lat' dir='ltr'><strong>pro</strong></span> <span class='ocrx_word' id='word_1_49' title='bbox 828 624 925 674; x_wconf 66' lang='lat' dir='ltr'><strong>ipso7</strong></span> <span class='ocrx_word' id='word_1_50' title='bbox 945 624 983 660; x_wconf 91' lang='lat' dir='ltr'><strong>in</strong></span> <span class='ocrx_word' id='word_1_51' title='bbox 1002 624 1148 674; x_wconf 88' lang='lat' dir='ltr'><strong>scriptis</strong></span> <span class='ocrx_word' id='word_1_52' title='bbox 1172 629 1207 661; x_wconf 94' lang='lat' dir='ltr'><strong>et</strong></span> <span class='ocrx_word' id='word_1_53' title='bbox 1227 625 1378 661; x_wconf 83' lang='lat' dir='ltr'><strong>oraculo</strong></span> <span class='ocrx_word' id='word_1_54' title='bbox 1400 638 1488 662; x_wconf 88' lang='lat' dir='ltr'><strong>suae</strong></span> <span class='ocrx_word' id='word_1_55' title='bbox 1510 626 1610 663; x_wconf 90' lang='lat' dir='ltr'><strong>vocis</strong></span> <span class='ocrx_word' id='word_1_56' title='bbox 1636 627 1816 677; x_wconf 82' lang='lat' dir='ltr'><strong>quasdam</strong></span> <span class='ocrx_word' id='word_1_57' title='bbox 1843 640 1981 678; x_wconf 86' lang='lat' dir='ltr'><strong>provo-</strong></span> 
     </span>
     <span class='ocr_line' id='line_1_7' title="bbox 451 681 1979 734; baseline 0.004 -17"><span class='ocrx_word' id='word_1_58' title='bbox 451 681 611 718; x_wconf 75' lang='lat' dir='ltr'><strong>cationes</strong></span> <span class='ocrx_word' id='word_1_59' title='bbox 629 686 665 718; x_wconf 90' lang='lat' dir='ltr'><strong>et</strong></span> <span class='ocrx_word' id='word_1_60' title='bbox 682 682 946 731; x_wconf 80' lang='lat' dir='ltr'><strong>appellationes</strong></span> <span class='ocrx_word' id='word_1_61' title='bbox 964 682 1066 727; x_wconf 39' lang='lat' dir='ltr'><strong>secitff</strong></span> <span class='ocrx_word' id='word_1_62' title='bbox 1084 682 1291 732; x_wconf 88' lang='lat' dir='ltr'><strong>publicavit</strong></span> <span class='ocrx_word' id='word_1_63' title='bbox 1311 687 1347 719; x_wconf 90' lang='lat' dir='ltr'><strong>et</strong></span> <span class='ocrx_word' id='word_1_64' title='bbox 1369 683 1478 733; x_wconf 80' lang='lat' dir='ltr'><strong>legit:</strong></span> <span class='ocrx_word' id='word_1_65' title='bbox 1498 684 1620 734; x_wconf 89' lang='lat' dir='ltr'><strong>primo</strong></span> <span class='ocrx_word' id='word_1_66' title='bbox 1638 685 1676 722; x_wconf 90' lang='lat' dir='ltr'><strong>in</strong></span> <span class='ocrx_word' id='word_1_67' title='bbox 1690 686 1842 723; x_wconf 86' lang='lat' dir='ltr'><strong>ecclesia</strong></span> <span class='ocrx_word' id='word_1_68' title='bbox 1857 685 1979 722; x_wconf 74' lang='lat' dir='ltr'><strong>Sancti</strong></span> 
     </span>
     <span class='ocr_line' id='line_1_8' title="bbox 452 739 1982 793; baseline 0.004 -18"><span class='ocrx_word' id='word_1_69' title='bbox 452 739 651 776; x_wconf 79' lang='lat' dir='ltr'><strong>Salvatoris</strong></span> <span class='ocrx_word' id='word_1_70' title='bbox 670 741 889 790; x_wconf 74' lang='lat' dir='ltr'><strong>Brugensis,</strong></span> <span class='ocrx_word' id='word_1_71' title='bbox 909 741 1165 791; x_wconf 89' lang='lat' dir='ltr'><strong>praesentibus</strong></span> <span class='ocrx_word' id='word_1_72' title='bbox 1192 742 1468 780; x_wconf 87' lang='lat' dir='ltr'><strong>venerabilibus</strong></span> <span class='ocrx_word' id='word_1_73' title='bbox 1493 747 1528 780; x_wconf 90' lang='lat' dir='ltr'><strong>et</strong></span> <span class='ocrx_word' id='word_1_74' title='bbox 1553 743 1720 781; x_wconf 88' lang='lat' dir='ltr'><strong>discretis</strong></span> <span class='ocrx_word' id='word_1_75' title='bbox 1738 744 1828 782; x_wconf 86' lang='lat' dir='ltr'><strong>viris</strong></span> <span class='ocrx_word' id='word_1_76' title='bbox 1845 744 1982 793; x_wconf 77' lang='lat' dir='ltr'><strong>magis—</strong></span> 
     </span>
     <span class='ocr_line' id='line_1_9' title="bbox 451 797 1982 853; baseline 0.005 -21"><span class='ocrx_word' id='word_1_77' title='bbox 451 797 515 833; x_wconf 88' lang='lat' dir='ltr'><strong>tris</strong></span> <span class='ocrx_word' id='word_1_78' title='bbox 554 802 589 833; x_wconf 91' lang='lat' dir='ltr'><strong>et</strong></span> <span class='ocrx_word' id='word_1_79' title='bbox 605 797 766 834; x_wconf 91' lang='lat' dir='ltr'><strong>dominis</strong></span> <span class='ocrx_word' id='word_1_80' title='bbox 791 799 957 835; x_wconf 87' lang='lat' dir='ltr'><strong>Arnoldo</strong></span> <span class='ocrx_word' id='word_1_81' title='bbox 987 804 1147 845; x_wconf 72' lang='lat' dir='ltr'><strong>rectore,</strong></span> <span class='ocrx_word' id='word_1_82' title='bbox 1175 800 1365 837; x_wconf 92' lang='lat' dir='ltr'><strong>Willelmo</strong></span> <span class='ocrx_word' id='word_1_83' title='bbox 1390 801 1436 837; x_wconf 90' lang='lat' dir='ltr'><strong>de</strong></span> <span class='ocrx_word' id='word_1_84' title='bbox 1458 801 1629 848; x_wconf 73' lang='lat' dir='ltr'><strong>Birvliet,</strong></span> <span class='ocrx_word' id='word_1_85' title='bbox 1655 807 1833 853; x_wconf 89' lang='lat' dir='ltr'><strong>perpetuo</strong></span> <span class='ocrx_word' id='word_1_86' title='bbox 1857 802 1982 853; x_wconf 85' lang='lat' dir='ltr'><strong>capel-</strong></span> 
     </span>
     <span class='ocr_line' id='line_1_10' title="bbox 451 854 1981 910; baseline 0.005 -20"><span class='ocrx_word' id='word_1_87' title='bbox 451 854 535 890; x_wconf 89' lang='lat' dir='ltr'><strong>lano</strong></span> <span class='ocrx_word' id='word_1_88' title='bbox 560 854 679 891; x_wconf 90' lang='lat' dir='ltr'><strong>dictae</strong></span> <span class='ocrx_word' id='word_1_89' title='bbox 704 856 876 893; x_wconf 89' lang='lat' dir='ltr'><strong>ecclesiae</strong></span> <span class='ocrx_word' id='word_1_90' title='bbox 897 856 1021 894; x_wconf 88' lang='lat' dir='ltr'><strong>Sancti</strong></span> <span class='ocrx_word' id='word_1_91' title='bbox 1049 857 1266 903; x_wconf 83' lang='lat' dir='ltr'><strong>Salvatoris‚</strong></span> <span class='ocrx_word' id='word_1_92' title='bbox 1293 858 1357 894; x_wconf 87' lang='lat' dir='ltr'><strong>tali</strong></span> <span class='ocrx_word' id='word_1_93' title='bbox 1385 863 1420 895; x_wconf 92' lang='lat' dir='ltr'><strong>et</strong></span> <span class='ocrx_word' id='word_1_94' title='bbox 1447 859 1509 895; x_wconf 91' lang='lat' dir='ltr'><strong>tali</strong></span> <span class='ocrx_word' id='word_1_95' title='bbox 1533 872 1576 896; x_wconf 88' lang='lat' dir='ltr'><strong>ac</strong></span> <span class='ocrx_word' id='word_1_96' title='bbox 1598 860 1771 910; x_wconf 89' lang='lat' dir='ltr'><strong>pluribus</strong></span> <span class='ocrx_word' id='word_1_97' title='bbox 1797 860 1896 905; x_wconf 81' lang='lat' dir='ltr'><strong>aliis;</strong></span> <span class='ocrx_word' id='word_1_98' title='bbox 1921 872 1981 896; x_wconf 78' lang='lat' dir='ltr'><strong>se-</strong></span> 
     </span>
     <span class='ocr_line' id='line_1_11' title="bbox 451 912 1980 966; baseline 0.005 -18"><span class='ocrx_word' id='word_1_99' title='bbox 451 912 573 948; x_wconf 90' lang='lat' dir='ltr'><strong>cundo</strong></span> <span class='ocrx_word' id='word_1_100' title='bbox 598 913 635 949; x_wconf 94' lang='lat' dir='ltr'><strong>in</strong></span> <span class='ocrx_word' id='word_1_101' title='bbox 662 913 777 950; x_wconf 91' lang='lat' dir='ltr'><strong>choro</strong></span> <span class='ocrx_word' id='word_1_102' title='bbox 801 914 974 951; x_wconf 87' lang='lat' dir='ltr'><strong>ecclesiae</strong></span> <span class='ocrx_word' id='word_1_103' title='bbox 1000 915 1122 952; x_wconf 91' lang='lat' dir='ltr'><strong>Sancti</strong></span> <span class='ocrx_word' id='word_1_104' title='bbox 1141 915 1358 961; x_wconf 71' lang='lat' dir='ltr'><strong>Donafiani,</strong></span> <span class='ocrx_word' id='word_1_105' title='bbox 1384 917 1640 966; x_wconf 83' lang='lat' dir='ltr'><strong>praesentibus</strong></span> <span class='ocrx_word' id='word_1_106' title='bbox 1659 917 1768 955; x_wconf 89' lang='lat' dir='ltr'><strong>dictis</strong></span> <span class='ocrx_word' id='word_1_107' title='bbox 1785 918 1922 955; x_wconf 86' lang='lat' dir='ltr'><strong>talibus</strong></span> <span class='ocrx_word' id='word_1_108' title='bbox 1943 921 1980 955; x_wconf 88' lang='lat' dir='ltr'><strong>et</strong></span> 
     </span>
     <span class='ocr_line' id='line_1_12' title="bbox 450 971 1981 1026; baseline 0.005 -20"><span class='ocrx_word' id='word_1_109' title='bbox 450 971 585 1007; x_wconf 88' lang='lat' dir='ltr'><strong>talibus</strong></span> <span class='ocrx_word' id='word_1_110' title='bbox 602 976 638 1007; x_wconf 90' lang='lat' dir='ltr'><strong>et</strong></span> <span class='ocrx_word' id='word_1_111' title='bbox 655 972 825 1021; x_wconf 91' lang='lat' dir='ltr'><strong>pluribus</strong></span> <span class='ocrx_word' id='word_1_112' title='bbox 841 973 943 1018; x_wconf 77' lang='lat' dir='ltr'><strong>aliis3</strong></span> <span class='ocrx_word' id='word_1_113' title='bbox 962 973 1070 1009; x_wconf 87' lang='lat' dir='ltr'><strong>tertio</strong></span> <span class='ocrx_word' id='word_1_114' title='bbox 1085 974 1123 1010; x_wconf 90' lang='lat' dir='ltr'><strong>in</strong></span> <span class='ocrx_word' id='word_1_115' title='bbox 1141 973 1256 1011; x_wconf 88' lang='lat' dir='ltr'><strong>choro</strong></span> <span class='ocrx_word' id='word_1_116' title='bbox 1271 975 1444 1012; x_wconf 87' lang='lat' dir='ltr'><strong>ecclesiae</strong></span> <span class='ocrx_word' id='word_1_117' title='bbox 1461 975 1615 1013; x_wconf 77' lang='lat' dir='ltr'><strong>Sanctae</strong></span> <span class='ocrx_word' id='word_1_118' title='bbox 1632 976 1786 1022; x_wconf 74' lang='lat' dir='ltr'><strong>Mariae,</strong></span> <span class='ocrx_word' id='word_1_119' title='bbox 1804 989 1981 1026; x_wconf 85' lang='lat' dir='ltr'><strong>praesen-</strong></span> 
     </span>
     <span class='ocr_line' id='line_1_13' title="bbox 450 1028 1979 1083; baseline 0.004 -18"><span class='ocrx_word' id='word_1_120' title='bbox 450 1028 549 1065; x_wconf 86' lang='lat' dir='ltr'><strong>tibus</strong></span> <span class='ocrx_word' id='word_1_121' title='bbox 568 1029 703 1066; x_wconf 89' lang='lat' dir='ltr'><strong>talibus</strong></span> <span class='ocrx_word' id='word_1_122' title='bbox 720 1035 755 1066; x_wconf 89' lang='lat' dir='ltr'><strong>et</strong></span> <span class='ocrx_word' id='word_1_123' title='bbox 774 1031 909 1067; x_wconf 90' lang='lat' dir='ltr'><strong>talibus</strong></span> <span class='ocrx_word' id='word_1_124' title='bbox 927 1036 963 1068; x_wconf 89' lang='lat' dir='ltr'><strong>et</strong></span> <span class='ocrx_word' id='word_1_125' title='bbox 979 1031 1152 1081; x_wconf 88' lang='lat' dir='ltr'><strong>pluribus</strong></span> <span class='ocrx_word' id='word_1_126' title='bbox 1171 1032 1273 1077; x_wconf 78' lang='lat' dir='ltr'><strong>aliis3</strong></span> <span class='ocrx_word' id='word_1_127' title='bbox 1301 1037 1337 1069; x_wconf 90' lang='lat' dir='ltr'><strong>et</strong></span> <span class='ocrx_word' id='word_1_128' title='bbox 1361 1038 1494 1083; x_wconf 89' lang='lat' dir='ltr'><strong>quarto</strong></span> <span class='ocrx_word' id='word_1_129' title='bbox 1512 1034 1549 1070; x_wconf 92' lang='lat' dir='ltr'><strong>in</strong></span> <span class='ocrx_word' id='word_1_130' title='bbox 1569 1034 1699 1083; x_wconf 83' lang='lat' dir='ltr'><strong>maj0ri</strong></span> <span class='ocrx_word' id='word_1_131' title='bbox 1723 1034 1806 1070; x_wconf 92' lang='lat' dir='ltr'><strong>aula</strong></span> <span class='ocrx_word' id='word_1_132' title='bbox 1829 1047 1979 1071; x_wconf 80' lang='lat' dir='ltr'><strong>monas-</strong></span> 
     </span>
     <span class='ocr_line' id='line_1_14' title="bbox 451 1087 1978 1140; baseline 0.005 -18"><span class='ocrx_word' id='word_1_133' title='bbox 451 1087 530 1123; x_wconf 91' lang='lat' dir='ltr'><strong>terii</strong></span> <span class='ocrx_word' id='word_1_134' title='bbox 550 1087 595 1123; x_wconf 90' lang='lat' dir='ltr'><strong>de</strong></span> <span class='ocrx_word' id='word_1_135' title='bbox 613 1087 766 1124; x_wconf 88' lang='lat' dir='ltr'><strong>Echoud</strong></span> <span class='ocrx_word' id='word_1_136' title='bbox 789 1089 1009 1139; x_wconf 76' lang='lat' dir='ltr'><strong>Brugensis‚</strong></span> <span class='ocrx_word' id='word_1_137' title='bbox 1030 1090 1286 1140; x_wconf 91' lang='lat' dir='ltr'><strong>praesentibus</strong></span> <span class='ocrx_word' id='word_1_138' title='bbox 1313 1091 1475 1128; x_wconf 78' lang='lat' dir='ltr'><strong>honestis</strong></span> <span class='ocrx_word' id='word_1_139' title='bbox 1501 1092 1590 1129; x_wconf 90' lang='lat' dir='ltr'><strong>viris</strong></span> <span class='ocrx_word' id='word_1_140' title='bbox 1617 1091 1753 1130; x_wconf 85' lang='lat' dir='ltr'><strong>talibus</strong></span> <span class='ocrx_word' id='word_1_141' title='bbox 1779 1096 1816 1129; x_wconf 90' lang='lat' dir='ltr'><strong>et</strong></span> <span class='ocrx_word' id='word_1_142' title='bbox 1841 1092 1978 1130; x_wconf 80' lang='lat' dir='ltr'><strong>talibus</strong></span> 
     </span>
     <span class='ocr_line' id='line_1_15' title="bbox 449 1145 1978 1200; baseline 0.004 -19"><span class='ocrx_word' id='word_1_143' title='bbox 449 1157 490 1181; x_wconf 90' lang='lat' dir='ltr'><strong>ac</strong></span> <span class='ocrx_word' id='word_1_144' title='bbox 508 1145 589 1182; x_wconf 85' lang='lat' dir='ltr'><strong>aliis</strong></span> <span class='ocrx_word' id='word_1_145' title='bbox 607 1147 894 1197; x_wconf 75' lang='lat' dir='ltr'><strong>quampluribus</strong></span> <span class='ocrx_word' id='word_1_146' title='bbox 913 1148 1067 1184; x_wconf 88' lang='lat' dir='ltr'><strong>testibus</strong></span> <span class='ocrx_word' id='word_1_147' title='bbox 1084 1148 1131 1184; x_wconf 90' lang='lat' dir='ltr'><strong>ad</strong></span> <span class='ocrx_word' id='word_1_148' title='bbox 1152 1148 1386 1198; x_wconf 82' lang='lat' dir='ltr'><strong>infrascripta</strong></span> <span class='ocrx_word' id='word_1_149' title='bbox 1404 1149 1612 1199; x_wconf 79' lang='lat' dir='ltr'><strong>specialiter</strong></span> <span class='ocrx_word' id='word_1_150' title='bbox 1627 1149 1766 1187; x_wconf 88' lang='lat' dir='ltr'><strong>vocatis</strong></span> <span class='ocrx_word' id='word_1_151' title='bbox 1779 1154 1816 1186; x_wconf 89' lang='lat' dir='ltr'><strong>et</strong></span> <span class='ocrx_word' id='word_1_152' title='bbox 1829 1150 1978 1200; x_wconf 75' lang='lat' dir='ltr'><strong>rogatis,</strong></span> 
     </span>
     <span class='ocr_line' id='line_1_16' title="bbox 449 1207 1619 1258; baseline 0.004 -19"><span class='ocrx_word' id='word_1_153' title='bbox 449 1217 608 1253; x_wconf 88' lang='lat' dir='ltr'><strong>quarum</strong></span> <span class='ocrx_word' id='word_1_154' title='bbox 626 1207 932 1254; x_wconf 90' lang='lat' dir='ltr'><strong>provocationum</strong></span> <span class='ocrx_word' id='word_1_155' title='bbox 952 1212 987 1243; x_wconf 91' lang='lat' dir='ltr'><strong>et</strong></span> <span class='ocrx_word' id='word_1_156' title='bbox 1004 1208 1296 1258; x_wconf 88' lang='lat' dir='ltr'><strong>appellationum</strong></span> <span class='ocrx_word' id='word_1_157' title='bbox 1315 1212 1422 1245; x_wconf 90' lang='lat' dir='ltr'><strong>tenor</strong></span> <span class='ocrx_word' id='word_1_158' title='bbox 1439 1208 1522 1246; x_wconf 86' lang='lat' dir='ltr'><strong>talis</strong></span> <span class='ocrx_word' id='word_1_159' title='bbox 1538 1213 1593 1246; x_wconf 87' lang='lat' dir='ltr'><strong>est</strong></span> <span class='ocrx_word' id='word_1_160' title='bbox 1612 1224 1619 1244; x_wconf 95' lang='lat'>:</span> 
     </span>
    </p>

    <p class='ocr_par' dir='ltr' id='par_1_3' title="bbox 449 1262 1982 2428">
     <span class='ocr_line' id='line_1_17' title="bbox 498 1262 1979 1316; baseline 0.004 -18"><span class='ocrx_word' id='word_1_161' title='bbox 498 1262 591 1298; x_wconf 91' lang='lat' dir='ltr'><strong>Cum</strong></span> <span class='ocrx_word' id='word_1_162' title='bbox 611 1275 691 1308; x_wconf 67' lang='lat' dir='ltr'><strong>vos,</strong></span> <span class='ocrx_word' id='word_1_163' title='bbox 710 1264 860 1301; x_wconf 91' lang='lat' dir='ltr'><strong>domine</strong></span> <span class='ocrx_word' id='word_1_164' title='bbox 882 1265 1050 1302; x_wconf 87' lang='lat' dir='ltr'><strong>officialis</strong></span> <span class='ocrx_word' id='word_1_165' title='bbox 1077 1265 1340 1312; x_wconf 72' lang='lat' dir='ltr'><strong>Tornaeensis,</strong></span> <span class='ocrx_word' id='word_1_166' title='bbox 1361 1266 1579 1303; x_wconf 83' lang='lat' dir='ltr'><strong>monueritis</strong></span> <span class='ocrx_word' id='word_1_167' title='bbox 1597 1279 1664 1316; x_wconf 93' lang='lat' dir='ltr'><strong>per</strong></span> <span class='ocrx_word' id='word_1_168' title='bbox 1682 1270 1818 1304; x_wconf 85' lang='lat' dir='ltr'><strong>vestras</strong></span> <span class='ocrx_word' id='word_1_169' title='bbox 1842 1266 1979 1304; x_wconf 76' lang='lat' dir='ltr'><strong>litteras</strong></span> 
     </span>
     <span class='ocr_line' id='line_1_18' title="bbox 449 1322 1979 1374; baseline 0.003 -18"><span class='ocrx_word' id='word_1_170' title='bbox 449 1333 513 1356; x_wconf 89' lang='lat' dir='ltr'><strong>seu</strong></span> <span class='ocrx_word' id='word_1_171' title='bbox 541 1322 681 1358; x_wconf 90' lang='lat' dir='ltr'><strong>moneri</strong></span> <span class='ocrx_word' id='word_1_172' title='bbox 710 1323 866 1360; x_wconf 85' lang='lat' dir='ltr'><strong>feceritis</strong></span> <span class='ocrx_word' id='word_1_173' title='bbox 885 1329 948 1360; x_wconf 90' lang='lat' dir='ltr'><strong>aut</strong></span> <span class='ocrx_word' id='word_1_174' title='bbox 966 1324 1229 1361; x_wconf 86' lang='lat' dir='ltr'><strong>mandaveritis</strong></span> <span class='ocrx_word' id='word_1_175' title='bbox 1245 1325 1437 1371; x_wconf 66' lang='lat' dir='ltr'><strong>scabinos,</strong></span> <span class='ocrx_word' id='word_1_176' title='bbox 1451 1325 1707 1363; x_wconf 79' lang='lat' dir='ltr'><strong>consiliumac</strong></span> <span class='ocrx_word' id='word_1_177' title='bbox 1721 1324 1886 1361; x_wconf 85' lang='lat' dir='ltr'><strong>laicalem</strong></span> <span class='ocrx_word' id='word_1_178' title='bbox 1896 1323 1979 1374; x_wconf 86' lang='lat' dir='ltr'><strong>jus-</strong></span> 
     </span>
     <span class='ocr_line' id='line_1_19' title="bbox 449 1381 1979 1436; baseline 0.004 -19"><span class='ocrx_word' id='word_1_179' title='bbox 449 1381 566 1418; x_wconf 90' lang='lat' dir='ltr'><strong>titiam</strong></span> <span class='ocrx_word' id='word_1_180' title='bbox 586 1383 694 1419; x_wconf 90' lang='lat' dir='ltr'><strong>villae</strong></span> <span class='ocrx_word' id='word_1_181' title='bbox 711 1384 910 1434; x_wconf 79' lang='lat' dir='ltr'><strong>Brugensis</strong></span> <span class='ocrx_word' id='word_1_182' title='bbox 922 1415 930 1431; x_wconf 37' lang='grc' dir='ltr'><em>ἢ</em></span> <span class='ocrx_word' id='word_1_183' title='bbox 949 1385 1019 1422; x_wconf 90' lang='lat' dir='ltr'><strong>sub</strong></span> <span class='ocrx_word' id='word_1_184' title='bbox 1038 1399 1156 1436; x_wconf 90' lang='lat' dir='ltr'><strong>poena</strong></span> <span class='ocrx_word' id='word_1_185' title='bbox 1174 1387 1586 1432; x_wconf 70' lang='lat' dir='ltr'><strong>excommunicationis,</strong></span> <span class='ocrx_word' id='word_1_186' title='bbox 1603 1390 1646 1423; x_wconf 92' lang='lat' dir='ltr'><strong>ut</strong></span> <span class='ocrx_word' id='word_1_187' title='bbox 1675 1386 1798 1436; x_wconf 89' lang='lat' dir='ltr'><strong>ipsum</strong></span> <span class='ocrx_word' id='word_1_188' title='bbox 1817 1386 1856 1424; x_wconf 89' lang='lat' dir='ltr'><strong>L.</strong></span> <span class='ocrx_word' id='word_1_189' title='bbox 1875 1399 1979 1423; x_wconf 92' lang='lat' dir='ltr'><strong>com-</strong></span> 
     </span>
     <span class='ocr_line' id='line_1_20' title="bbox 449 1440 1978 1493; baseline 0.003 -17"><span class='ocrx_word' id='word_1_190' title='bbox 449 1440 629 1489; x_wconf 86' lang='lat' dir='ltr'><strong>pellerent</strong></span> <span class='ocrx_word' id='word_1_191' title='bbox 654 1455 717 1478; x_wconf 91' lang='lat' dir='ltr'><strong>seu</strong></span> <span class='ocrx_word' id='word_1_192' title='bbox 745 1443 1039 1493; x_wconf 83' lang='lat' dir='ltr'><strong>constringerent</strong></span> <span class='ocrx_word' id='word_1_193' title='bbox 1056 1444 1102 1480; x_wconf 83' lang='lat' dir='ltr'><strong>ad</strong></span> <span class='ocrx_word' id='word_1_194' title='bbox 1120 1444 1285 1481; x_wconf 90' lang='lat' dir='ltr'><strong>dandum</strong></span> <span class='ocrx_word' id='word_1_195' title='bbox 1298 1473 1307 1490; x_wconf 74' lang='lat'>‚</span> <span class='ocrx_word' id='word_1_196' title='bbox 1326 1445 1544 1482; x_wconf 93' lang='lat' dir='ltr'><strong>solvendum</strong></span> <span class='ocrx_word' id='word_1_197' title='bbox 1563 1449 1599 1482; x_wconf 89' lang='lat' dir='ltr'><strong>et</strong></span> <span class='ocrx_word' id='word_1_198' title='bbox 1616 1444 1888 1482; x_wconf 89' lang='lat' dir='ltr'><strong>numerandum</strong></span> <span class='ocrx_word' id='word_1_199' title='bbox 1907 1444 1978 1481; x_wconf 91' lang='lat' dir='ltr'><strong>do-</strong></span> 
     </span>
     <span class='ocr_line' id='line_1_21' title="bbox 450 1497 1978 1553; baseline 0.004 -20"><span class='ocrx_word' id='word_1_200' title='bbox 450 1497 552 1535; x_wconf 90' lang='lat' dir='ltr'><strong>mino</strong></span> <span class='ocrx_word' id='word_1_201' title='bbox 579 1529 699 1536; x_wconf 87' lang='grc'><em>.....</em></span> <span class='ocrx_word' id='word_1_202' title='bbox 728 1501 852 1538; x_wconf 87' lang='lat' dir='ltr'><strong>abbati</strong></span> <span class='ocrx_word' id='word_1_203' title='bbox 879 1502 925 1538; x_wconf 92' lang='lat' dir='ltr'><strong>de</strong></span> <span class='ocrx_word' id='word_1_204' title='bbox 948 1502 1095 1539; x_wconf 85' lang='lat' dir='ltr'><strong>Thosan</strong></span> <span class='ocrx_word' id='word_1_205' title='bbox 1119 1507 1155 1539; x_wconf 90' lang='lat' dir='ltr'><strong>et</strong></span> <span class='ocrx_word' id='word_1_206' title='bbox 1185 1503 1339 1540; x_wconf 93' lang='lat' dir='ltr'><strong>domino</strong></span> <span class='ocrx_word' id='word_1_207' title='bbox 1366 1505 1425 1541; x_wconf 92' lang='lat' dir='ltr'><strong>W.</strong></span> <span class='ocrx_word' id='word_1_208' title='bbox 1449 1503 1549 1540; x_wconf 81' lang='lat' dir='ltr'><strong>dieto</strong></span> <span class='ocrx_word' id='word_1_209' title='bbox 1579 1503 1688 1553; x_wconf 82' lang='lat' dir='ltr'><strong>Grip‚</strong></span> <span class='ocrx_word' id='word_1_210' title='bbox 1719 1502 1978 1540; x_wconf 84' lang='lat' dir='ltr'><strong>executoribus</strong></span> 
     </span>
     <span class='ocr_line' id='line_1_22' title="bbox 452 1559 1979 1610; baseline 0.003 -17"><span class='ocrx_word' id='word_1_211' title='bbox 452 1560 751 1595; x_wconf 87' lang='lat' dir='ltr'><strong>testamentorum</strong></span> <span class='ocrx_word' id='word_1_212' title='bbox 789 1559 1027 1597; x_wconf 90' lang='lat' dir='ltr'><strong>dominorum</strong></span> <span class='ocrx_word' id='word_1_213' title='bbox 1065 1561 1253 1610; x_wconf 86' lang='lat' dir='ltr'><strong>quondam</strong></span> <span class='ocrx_word' id='word_1_214' title='bbox 1290 1562 1470 1599; x_wconf 90' lang='lat' dir='ltr'><strong>Willclmi</strong></span> <span class='ocrx_word' id='word_1_215' title='bbox 1507 1566 1543 1598; x_wconf 88' lang='lat' dir='ltr'><strong>et</strong></span> <span class='ocrx_word' id='word_1_216' title='bbox 1578 1561 1675 1598; x_wconf 90' lang='lat' dir='ltr'><strong>Petri</strong></span> <span class='ocrx_word' id='word_1_217' title='bbox 1710 1560 1895 1597; x_wconf 91' lang='lat' dir='ltr'><strong>dictorum</strong></span> <span class='ocrx_word' id='word_1_218' title='bbox 1932 1560 1979 1598; x_wconf 79' lang='lat' dir='ltr'><strong>de</strong></span> 
     </span>
     <span class='ocr_line' id='line_1_23' title="bbox 452 1613 1981 1673; baseline 0.003 -22"><span class='ocrx_word' id='word_1_219' title='bbox 452 1613 594 1664; x_wconf 71' lang='lat' dir='ltr'><strong>Spoya,</strong></span> <span class='ocrx_word' id='word_1_220' title='bbox 626 1621 667 1652; x_wconf 89' lang='lat' dir='ltr'><strong>ut</strong></span> <span class='ocrx_word' id='word_1_221' title='bbox 693 1617 943 1655; x_wconf 83' lang='lat' dir='ltr'><strong>satisfacerent</strong></span> <span class='ocrx_word' id='word_1_222' title='bbox 968 1619 1141 1668; x_wconf 78' lang='lat' dir='ltr'><strong>praefatis</strong></span> <span class='ocrx_word' id='word_1_223' title='bbox 1163 1619 1423 1657; x_wconf 85' lang='lat' dir='ltr'><strong>executoribus</strong></span> <span class='ocrx_word' id='word_1_224' title='bbox 1450 1620 1545 1656; x_wconf 82' lang='lat' dir='ltr'><strong>infra</strong></span> <span class='ocrx_word' id='word_1_225' title='bbox 1566 1618 1782 1670; x_wconf 90' lang='lat' dir='ltr'><strong>quindecim</strong></span> <span class='ocrx_word' id='word_1_226' title='bbox 1801 1618 1879 1655; x_wconf 90' lang='lat' dir='ltr'><strong>dies</strong></span> <span class='ocrx_word' id='word_1_227' title='bbox 1897 1622 1981 1673; x_wconf 63' lang='lat' dir='ltr'><strong>post</strong></span> 
     </span>
     <span class='ocr_line' id='line_1_24' title="bbox 450 1675 1982 1714; baseline 0.003 -4"><span class='ocrx_word' id='word_1_228' title='bbox 450 1679 607 1711; x_wconf 87' lang='lat' dir='ltr'><strong>vestram</strong></span> <span class='ocrx_word' id='word_1_229' title='bbox 637 1675 877 1711; x_wconf 85' lang='lat' dir='ltr'><strong>monitionem</strong></span> <span class='ocrx_word' id='word_1_230' title='bbox 905 1676 950 1712; x_wconf 90' lang='lat' dir='ltr'><strong>de</strong></span> <span class='ocrx_word' id='word_1_231' title='bbox 972 1676 1074 1712; x_wconf 89' lang='lat' dir='ltr'><strong>mille</strong></span> <span class='ocrx_word' id='word_1_232' title='bbox 1102 1677 1271 1714; x_wconf 88' lang='lat' dir='ltr'><strong>trecentis</strong></span> <span class='ocrx_word' id='word_1_233' title='bbox 1298 1677 1403 1714; x_wconf 86' lang='lat' dir='ltr'><strong>libris</strong></span> <span class='ocrx_word' id='word_1_234' title='bbox 1430 1682 1599 1714; x_wconf 89' lang='lat' dir='ltr'><strong>monetae</strong></span> <span class='ocrx_word' id='word_1_235' title='bbox 1622 1676 1860 1714; x_wconf 87' lang='lat' dir='ltr'><strong>Flandrensis</strong></span> <span class='ocrx_word' id='word_1_236' title='bbox 1889 1689 1982 1714; x_wconf 87' lang='lat' dir='ltr'><strong>con-</strong></span> 
     </span>
     <span class='ocr_line' id='line_1_25' title="bbox 451 1732 1982 1786; baseline 0.001 -17"><span class='ocrx_word' id='word_1_237' title='bbox 451 1732 637 1770; x_wconf 82' lang='lat' dir='ltr'><strong>vertendis</strong></span> <span class='ocrx_word' id='word_1_238' title='bbox 668 1732 705 1768; x_wconf 91' lang='lat' dir='ltr'><strong>in</strong></span> <span class='ocrx_word' id='word_1_239' title='bbox 744 1733 966 1770; x_wconf 85' lang='lat' dir='ltr'><strong>solutionem</strong></span> <span class='ocrx_word' id='word_1_240' title='bbox 994 1739 1029 1770; x_wconf 90' lang='lat' dir='ltr'><strong>ct</strong></span> <span class='ocrx_word' id='word_1_241' title='bbox 1054 1735 1339 1772; x_wconf 82' lang='lat' dir='ltr'><strong>satisfactionem</strong></span> <span class='ocrx_word' id='word_1_242' title='bbox 1367 1735 1570 1786; x_wconf 83' lang='lat' dir='ltr'><strong>legatorum</strong></span> <span class='ocrx_word' id='word_1_243' title='bbox 1590 1735 1821 1773; x_wconf 85' lang='lat' dir='ltr'><strong>debitorum.</strong></span> <span class='ocrx_word' id='word_1_244' title='bbox 1840 1739 1982 1771; x_wconf 86' lang='lat' dir='ltr'><strong>restau-</strong></span> 
     </span>
     <span class='ocr_line' id='line_1_26' title="bbox 452 1792 1981 1830; baseline 0.001 -2"><span class='ocrx_word' id='word_1_245' title='bbox 452 1792 638 1828; x_wconf 89' lang='lat' dir='ltr'><strong>rationum</strong></span> <span class='ocrx_word' id='word_1_246' title='bbox 667 1804 730 1827; x_wconf 87' lang='lat' dir='ltr'><strong>seu</strong></span> <span class='ocrx_word' id='word_1_247' title='bbox 757 1792 1033 1829; x_wconf 86' lang='lat' dir='ltr'><strong>restitutionum</strong></span> <span class='ocrx_word' id='word_1_248' title='bbox 1060 1797 1095 1829; x_wconf 90' lang='lat' dir='ltr'><strong>et</strong></span> <span class='ocrx_word' id='word_1_249' title='bbox 1119 1793 1402 1830; x_wconf 90' lang='lat' dir='ltr'><strong>elemosinarum</strong></span> <span class='ocrx_word' id='word_1_250' title='bbox 1435 1793 1686 1830; x_wconf 83' lang='lat' dir='ltr'><strong>faciendarum</strong></span> <span class='ocrx_word' id='word_1_251' title='bbox 1718 1807 1763 1830; x_wconf 86' lang='lat' dir='ltr'><strong>ex</strong></span> <span class='ocrx_word' id='word_1_252' title='bbox 1794 1793 1903 1830; x_wconf 87' lang='lat' dir='ltr'><strong>bonis</strong></span> <span class='ocrx_word' id='word_1_253' title='bbox 1934 1793 1981 1830; x_wconf 84' lang='lat' dir='ltr'><strong>ad</strong></span> 
     </span>
     <span class='ocr_line' id='line_1_27' title="bbox 451 1848 1980 1903; baseline 0.002 -19"><span class='ocrx_word' id='word_1_254' title='bbox 451 1849 548 1885; x_wconf 88' lang='lat' dir='ltr'><strong>dicta</strong></span> <span class='ocrx_word' id='word_1_255' title='bbox 567 1848 838 1898; x_wconf 87' lang='lat' dir='ltr'><strong>pertinentibus</strong></span> <span class='ocrx_word' id='word_1_256' title='bbox 857 1855 1070 1887; x_wconf 86' lang='lat' dir='ltr'><strong>testamenta</strong></span> <span class='ocrx_word' id='word_1_257' title='bbox 1084 1881 1092 1897; x_wconf 69' lang='grc'><em>,</em></span> <span class='ocrx_word' id='word_1_258' title='bbox 1113 1852 1150 1888; x_wconf 93' lang='lat' dir='ltr'><strong>in</strong></span> <span class='ocrx_word' id='word_1_259' title='bbox 1166 1865 1239 1902; x_wconf 90' lang='lat' dir='ltr'><strong>qua</strong></span> <span class='ocrx_word' id='word_1_260' title='bbox 1254 1852 1434 1903; x_wconf 88' lang='lat' dir='ltr'><strong>pecuniae</strong></span> <span class='ocrx_word' id='word_1_261' title='bbox 1449 1865 1593 1889; x_wconf 88' lang='lat' dir='ltr'><strong>summa</strong></span> <span class='ocrx_word' id='word_1_262' title='bbox 1611 1852 1797 1902; x_wconf 86' lang='lat' dir='ltr'><strong>praefatus</strong></span> <span class='ocrx_word' id='word_1_263' title='bbox 1810 1851 1851 1888; x_wconf 89' lang='lat' dir='ltr'><strong>L.</strong></span> <span class='ocrx_word' id='word_1_264' title='bbox 1866 1850 1980 1887; x_wconf 88' lang='lat' dir='ltr'><strong>teneri</strong></span> 
     </span>
     <span class='ocr_line' id='line_1_28' title="bbox 451 1907 1980 1960; baseline 0.002 -18"><span class='ocrx_word' id='word_1_265' title='bbox 451 1907 646 1943; x_wconf 84' lang='lat' dir='ltr'><strong>dicebatur</strong></span> <span class='ocrx_word' id='word_1_266' title='bbox 667 1920 729 1943; x_wconf 89' lang='lat' dir='ltr'><strong>seu</strong></span> <span class='ocrx_word' id='word_1_267' title='bbox 751 1908 972 1945; x_wconf 84' lang='lat' dir='ltr'><strong>narrabatur</strong></span> <span class='ocrx_word' id='word_1_268' title='bbox 989 1909 1025 1945; x_wconf 94' lang='lat' dir='ltr'><strong>in</strong></span> <span class='ocrx_word' id='word_1_269' title='bbox 1046 1910 1218 1960; x_wconf 84' lang='lat' dir='ltr'><strong>praefatis</strong></span> <span class='ocrx_word' id='word_1_270' title='bbox 1237 1911 1366 1947; x_wconf 80' lang='lat' dir='ltr'><strong>vestris</strong></span> <span class='ocrx_word' id='word_1_271' title='bbox 1387 1910 1727 1960; x_wconf 77' lang='lat' dir='ltr'><strong>litterisoccasione</strong></span> <span class='ocrx_word' id='word_1_272' title='bbox 1741 1909 1854 1959; x_wconf 84' lang='lat' dir='ltr'><strong>partis</strong></span> <span class='ocrx_word' id='word_1_273' title='bbox 1867 1908 1980 1945; x_wconf 90' lang='lat' dir='ltr'><strong>bono-</strong></span> 
     </span>
     <span class='ocr_line' id='line_1_29' title="bbox 451 1965 1979 2019; baseline 0.002 -19"><span class='ocrx_word' id='word_1_274' title='bbox 451 1979 534 2001; x_wconf 89' lang='lat' dir='ltr'><strong>rum</strong></span> <span class='ocrx_word' id='word_1_275' title='bbox 563 1965 748 2002; x_wconf 86' lang='lat' dir='ltr'><strong>dictorum</strong></span> <span class='ocrx_word' id='word_1_276' title='bbox 775 1971 988 2004; x_wconf 86' lang='lat' dir='ltr'><strong>testatorum</strong></span> <span class='ocrx_word' id='word_1_277' title='bbox 1021 1981 1116 2018; x_wconf 88' lang='lat' dir='ltr'><strong>quae</strong></span> <span class='ocrx_word' id='word_1_278' title='bbox 1147 1969 1193 2005; x_wconf 86' lang='lat' dir='ltr'><strong>ad</strong></span> <span class='ocrx_word' id='word_1_279' title='bbox 1220 1969 1342 2019; x_wconf 90' lang='lat' dir='ltr'><strong>ipsum</strong></span> <span class='ocrx_word' id='word_1_280' title='bbox 1373 1968 1560 2019; x_wconf 76' lang='lat' dir='ltr'><strong>pervenit,</strong></span> <span class='ocrx_word' id='word_1_281' title='bbox 1589 1968 1793 2005; x_wconf 91' lang='lat' dir='ltr'><strong>secundum</strong></span> <span class='ocrx_word' id='word_1_282' title='bbox 1824 1967 1979 2013; x_wconf 88' lang='lat' dir='ltr'><strong>bonam‚</strong></span> 
     </span>
     <span class='ocr_line' id='line_1_30' title="bbox 452 2023 1980 2077; baseline 0.001 -18"><span class='ocrx_word' id='word_1_283' title='bbox 452 2023 695 2060; x_wconf 83' lang='lat' dir='ltr'><strong>sufficientem</strong></span> <span class='ocrx_word' id='word_1_284' title='bbox 720 2028 755 2060; x_wconf 91' lang='lat' dir='ltr'><strong>et</strong></span> <span class='ocrx_word' id='word_1_285' title='bbox 777 2024 977 2075; x_wconf 85' lang='lat' dir='ltr'><strong>legitimam</strong></span> <span class='ocrx_word' id='word_1_286' title='bbox 1003 2026 1318 2076; x_wconf 88' lang='lat' dir='ltr'><strong>computationem</strong></span> <span class='ocrx_word' id='word_1_287' title='bbox 1337 2040 1404 2077; x_wconf 89' lang='lat' dir='ltr'><strong>per</strong></span> <span class='ocrx_word' id='word_1_288' title='bbox 1420 2026 1539 2063; x_wconf 88' lang='lat' dir='ltr'><strong>dictos</strong></span> <span class='ocrx_word' id='word_1_289' title='bbox 1556 2030 1769 2062; x_wconf 84' lang='lat' dir='ltr'><strong>executores</strong></span> <span class='ocrx_word' id='word_1_290' title='bbox 1786 2025 1825 2061; x_wconf 92' lang='lat' dir='ltr'><strong>in</strong></span> <span class='ocrx_word' id='word_1_291' title='bbox 1842 2028 1980 2070; x_wconf 81' lang='lat' dir='ltr'><strong>vestra,</strong></span> 
     </span>
     <span class='ocr_line' id='line_1_31' title="bbox 450 2081 1980 2135; baseline 0.001 -18"><span class='ocrx_word' id='word_1_292' title='bbox 450 2081 600 2118; x_wconf 89' lang='lat' dir='ltr'><strong>dominc</strong></span> <span class='ocrx_word' id='word_1_293' title='bbox 626 2082 810 2128; x_wconf 70' lang='lat' dir='ltr'><strong>officialis,</strong></span> <span class='ocrx_word' id='word_1_294' title='bbox 834 2084 1038 2133; x_wconf 87' lang='lat' dir='ltr'><strong>praesentia</strong></span> <span class='ocrx_word' id='word_1_295' title='bbox 1058 2085 1208 2130; x_wconf 66' lang='lat' dir='ltr'><strong>factam,</strong></span> <span class='ocrx_word' id='word_1_296' title='bbox 1227 2085 1273 2121; x_wconf 89' lang='lat' dir='ltr'><strong>ad</strong></span> <span class='ocrx_word' id='word_1_297' title='bbox 1292 2098 1404 2135; x_wconf 90' lang='lat' dir='ltr'><strong>quam</strong></span> <span class='ocrx_word' id='word_1_298' title='bbox 1431 2085 1540 2121; x_wconf 85' lang='lat' dir='ltr'><strong>etiam</strong></span> <span class='ocrx_word' id='word_1_299' title='bbox 1563 2083 1877 2134; x_wconf 87' lang='lat' dir='ltr'><strong>computationem</strong></span> <span class='ocrx_word' id='word_1_300' title='bbox 1898 2082 1980 2118; x_wconf 89' lang='lat' dir='ltr'><strong>dic-</strong></span> 
     </span>
     <span class='ocr_line' id='line_1_32' title="bbox 451 2140 1979 2194; baseline 0.001 -19"><span class='ocrx_word' id='word_1_301' title='bbox 451 2145 508 2176; x_wconf 89' lang='lat' dir='ltr'><strong>tus</strong></span> <span class='ocrx_word' id='word_1_302' title='bbox 529 2140 566 2176; x_wconf 85' lang='lat' dir='ltr'><strong>L.</strong></span> <span class='ocrx_word' id='word_1_303' title='bbox 585 2144 736 2176; x_wconf 88' lang='lat' dir='ltr'><strong>vocatus</strong></span> <span class='ocrx_word' id='word_1_304' title='bbox 755 2145 790 2177; x_wconf 89' lang='lat' dir='ltr'><strong>et</strong></span> <span class='ocrx_word' id='word_1_305' title='bbox 810 2147 1029 2191; x_wconf 87' lang='lat' dir='ltr'><strong>procurator</strong></span> <span class='ocrx_word' id='word_1_306' title='bbox 1045 2156 1134 2180; x_wconf 89' lang='lat' dir='ltr'><strong>suus</strong></span> <span class='ocrx_word' id='word_1_307' title='bbox 1153 2157 1324 2194; x_wconf 88' lang='lat' dir='ltr'><strong>praesens</strong></span> <span class='ocrx_word' id='word_1_308' title='bbox 1347 2143 1458 2180; x_wconf 77' lang='lat' dir='ltr'><strong>fuisse</strong></span> <span class='ocrx_word' id='word_1_309' title='bbox 1476 2143 1622 2180; x_wconf 90' lang='lat' dir='ltr'><strong>dicitur.</strong></span> <span class='ocrx_word' id='word_1_310' title='bbox 1646 2143 1691 2179; x_wconf 90' lang='lat' dir='ltr'><strong>Et</strong></span> <span class='ocrx_word' id='word_1_311' title='bbox 1713 2141 1860 2178; x_wconf 85' lang='lat' dir='ltr'><strong>tandem</strong></span> <span class='ocrx_word' id='word_1_312' title='bbox 1882 2140 1979 2177; x_wconf 88' lang='lat' dir='ltr'><strong>idem</strong></span> 
     </span>
     <span class='ocr_line' id='line_1_33' title="bbox 451 2200 1976 2254; baseline 0 -19"><span class='ocrx_word' id='word_1_313' title='bbox 451 2200 489 2236; x_wconf 85' lang='lat' dir='ltr'><strong>L.</strong></span> <span class='ocrx_word' id='word_1_314' title='bbox 510 2200 554 2235; x_wconf 87' lang='lat' dir='ltr'><strong>ad</strong></span> <span class='ocrx_word' id='word_1_315' title='bbox 575 2201 794 2237; x_wconf 88' lang='lat' dir='ltr'><strong>solutionem</strong></span> <span class='ocrx_word' id='word_1_316' title='bbox 820 2203 1067 2253; x_wconf 82' lang='lat' dir='ltr'><strong>praescriptae</strong></span> <span class='ocrx_word' id='word_1_317' title='bbox 1090 2204 1306 2254; x_wconf 86' lang='lat' dir='ltr'><strong>quantitatis</strong></span> <span class='ocrx_word' id='word_1_318' title='bbox 1333 2208 1397 2240; x_wconf 88' lang='lat' dir='ltr'><strong>aut</strong></span> <span class='ocrx_word' id='word_1_319' title='bbox 1422 2216 1588 2240; x_wconf 87' lang='lat' dir='ltr'><strong>summae</strong></span> <span class='ocrx_word' id='word_1_320' title='bbox 1610 2201 1790 2253; x_wconf 89' lang='lat' dir='ltr'><strong>pecuniae</strong></span> <span class='ocrx_word' id='word_1_321' title='bbox 1812 2213 1879 2250; x_wconf 91' lang='lat' dir='ltr'><strong>per</strong></span> <span class='ocrx_word' id='word_1_322' title='bbox 1894 2212 1976 2245; x_wconf 73' lang='lat' dir='ltr'><strong>vos,</strong></span> 
     </span>
     <span class='ocr_line' id='line_1_34' title="bbox 450 2259 1975 2313; baseline 0.001 -20"><span class='ocrx_word' id='word_1_323' title='bbox 450 2259 600 2294; x_wconf 91' lang='lat' dir='ltr'><strong>domine</strong></span> <span class='ocrx_word' id='word_1_324' title='bbox 629 2260 811 2305; x_wconf 63' lang='lat' dir='ltr'><strong>officialis„</strong></span> <span class='ocrx_word' id='word_1_325' title='bbox 844 2262 1108 2299; x_wconf 85' lang='lat' dir='ltr'><strong>sententialiter</strong></span> <span class='ocrx_word' id='word_1_326' title='bbox 1137 2263 1451 2313; x_wconf 63' lang='lat' dir='ltr'><strong>condempnatus,</strong></span> <span class='ocrx_word' id='word_1_327' title='bbox 1477 2262 1572 2311; x_wconf 83' lang='lat' dir='ltr'><strong>juris</strong></span> <span class='ocrx_word' id='word_1_328' title='bbox 1603 2260 1735 2298; x_wconf 90' lang='lat' dir='ltr'><strong>ordine</strong></span> <span class='ocrx_word' id='word_1_329' title='bbox 1761 2259 1975 2305; x_wconf 82' lang='lat' dir='ltr'><strong>observato,</strong></span> 
     </span>
     <span class='ocr_line' id='line_1_35' title="bbox 450 2315 1974 2369; baseline -0.001 -17"><span class='ocrx_word' id='word_1_330' title='bbox 450 2320 559 2365; x_wconf 89' lang='lat' dir='ltr'><strong>prout</strong></span> <span class='ocrx_word' id='word_1_331' title='bbox 583 2315 672 2352; x_wconf 87' lang='lat' dir='ltr'><strong>haee</strong></span> <span class='ocrx_word' id='word_1_332' title='bbox 695 2322 730 2353; x_wconf 84' lang='lat' dir='ltr'><strong>et</strong></span> <span class='ocrx_word' id='word_1_333' title='bbox 756 2318 825 2354; x_wconf 86' lang='lat' dir='ltr'><strong>alia</strong></span> <span class='ocrx_word' id='word_1_334' title='bbox 852 2320 1032 2369; x_wconf 85' lang='lat' dir='ltr'><strong>quaedam</strong></span> <span class='ocrx_word' id='word_1_335' title='bbox 1058 2334 1145 2357; x_wconf 93' lang='lat' dir='ltr'><strong>vero</strong></span> <span class='ocrx_word' id='word_1_336' title='bbox 1172 2334 1246 2357; x_wconf 91' lang='lat' dir='ltr'><strong>non</strong></span> <span class='ocrx_word' id='word_1_337' title='bbox 1272 2333 1434 2357; x_wconf 84' lang='lat' dir='ltr'><strong>consona</strong></span> <span class='ocrx_word' id='word_1_338' title='bbox 1460 2319 1567 2357; x_wconf 88' lang='lat' dir='ltr'><strong>vobis</strong></span> <span class='ocrx_word' id='word_1_339' title='bbox 1594 2318 1760 2355; x_wconf 88' lang='lat' dir='ltr'><strong>intimata</strong></span> <span class='ocrx_word' id='word_1_340' title='bbox 1785 2316 1974 2361; x_wconf 80' lang='lat' dir='ltr'><strong>videntur,</strong></span> 
     </span>
     <span class='ocr_line' id='line_1_36' title="bbox 449 2374 1974 2428; baseline 0.001 -19"><span class='ocrx_word' id='word_1_341' title='bbox 449 2379 484 2410; x_wconf 87' lang='lat' dir='ltr'><strong>ct</strong></span> <span class='ocrx_word' id='word_1_342' title='bbox 509 2374 544 2410; x_wconf 88' lang='lat' dir='ltr'><strong>in</strong></span> <span class='ocrx_word' id='word_1_343' title='bbox 570 2374 677 2411; x_wconf 88' lang='lat' dir='ltr'><strong>dictis</strong></span> <span class='ocrx_word' id='word_1_344' title='bbox 703 2377 832 2413; x_wconf 87' lang='lat' dir='ltr'><strong>vestris</strong></span> <span class='ocrx_word' id='word_1_345' title='bbox 851 2378 980 2415; x_wconf 81' lang='lat' dir='ltr'><strong>litteris</strong></span> <span class='ocrx_word' id='word_1_346' title='bbox 1006 2379 1126 2428; x_wconf 82' lang='lat' dir='ltr'><strong>sigillo</strong></span> <span class='ocrx_word' id='word_1_347' title='bbox 1150 2380 1274 2416; x_wconf 88' lang='lat' dir='ltr'><strong>curiae</strong></span> <span class='ocrx_word' id='word_1_348' title='bbox 1294 2379 1537 2416; x_wconf 72' lang='lat' dir='ltr'><strong>&#39;romanensis</strong></span> <span class='ocrx_word' id='word_1_349' title='bbox 1567 2375 1733 2428; x_wconf 79' lang='lat' dir='ltr'><strong>sigillatis</strong></span> <span class='ocrx_word' id='word_1_350' title='bbox 1751 2388 1793 2412; x_wconf 90' lang='lat' dir='ltr'><strong>ac</strong></span> <span class='ocrx_word' id='word_1_351' title='bbox 1811 2374 1848 2411; x_wconf 94' lang='lat' dir='ltr'><strong>in</strong></span> <span class='ocrx_word' id='word_1_352' title='bbox 1867 2386 1974 2424; x_wconf 87' lang='lat' dir='ltr'><strong>prae-</strong></span> 
     </span>
    </p>
   </div>
  </div>
 </body>
</html>
