2184 3074
483 288 556 343 59⁶2
1031 299 1190 337 conssx
1217 300 1462 338 DUNENSIS.

483 422 671 467 ecclesias,
691 421 770 457 loca
795 423 905 469 atque
927 418 1043 463 bona,
1062 417 1301 454 adhaerentes
1318 429 1384 454 seu
1405 417 1604 455 adhaerere
1624 421 1788 460 volentes
1807 423 1945 461 eisdem
1972 427 2008 460 et

485 481 652 531 ipsorum
670 477 839 514 omnium
858 480 992 513 statum
1012 479 1047 512 et
1062 475 1160 511 bona
1178 474 1398 525 protectioni
1417 473 1523 512 Sedis
1541 476 1791 527 Apostolieae‚
1804 485 2009 530 protestans

486 538 637 575 nomine
661 549 737 586 quo
762 547 874 586 supra
899 533 945 570 de
969 533 1066 570 dicta
1088 533 1350 583 provocatione
1377 546 1441 569 seu
1471 534 1718 584 appellatione
1741 537 1952 575 innovanda
1973 542 2010 575 et

487 595 712 634 notificanda
726 623 734 639 ,
758 592 964 630 secundum
991 591 1093 643 quod
1115 591 1200 640 jura
1225 591 1438 641 requirunt,
1461 592 1542 629 loco
1566 597 1602 630 et
1623 598 1787 646 tempore
1800 596 2009 648 oportunis,

486 669 561 693 non
589 653 794 703 astringens
819 665 877 688 me
902 651 948 687 ad
974 651 1099 687 omnia
1122 649 1323 701 praemissa
1345 650 1554 700 probanda⁷
1573 652 1637 689 sed
1661 654 1762 704 quod
1786 655 1944 693 sufficiat
1965 668 2011 692 ex

484 725 704 764 praemussns.

1206 782 1318 795 ,0,-

1157 915 1342 952 CCLXIX.

1705 1009 1720 1022 0

557 1035 744 1074 Demande
766 1034 809 1071 de
830 1034 987 1083 pouvoir
1010 1032 1152 1070 alienor
1171 1033 1234 1070 des
1258 1032 1467 1071 immeubles
1487 1046 1587 1083 pour
1606 1035 1706 1085 faire
1729 1036 1809 1086 face
1832 1038 1856 1074 ἀ
1876 1037 1938 1074 des

1070 1090 1209 1128 besoins
1226 1097 1427 1140 pressante.

534 1291 626 1328 Cum
650 1287 840 1325 ecclesiam
864 1289 1028 1322 nostram
1052 1284 1183 1334 grandi
1205 1284 1417 1322 debitorum
1442 1285 1584 1322 sarcina
1601 1299 1646 1323 ex
1665 1287 1936 1338 multiplicibus
1953 1289 2014 1325 in-

485 1347 658 1386 fortuniis
683 1344 919 1395 dispendiose
942 1343 1052 1379 nimis
1077 1343 1350 1392 emergentibus
1376 1347 1667 1393 praegravatam,
1689 1345 1874 1382 desectum
1901 1345 2011 1382 etiam

486 1419 654 1444 annonae
669 1418 736 1455 pro
754 1404 880 1440 futuro
898 1406 1062 1452 tempore
1079 1415 1198 1452 usque
1210 1401 1256 1438 ad
1270 1414 1425 1438 messem
1439 1402 1656 1452 patientem,
1673 1403 1766 1439 varii
1783 1408 1916 1440 vexent
1932 1416 2014 1441 cre-

487 1466 623 1503 ditores
650 1462 899 1514 importunius
921 1465 957 1498 et
974 1474 1062 1511 prae
1082 1459 1328 1497 satisfaciendi
1348 1459 1564 1510 impotentia
1582 1461 1797 1498 eorumdem
1820 1456 2012 1502 conventi—

488 1525 558 1562 bus
576 1536 649 1560 non
668 1521 818 1559 servatis
837 1533 904 1557 nos
920 1519 1062 1572 ubique
1079 1518 1271 1555 diffament
1287 1523 1322 1555 et
1345 1519 1534 1554 minentur
1551 1532 1617 1569 per
1635 1519 1807 1557 dominos
1828 1524 2015 1571 tempora—

489 1585 539 1620 les
557 1587 592 1619 et
613 1581 703 1618 alios
733 1593 771 1617 se
795 1578 1009 1628 hujusmodi
1033 1577 1157 1614 debita
1181 1581 1393 1622 exacturos,
1417 1576 1518 1613 unde
1541 1577 1692 1614 deberet
1717 1582 1841 1616 nostra
1863 1572 2015 1627 ecclesia

489 1640 703 1692 gravissima
728 1637 920 1688 dispendia
943 1636 1140 1681 sustinete,
1165 1648 1325 1685 nosque,
1349 1635 1551 1685 diligentiis
1578 1648 1663 1672 cum
1690 1636 1892 1673 venerabili
1913 1641 2022 1687 patres

490 1698 643 1736 domino
675 1697 806 1733 abbate
832 1699 958 1732 nostro
984 1694 1120 1731 habitis
1149 1698 1185 1730 et
1210 1693 1279 1730 viis
1306 1693 1499 1743 exquisitis
1529 1698 1565 1730 et
1589 1693 1711 1731 modis
1737 1694 1876 1744 quibus
1902 1691 1956 1732 tot
1980 1698 2018 1732 et

491 1757 600 1795 tantis
626 1755 800 1806 periculis
830 1767 1023 1791 occurrere
1049 1753 1254 1798 valeamus7
1279 1765 1353 1789 non
1380 1752 1590 1789 invenimus
1618 1752 1688 1789 nisi
1714 1766 1780 1803 per
1804 1753 2016 1804 aliquorum

492 1814 739 1852 immobilium
760 1812 1032 1849 distractionem
1053 1824 1123 1861 ope
1142 1815 1177 1848 et
1193 1815 1401 1848 vestrorum
1425 1811 1580 1848 consilio
1602 1811 1824 1858 faciendam,
1843 1812 1882 1848 in
1904 1824 2016 1862 quam

491 1886 620 1910 omnes
638 1871 892 1909 consensimus
911 1875 946 1907 et
968 1870 1077 1906 etiam
1097 1870 1364 1913 consentimus,
1383 1869 1553 1906 devotius
1571 1870 1820 1920 supplicantes
1842 1870 2018 1920 quatinus

491 1932 656 1970 eamdem
677 1944 795 1981 usque
813 1930 856 1966 ad
873 1929 1034 1966 valorem
1047 1958 1200 1974 .......
1217 1929 1282 1965 ubi
1302 1928 1534 1965 commodius
1552 1927 1768 1978 poterimus,
1786 1927 2018 1978 permittatis,

492 2003 575 2026 cum
607 1989 697 2026 alias
727 1988 834 2025 nobis
865 1991 1114 2037 competenter
1139 1990 1297 2037 nequeat
1326 1985 1535 2032 subveniri,
1557 1998 1625 2023 nec
1650 1985 1688 2021 in
1714 1986 1865 2023 ecclesia
1893 1989 2018 2023 nostra

494 2049 590 2085 bona
608 2047 840 2098 reperiantur
850 2045 1009 2082 ‘mobilia
1027 2045 1127 2082 unde
1145 2045 1252 2082 dictis
1270 2044 1516 2081 creditoribus
1533 2043 1740 2081 satisfacere
1756 2044 1954 2081 valeamus.
