2184 3074
475 355 551 391 414
1026 353 1187 391 CODEX
1212 352 1459 392 DUNENSIS.

479 482 607 507 eorum
634 469 841 515 confirmet,
863 469 893 506 si
918 469 1108 518 contingat
1132 481 1194 506 eos
1219 481 1296 506 non
1323 470 1525 520 complere,
1553 483 1629 508 non
1655 476 1778 510 tenere
1801 477 1837 510 et
1860 487 2004 512 servare

479 527 679 580 praemissa
707 527 745 564 in
770 527 878 564 dictis
901 527 1031 564 litteris
1056 526 1323 577 comprehensa
1346 532 1411 565 aut
1435 541 1496 566 eos
1520 533 1648 567 contra
1671 543 1714 567 ea
1736 533 2004 582 quoquomodo

477 587 602 624 venire
613 615 622 632 ,
641 586 787 636 ipsique
804 585 1048 622 Flandrenses
1065 584 1238 622 dubitent
1255 598 1301 622 ne
1318 585 1407 623 dicti
1426 590 1638 624 tractatores
1651 592 1735 638 post
1746 588 1883 626 dictam
1898 590 2005 640 prin-

477 645 632 695 cipalem
651 656 779 694 pacem
798 647 988 680 tractatam
1005 642 1083 680 suis
1100 643 1232 680 litteris
1249 643 1555 694 comprehensam
1568 658 1681 696 quam
1696 646 1785 684 dicti
1799 647 2004 686 Flandren-

475 716 530 740 ses
559 703 598 739 in
620 714 688 739 suo
711 701 854 751 vulgari
878 701 966 751 ipsis
991 701 1195 752 expositam
1219 702 1328 752 plene
1346 707 1540 748 noverant,
1559 703 1704 754 aliquos
1721 704 1813 743 alios
1829 706 2004 745 articulos

475 761 712 798 tractaverint
735 760 775 796 in
804 759 885 797 aliis
910 759 986 797 suis
1011 759 1142 797 litteris
1169 760 1475 810 comprehensos,
1493 774 1587 812 quos
1609 762 1780 813 ignorent
1801 763 1871 814 ipsi
1891 764 2004 802 Flan-

473 820 641 865 drenses,
669 823 705 855 et
721 818 797 855 imo
816 818 990 855 dubitent
1010 831 1048 855 se
1065 818 1195 868 poenis
1217 819 1612 857 excommunicationis
1629 821 1687 858 vel
1709 821 1896 859 interdicti
1913 835 2005 873 sup—
2026 859 2031 864 ,

474 890 611 928 ponere
627 889 696 927 pro
716 876 851 913 talibus
870 876 1051 922 articulis,
1068 876 1098 914 si
1118 876 1184 927 qui
1205 877 1418 915 concordati
1437 878 1577 916 suerint
1597 891 1692 929 quos
1715 879 1910 929 ignorant:
1937 892 2004 917 nos

473 948 584 985 super
610 935 682 972 hiis
707 948 836 972 eorum
866 935 1053 972 securitati
1079 935 1275 986 providere
1300 937 1484 984 volentes,
1508 937 1739 975 declaramus
1767 938 1907 976 eisdem
1932 942 2004 977 tres

474 992 648 1030 articulos
661 992 726 1043 qui
745 1005 812 1043 per
828 992 947 1030 dictos
965 996 1177 1031 tractatores
1195 998 1278 1044 post
1295 994 1432 1032 dictam
1452 1007 1580 1045 pacem
1599 995 1843 1046 principalem
1860 1009 1927 1047 per
1943 1009 2004 1034 eos

475 1051 701 1101 publicatam
721 1051 934 1088 concordati
952 1051 1112 1088 suerunt.

520 1109 615 1145 Cum
634 1108 733 1145 enim
753 1109 790 1144 in
810 1121 899 1158 pace
917 1109 1104 1158 praedicta
1128 1109 1361 1146 contineatur
1383 1109 1486 1160 quod
1507 1110 1682 1147 fortalitia
1704 1111 1873 1162 quinque
1896 1112 2005 1150 villa-

474 1181 556 1205 rum
570 1167 835 1218 principalium
849 1167 895 1204 de
908 1167 937 1204 F
940 1168 1083 1204 landria
1096 1168 1244 1218 penitus
1258 1168 1466 1215 diruantur,
1484 1168 1709 1206 addiderunt
1725 1173 1851 1220 postea
1869 1173 2004 1207 tracta-

473 1232 570 1264 tores
589 1226 692 1277 quod
710 1226 809 1263 idem
828 1226 890 1263 fiet
903 1226 949 1262 de
963 1226 1114 1264 caeteris
1129 1226 1305 1263 omnibus
1319 1226 1504 1264 fortalitiis
1519 1227 1558 1263 in
1573 1227 1747 1264 Flandria
1760 1227 2004 1266 existentibus

473 1285 575 1336 quod
593 1284 763 1322 similiter
781 1284 990 1323 diruantur.

520 1345 609 1382 Item
621 1374 630 1390 ,
649 1357 734 1381 cum
754 1344 792 1381 in
810 1343 998 1394 praedicta
1017 1357 1107 1394 paee
1125 1344 1359 1381 contineatur
1374 1343 1478 1395 quod
1498 1357 1565 1381 nos
1589 1343 1658 1381 tria
1682 1343 1784 1380 milia
1807 1343 2003 1382 hominum

472 1403 580 1439 villae
599 1407 633 1439 et
650 1402 883 1440 castellaniae
898 1401 1098 1453 Brugensis
1111 1415 1303 1453 possemus
1317 1403 1466 1453 eligere,
1480 1402 1545 1453 qui
1561 1406 1676 1439 certas
1690 1402 2003 1452 peregrinationes

474 1462 591 1498 facere
608 1461 767 1498 debeant
782 1474 849 1511 per
863 1473 931 1498 nos
945 1461 1192 1511 injungendas
1205 1461 1313 1510 juxta
1328 1460 1482 1497 modum
1497 1464 1534 1497 et
1545 1460 1703 1496 formam
1718 1459 1758 1496 in
1771 1459 1890 1497 dictae
1903 1458 2004 1510 pacis

472 1519 601 1556 litteris
620 1520 767 1569 plenius
790 1519 1094 1570 comprehensas,
1112 1519 1201 1556 dicti
1227 1522 1439 1556 tractatores
1465 1531 1533 1568 pro
1559 1517 1814 1568 Brugensibus
1836 1522 2004 1568 postmo-

472 1578 562 1614 dum
588 1591 607 1613 a
631 1577 739 1614 nobis
765 1577 921 1627 gratiam
948 1577 1181 1628 impetrando
1206 1590 1317 1627 super
1338 1576 1414 1613 hoc
1435 1575 1592 1612 articulo
1615 1588 1771 1626 poenam
1790 1575 2004 1626 peregrina-

472 1635 581 1672 tionis
602 1635 815 1684 hujusmodi
834 1636 872 1672 in
889 1635 1086 1686 pecuniam
1104 1638 1373 1681 convertentes,
1389 1634 1662 1671 concordarunt
1679 1633 1782 1684 quod
1797 1634 1878 1671 loco
1892 1647 2001 1684 pere-

471 1693 690 1744 grinationis
705 1693 821 1744 ipsius
835 1693 1020 1731 dictorum
1035 1693 1148 1730 trium
1163 1692 1308 1729 milium
1319 1692 1516 1729 hominum
1531 1695 1691 1728 trecenta
1705 1691 1807 1728 milia
1821 1691 2001 1729 librarum

470 1765 669 1803 parvorum
689 1756 724 1788 et
742 1752 894 1788 sortium
917 1751 1191 1788 Turonensium
1219 1750 1327 1787 nobis
1355 1753 1541 1800 praestent
1567 1749 1613 1786 ad
1642 1749 1819 1787 terminos
1846 1763 1915 1800 per
1939 1763 2001 1788 eos

470 1823 672 1861 expressos.

519 1870 608 1906 Item
627 1882 711 1906 cum
728 1869 971 1906 Flandrenses
989 1882 1034 1905 ex
1051 1868 1149 1905 dicta
1165 1881 1255 1919 pace
1272 1866 1470 1918 principali
1488 1865 1557 1904 XX
1569 1866 1671 1903 milia
1686 1865 1865 1903 librarum
1881 1865 2001 1903 Turo-

473 1927 643 1964 nensium
659 1927 811 1963 sortium
828 1927 996 1976 perpetui
1015 1925 1181 1963 redditus
1202 1926 1240 1961 in
1260 1925 1349 1962 locis
1368 1924 1406 1961 in
1425 1937 1514 1974 pace
1531 1923 1716 1961 contentis
1732 1923 1840 1960 nobis
1860 1923 1949 1961 dare
1965 1928 2001 1960 et

469 1985 629 2022 assidere
642 1985 816 2031 debeant,
831 1984 919 2021 dicti
936 1988 1146 2021 tractatores
1160 1983 1398 2034 postmodum
1412 1983 1658 2018 immutarunt
1673 1981 1775 2032 quod
1790 1994 1858 2032 pro
1872 1981 1999 2018 decem

469 2043 622 2080 milibus
646 2043 827 2080 librarum
853 2047 969 2079 terrae
994 2056 1039 2079 ex
1062 2042 1171 2079 dictis
1193 2041 1262 2079 XX
1285 2041 1438 2078 milibus
1460 2040 1550 2077 dicti
1567 2039 1813 2076 Flandrenses
1832 2039 1998 2077 terminis

468 2115 535 2151 per
551 2115 612 2140 eos
630 2101 812 2152 expressis
831 2101 989 2138 ducenta
1012 2100 1114 2138 milia
1141 2100 1322 2137 librarum
1345 2111 1545 2150 parvorum
1563 2102 1599 2135 et
1624 2098 1777 2135 sortium
1804 2099 1999 2136 Turonen-

469 2159 565 2196 sium
584 2160 692 2197 nohis
710 2160 797 2197 dare
814 2160 1001 2197 deberent.

516 2219 612 2255 Haec
635 2219 749 2268 igitur
772 2223 858 2256 sunt
881 2233 947 2270 per
968 2219 1086 2256 dictos
1110 2222 1321 2255 tractatores
1342 2222 1426 2268 post
1450 2216 1587 2254 dictam
1605 2229 1733 2267 pacem
1752 2215 1997 2267 principalem

467 2290 532 2327 per
549 2290 632 2314 suas
651 2277 780 2314 alteras
799 2277 936 2315 litteras
953 2277 1173 2315 concordata
1190 2290 1305 2328 quae,
1331 2276 1402 2313 nisi
1428 2288 1514 2312 cum
1541 2274 1692 2311 caeteris
1715 2274 1755 2311 in
1783 2274 1881 2311 dicta
1907 2287 1997 2324 paee

466 2334 661 2384 principali
681 2335 861 2372 contentis
880 2335 968 2372 dicti
988 2335 1231 2372 Flandrenses
1249 2334 1472 2385 compleant,
1490 2337 1639 2370 teneant
1652 2332 1808 2369 firmiter
1820 2335 1856 2368 et
1868 2331 1996 2368 obser-

468 2396 571 2437 vent,
590 2392 726 2429 debent
742 2392 778 2428 in
797 2394 1063 2430 sententiarum
1082 2394 1239 2430 latarum
1259 2397 1295 2429 et
1314 2391 1550 2429 ferendarum
1573 2394 1647 2427 tam
1665 2403 1686 2427 a
1703 2389 1780 2427 suis
1797 2388 1995 2426 ordinariis

471 2463 581 2500 quam
601 2463 620 2486 a
642 2463 787 2488 summo
805 2452 980 2501 pontifice
997 2465 1154 2502 poenam
1172 2451 1336 2488 incidere
1353 2453 1604 2487 memoratam.
