2184 3074
737 279 899 317 CODEX
928 279 1173 318 DUNENSlS.
1658 283 1720 321 ¹4¹

190 394 228 431 in
260 394 454 445 parrochia
485 394 532 431 de
564 394 734 432 Lokeruc
763 395 931 432 contrahi
964 396 1153 447 continget
1178 402 1214 433 et
1244 397 1446 434 solutiones
1477 398 1725 436 communiter

190 453 384 491 excereeri.
401 453 556 504 Insuper
570 453 711 491 dictum
726 453 969 503 assignatum,
990 459 1103 504 prout
1117 455 1287 505 superius
1301 460 1355 492 est
1367 469 1598 506 expressum2
1619 469 1725 506 prae-

189 511 298 549 dictis
316 512 524 550 abbatissae
541 517 577 549 et
586 512 784 549 conventui
805 512 852 549 de
862 512 1023 558 Boscho‚
1039 513 1188 563 sibique
1206 514 1447 558 successuris,
1470 528 1537 551 nos
1556 520 1591 551 et
1609 514 1723 551 nostri

190 583 417 608 successores
447 570 662 621 gar-andire„
688 570 904 616 defendere,
935 570 1095 607 libcrum
1122 584 1274 622 quoque
1303 572 1350 609 ab
1381 572 1483 609 omni
1512 573 1722 623 calumpnia

189 641 335 665 servare
354 627 566 666 tenebimur
582 633 762 679 perpetuo
780 642 864 680 erga
884 642 1023 666 omnes.
1046 629 1091 667 Ut
1111 635 1232 667 autem
1254 630 1451 681 praemissa
1471 630 1587 667 robur
1606 631 1724 668 lii-mi-

190 684 273 723 tatis
286 685 479 723 obtineant
497 691 532 723 et
545 691 744 736 perpetuae
764 686 964 724 memoriae
981 687 1307 734 commendentur²
1326 693 1392 725 ctc.

239 742 427 782 Universis
450 750 658 794 praesentes
684 745 822 782 litteras
847 745 1069 796 inspecturis
1093 746 1204 783 frater
1227 746 1292 784 'rh'
1316 776 1323 782 .
1342 747 1389 783 de
1407 747 1527 784 Dunis
1552 753 1587 784 ct
1610 748 1652 785 N.
1678 748 1724 786 de

189 801 354 852 Capella,
367 802 456 839 dicti
475 803 642 849 abbates,
662 803 805 841 ordinis
823 803 1074 842 Cisterciensis
1088 803 1233 854 judices
1247 805 1322 842 dati
1337 805 1553 842 auctoritate
1571 806 1721 857 capituli

188 860 388 910 generalis,
406 861 573 898 salutem.

241 918 393 957 Noverit
409 919 630 957 universitas
653 925 772 957 vestra
791 920 894 970 quod
915 934 1000 957 cum
1025 921 1241 958 auctoritate
1259 921 1409 972 capituli
1430 922 1607 972 praedicti
1628 923 1723 960 inter

189 976 379 1027 religiosos
397 978 496 1015 viros
514 978 686 1015 abbatem
710 982 745 1015 ct
766 984 990 1015 conventum
1016 979 1062 1015 de
1085 979 1242 1025 Bodclo7
1268 994 1313 1017 ex
1333 993 1404 1017 una
1430 985 1551 1031 parte,
1577 986 1612 1018 et
1636 981 1723 1018 reli-

188 1034 308 1085 giosas
338 1035 512 1074 mulieres
536 1036 760 1075 abbatissam
789 1042 825 1075 et
850 1044 1074 1075 conventum
1102 1038 1148 1074 de
1175 1038 1337 1084 Boscho,
1365 1052 1410 1075 ex
1436 1039 1565 1084 altera,
1597 1052 1720 1076 coram

189 1092 298 1130 nobis
328 1095 495 1144 quaestio
522 1099 620 1132 mota
646 1101 740 1132 esset
764 1109 876 1147 super
905 1096 1051 1133 duabus
1079 1097 1246 1147 partibus
1271 1097 1499 1134 decimarum
1533 1098 1720 1135 novalium

188 1151 362 1188 ecclesiae
392 1152 635 1202 parrochialis
659 1153 706 1190 de
731 1154 920 1198 Lokerne,
951 1167 1043 1205 quas
1073 1155 1262 1205 quaelibet
1290 1155 1451 1205 partium
1477 1156 1724 1194 contendebat

189 1214 316 1247 contra
334 1211 486 1248 alteram
505 1212 551 1249 ad
570 1225 608 1249 se
626 1226 690 1250 seu
709 1227 813 1251 suam
832 1214 1021 1251 ecclesiam
1042 1214 1226 1264 pertinere
1252 1214 1298 1251 de
1316 1214 1416 1263 jure,
1442 1214 1610 1251 videlicet
1633 1215 1721 1252 dicti

188 1267 304 1306 abbas
328 1273 364 1306 et
385 1274 589 1308 conventus
617 1271 815 1309 innitentes
842 1272 990 1309 cuidam
1013 1272 1205 1309 donationi
1236 1273 1325 1338 ipsis
1347 1286 1412 1309 seu
1437 1273 1611 1309 ecclesiae
1636 1287 1723 1310 suae

189 1327 304 1364 sactae
323 1340 342 1364 a
360 1327 481 1365 bonae
506 1329 709 1367 memoriae
727 1330 788 1367 W.
796 1330 1016 1381 quondam
1035 1330 1064 1367 Γ
1066 1343 1109 1367 οι
1111 1344 1258 1367 nacensi
1282 1331 1472 1396 episcopo,
1495 1331 1613 1369 dictae
1637 1346 1722 1369 vero

189 1383 375 1422 abbatissa
393 1390 429 1423 et
443 1392 649 1425 conventus
666 1388 804 1438 gratiae
823 1387 928 1426 Sedis
948 1389 1180 1439 Apostolicae
1200 1403 1264 1440 per
1279 1403 1391 1440 quam
1406 1390 1457 1426 eis
1474 1403 1536 1426 scu
1551 1391 1723 1428 ccclesiae

188 1454 277 1479 suae
294 1444 549 1482 conceditur
539 1459 577 1482 ιιι
605 1445 702 1483 dicta
721 1447 916 1497 parrochia
943 1448 1132 1499 percipere
1154 1448 1315 1485 decimas
1343 1433 1549 1494 novalium
1585 1463 1651 1500 pro
1681 1463 1720 1487 ea

188 1501 358 1551 portione
376 1517 445 1553 pro
464 1517 539 1554 qua
565 1509 704 1542 veteres
731 1505 945 1556 percipiunt
970 1506 1007 1542 in
1030 1506 1175 1546 eadem
1203 1507 1380 1557 petitione
1402 1507 1488 1544 hinc
1514 1479 1599 1544 iiide
1625 1508 1720 1545 edita

188 1572 301 1610 super
317 1561 426 1599 dictis
441 1562 595 1601 decimis
613 1577 736 1601 coram
756 1565 883 1611 nobis,
898 1578 1074 1616 responso
1093 1579 1111 1602 a
1129 1547 1234 1616 'pai-tc
1251 1566 1417 1616 qualibet
1439 1567 1485 1602 ad
1505 1567 1720 1616 petitionem

188 1618 357 1667 alterius,
376 1634 451 1665 seu,
464 1621 528 1658 lite
546 1635 658 1673 super
682 1628 838 1674 utraque
860 1624 1037 1674 petitione
1058 1625 1312 1675 sollempniter
1329 1630 1547 1671 contestata,
1567 1626 1722 1676 praesti-

189 1682 303 1729 toque
326 1693 346 1716 a
372 1681 542 1730 partibus
567 1681 782 1731 juramento
805 1683 851 1719 de
876 1683 1089 1734 calumpnia
1120 1697 1184 1720 seu
1212 1684 1363 1721 veritate
1385 1684 1556 1721 dicenda.
1583 1685 1722 1722 instru-

189 1737 324 1775 mentis
352 1738 549 1789 utriusque
579 1740 693 1790 partis
722 1754 818 1791 quae
843 1741 1031 1791 quaelibet
1057 1755 1140 1792 pars
1166 1742 1341 1778 exhibere
1366 1742 1484 1779 voluit
1506 1742 1542 1779 in
1569 1743 1720 1780 modum

188 1795 420 1845 probationis
443 1797 480 1834 in
502 1798 668 1835 medium
687 1798 880 1843 exhibitis„
898 1799 1004 1850 copia
1023 1800 1235 1836 earumdem
1255 1799 1408 1836 cuilibet
1431 1801 1524 1850 parti
1548 1801 1656 1841 sacta,
1682 1808 1720 1838 ut

188 1853 363 1892 adversus
378 1868 419 1892 ea
433 1855 462 1892 si
478 1856 587 1893 vellet
605 1857 643 1893 in
658 1857 784 1907 aliquo
803 1857 962 1908 experiri
977 1858 1131 1895 valeret:
1152 1871 1235 1903 nos,
1253 1858 1405 1902 auditis,
1420 1859 1507 1895 visis
1521 1864 1556 1895 et
1575 1860 1719 1909 plenius

189 1912 383 1951 intellectis
409 1913 497 1951 hinc
526 1915 614 1952 inde
643 1916 843 1966 propositis
869 1921 904 1953 et
930 1930 1025 1966 quae
1048 1923 1168 1967 partes
1193 1930 1400 1967 proponere
1421 1917 1632 1961 voluerunt2
1653 1918 1720 1954 rite

189 1985 362 2022 processo
392 1973 430 2010 in
466 1973 566 2011 dicto
593 1974 740 2025 negotio
775 1975 872 2024 juris
901 1975 1033 2012 ordine
1061 1975 1098 2012 in
1127 1975 1302 2012 omnibus
1332 1975 1541 2020 observata,
1575 1976 1721 2012 conclu—

189 2043 306 2081 soque
329 2031 366 2068 in
383 2033 543 2083 negotio
562 2038 784 2079 memorato,
807 2034 964 2084 cognitis
984 2034 1181 2084 diligenter
1203 2034 1396 2084 utriusque
1415 2047 1544 2070 causae
1566 2034 1722 2079 meritis.>

189 2090 250 2127 die
271 2089 423 2127 demum
450 2091 619 2141 partibus
645 2092 830 2142 assignato
848 2093 894 2128 ad
915 2091 1177 2129 diffiniendum
1206 2092 1333 2138 semel,
1357 2091 1519 2128 secundo
1540 2098 1575 2128 et
1597 2093 1720 2131 tertio,

190 2149 358 2200 partibus
373 2149 411 2186 in
423 2149 509 2199 jure
522 2151 824 2201 comparentibus
839 2164 963 2188 coram
983 2151 1090 2188 nobis
1108 2151 1154 2187 de
1173 2151 1356 2187 bonorum
1371 2155 1407 2187 et
1416 2150 1719 2201 jurisperitorum

190 2208 347 2245 consilio
372 2207 593 2246 diffiniendo
615 2209 941 2260 pronuntiavimus
963 2209 1124 2246 decimas
1151 2209 1339 2245 novalium
1365 2209 1401 2245 in
1425 2209 1619 2259 parrochia
1642 2223 1720 2246 me-

190 2272 332 2304 morata
358 2281 378 2303 a
409 2266 538 2317 viginti
571 2268 678 2304 annis
708 2267 798 2304 eitra
825 2273 947 2304 ortum
977 2267 1192 2304 habentium
1221 2267 1266 2304 ad
1292 2267 1408 2305 dictas
1433 2267 1655 2305 abbatissam
1687 2275 1721 2305 rt

191 2331 414 2363 conventum
435 2326 586 2362 nomine
604 2339 691 2362 suae
708 2326 882 2363 ecclesiae
900 2339 967 2376 pro
993 2339 1032 2362 ea
1059 2326 1228 2376 portione
1255 2339 1322 2376 pro
1348 2339 1421 2375 qua
1449 2326 1659 2376 percipiunt
1684 2326 1720 2363 in

191 2384 319 2423 eadem
334 2384 544 2435 parrochia,
558 2384 744 2435 pertinere
757 2384 908 2430 debere,
924 2397 1036 2435 super
1051 2383 1246 2422 novalibus
1259 2397 1346 2420 vcro
1360 2389 1483 2420 ortum
1500 2383 1722 2421 habentibus
