2184 3074
744 335 906 375 conEx
933 336 1178 375 DUNENSIS.
1656 338 1728 379 ⁴95

192 456 335 495 bitione
353 469 418 494 seu
442 454 663 493 arestatione
687 453 845 503 alicujus
872 453 1016 491 domini
1045 453 1199 500 terreni,
1216 453 1410 505 justitiarii
1428 455 1485 493 vel
1505 454 1633 494 ballivi
1650 456 1728 494 sive

192 515 342 554 alterius
369 513 626 564 cujuscunque
655 524 835 563 personae
861 511 919 548 vel
949 511 1078 562 aliquo
1109 511 1183 549 alio
1210 511 1322 550 modo
1352 511 1602 555 dimittemus.
1632 514 1727 565 quin

192 573 318 610 omnia
347 577 384 610 et
412 571 557 623 singula
588 569 776 621 praedicta
805 569 962 607 firmiter
990 574 1027 607 et
1056 570 1219 621 legitime
1245 570 1346 608 dicto
1377 571 1539 609 Johanni
1562 572 1619 609 vel
1645 571 1726 623 ejus

191 632 368 670 mandato
390 635 580 669 teneamus
597 633 635 667 et
651 628 937 680 adimpleamus,
955 641 1024 679 pro
1041 628 1180 680 quibus
1196 629 1373 668 omnibus
1390 634 1426 667 et
1443 629 1601 681 singulis
1619 644 1727 681 prae-

190 689 300 728 dictis
315 690 471 727 firmiter
488 701 508 725 a
525 687 634 725 nobis
651 686 819 724 tenendis
844 691 880 724 et
901 687 1144 725 observandis
1162 687 1287 725 omnia
1305 688 1403 726 bona
1433 694 1557 726 nostra
1582 694 1618 726 et
1642 703 1725 728 mo-

190 748 338 786 nasterii
364 747 480 785 nostri
498 745 677 798 praedicti
704 745 857 783 mobilia
878 749 914 783 et
931 745 1158 792 immobilia,
1178 747 1382 797 praesentia
1404 751 1440 784 et
1465 748 1609 794 futura,
1638 748 1725 786 ubi-

188 806 337 858 eunque
361 805 611 851 inveniantur,
630 804 667 841 in
683 803 765 854 jus,
784 804 902 855 legem
924 808 960 841 et
982 804 1020 841 in
1046 804 1286 842 abandonum
1304 819 1390 856 erga
1412 818 1542 844 omnes
1559 806 1722 856 justitias

189 865 366 917 ponimus
384 864 593 916 specialiter
609 867 646 900 et
662 862 871 914 obligamus
889 862 936 900 ad
949 876 1044 914 opus
1057 863 1146 900 dicti
1167 863 1350 902 Johannis
1368 865 1424 902 vel
1441 864 1606 902 mandati
1621 866 1722 915 ejus-

187 923 284 961 dem.
294 922 566 962 Renuntiamus
580 921 703 968 etiam,
721 921 845 972 quoad
859 921 1071 971 praemissa,
1086 921 1189 959 omni
1203 922 1412 972 exceptioni
1429 923 1515 970 sori,
1530 923 1605 961 doli
1622 924 1722 970 mali,

191 995 267 1020 non
285 985 499 1019 numeratae
517 994 582 1018 seu
608 993 683 1017 non
707 983 895 1017 mutuatae
916 980 1096 1031 pecuniae
1113 981 1190 1018 sive
1208 994 1283 1018 non
1299 986 1485 1032 receptae,
1504 983 1607 1020 omni
1624 982 1721 1032 juris

187 1040 328 1079 auxilio
352 1038 522 1077 canonici
549 1042 585 1076 et
608 1038 742 1084 civilis,
769 1038 1021 1089 omnibusque
1048 1039 1306 1089 indulgentiis,
1324 1039 1468 1090 gratiis,
1494 1040 1720 1092 privilegiis,

186 1099 335 1145 litteris,
352 1096 643 1135 relaxationibus
662 1096 867 1147 impetratis
885 1110 949 1134 seu
969 1097 1210 1147 impetrandis
1224 1111 1243 1134 a
1261 1097 1570 1149 quibuscunque,
1584 1100 1722 1137 consti·

189 1157 323 1196 tutioni
343 1157 390 1194 de
415 1156 561 1194 duabus
583 1155 692 1192 dietis
713 1155 832 1192 editae
854 1155 892 1191 in
916 1155 1074 1192 concilio
1092 1156 1269 1205 generali,
1290 1156 1466 1194 omnibus
1484 1157 1720 1195 constitutio-

189 1215 318 1262 nibus,
337 1214 496 1266 legibus,
515 1212 850 1251 consuetudinibus
867 1217 903 1250 et
919 1213 1066 1251 statutis
1085 1214 1190 1251 novis
1216 1219 1252 1251 et
1269 1214 1469 1260 veteribus,
1489 1220 1525 1252 et
1542 1216 1719 1254 omnibus

188 1273 488 1325 exceptionibus,
513 1271 811 1309 cavillationibus
839 1275 875 1308 et
895 1272 1046 1310 cautelis
1078 1277 1114 1309 et
1139 1273 1290 1310 caeteris
1309 1273 1484 1310 omnibus
1511 1278 1547 1311 et
1563 1274 1719 1326 singulis

188 1347 284 1386 quae
300 1337 450 1386 possent
470 1332 568 1369 obici
592 1335 720 1369 contra
743 1331 942 1382 praemissa
962 1332 1018 1368 vel
1043 1332 1197 1383 aliquod
1222 1333 1523 1384 praemissorum.
1551 1334 1660 1383 Quod
1678 1341 1720 1373 ut

187 1397 308 1430 ratum
327 1394 494 1428 teneatur
512 1394 548 1427 et
568 1389 736 1436 firmum,
751 1389 1007 1440 praesentibus
1027 1389 1158 1428 litteris
1175 1391 1338 1442 sigillum
1355 1395 1522 1430 nostrum
1542 1393 1718 1432 duximus

187 1450 461 1503 apponendum.
486 1449 619 1486 Actum
639 1462 736 1486 anno
756 1448 927 1495 Domini,
946 1453 1012 1486 etc.

898 1571 1015 1580 w

855 1715 975 1754 CCCX
981 1716 1069 1753 ΗΧ.

268 1829 270 1833 ’
320 1833 439 1871 Leure
455 1833 498 1870 de
516 1832 628 1870 l’abbe'
642 1827 686 1870 de
709 1831 858 1870 Tho-san
881 1834 903 1869 ἁ
925 1832 1038 1871 l’abbe'
1056 1833 1100 1870 de
1123 1834 1276 1871 Citeauoe
1293 1847 1343 1871 au
1362 1835 1455 1886 διῄει
1477 1834 1520 1870 de
1541 1834 1577 1871 la

692 1891 921 1930 nominatiora
939 1891 1049 1929 d'tme
1064 1891 1218 1930 abbesse.

213 2094 447 2133 <Reverendo
466 2094 505 2131 in
522 2095 671 2132 Christo
691 2095 786 2144 patri
805 2095 959 2132 domino
977 2095 1180 2133 venerabili
1199 2095 1325 2132 abbati
1339 2094 1583 2144 Cysterciensi
1603 2094 1715 2132 frater

186 2154 273 2189 Arn.
298 2151 419 2190 dictus
445 2153 560 2190 abbas
581 2153 627 2190 de
653 2153 817 2204 Capella,
843 2154 999 2191 salutem
1025 2159 1060 2191 et
1083 2159 1156 2191 tam
1175 2158 1339 2204 paratam
1360 2166 1471 2204 quam
1492 2152 1654 2190 debitam
1675 2152 1712 2189 in

184 2211 360 2248 omnibus
378 2211 619 2248 reverentiam
638 2224 723 2248 cum
746 2211 896 2249 honore.
1394 2205 1430 2234 ’Ψ

232 2268 370 2307 Videns
393 2269 548 2307 illustris
569 2270 742 2321 princeps
763 2270 886 2308 dictus
908 2271 990 2308 talis
1021 2270 1243 2308 abbatissam
1267 2270 1350 2307 talis
1374 2270 1586 2307 monasterii
1605 2269 1712 2319 cujus

181 2327 381 2379 paternitas
399 2327 445 2365 ad
463 2341 529 2365 vos
551 2332 704 2378 spectat,
722 2333 875 2379 propter
892 2330 1087 2367 continuas
1103 2333 1139 2366 et
1155 2342 1282 2380 graves
1304 2328 1551 2379 aegritudines
1568 2328 1712 2366 viribus

180 2386 349 2437 corporis
367 2386 419 2424 sic
436 2386 586 2423 destitui
605 2386 707 2437 quod
728 2399 836 2437 posse
853 2387 1052 2426 subsistere
1077 2387 1218 2424 diutius
1237 2399 1311 2424 non
1334 2387 1518 2433 credatur,
1534 2386 1712 2437 quodque

182 2445 228 2482 ad
247 2458 352 2483 suam
371 2445 650 2495 requisitionem
670 2444 975 2484 instantissimam
996 2446 1196 2497 quamdam
1214 2445 1412 2483 monialem
1431 2450 1575 2496 neptem
1595 2458 1711 2490 suam,
