2184 3074
485 321 558 359 410
1038 315 1201 354 CODEX
1225 315 1469 354 DUNENSIS.

485 438 592 475 feodo
625 451 646 474 a
678 436 831 474 domino
863 435 926 472 W.
959 434 1005 471 de
1034 434 1197 471 Boneem
1210 462 1219 480 ,
1248 433 1384 479 milite,
1413 446 1483 484 pro
1509 434 1672 485 quadam
1705 438 1802 472 certa
1830 436 2009 485 pecuniae

483 496 687 546 quantitate
710 494 799 544 ipsis
824 506 844 529 a
870 492 969 529 dicto
991 491 1185 542 magistro,
1205 496 1248 528 ut
1273 491 1429 529 confessi
1456 496 1560 538 sunt,
1584 505 1709 530 coram
1735 492 1843 530 nobis
1869 494 2009 546 integre

483 554 686 604 persoluta,
705 564 849 588 necnon
866 555 901 587 et
919 550 1036 600 ipsam
1052 550 1218 596 Lentam,
1237 549 1283 586 de
1302 562 1485 587 consensu
1501 549 1591 587 dicti
1608 550 1666 588 sui
1680 551 1803 588 mariti
1817 563 1860 588 ac
1872 551 2006 590 Reneri

483 610 549 647 filii
573 609 823 661 procuratoris
849 608 905 646 sui
934 608 1069 645 dictam
1092 613 1227 645 terram
1252 608 1290 646 in
1318 621 1450 646 manus
1472 608 1561 646 dicti
1588 608 1731 646 domini
1753 609 1812 647 W.
1836 609 1876 646 in
1901 622 2011 661 prae-

483 669 599 706 sentia
618 668 813 705 hominum
831 679 984 704 suorum
1003 680 1070 717 per
1087 666 1274 715 judicium
1300 667 1514 704 eorumdem
1539 667 1586 704 ad
1609 680 1703 718 opus
1729 667 1819 705 dicti
1844 667 2008 718 magistri
2045 691 2051 693 μ

480 732 515 764 et
538 728 617 777 ejus
639 726 817 764 heredum
844 739 908 763 seu
935 725 1035 762 illius
1062 738 1240 776 personae
1267 739 1379 776 quam
1406 725 1505 763 idem
1531 726 1705 777 magister
1727 727 1827 764 dicto
1852 726 2006 764 domino

442 786 446 789 ’
481 785 542 824 W.
561 785 607 822 ad
625 785 760 822 dictam
779 789 913 821 terram
932 784 1111 821 feodalem
1125 784 1276 821 duxerit
1287 784 1611 835 praesentandam,
1624 784 2010 835 reportasse‚.effestu-

481 855 580 880 casse
597 847 633 880 et
648 843 838 893 guerpisse
858 842 1063 879 secundum
1082 842 1230 893 plenam
1248 843 1364 893 legem
1384 842 1545 893 patriae,
1559 842 1776 893 dictumque
1789 843 2004 894 magistrum

481 930 657 938 .......
677 901 724 938 de
741 901 841 938 dicto
859 900 968 937 feodo
988 914 1054 951 per
1070 901 1212 938 dictum
1235 900 1390 937 militem
1413 913 1491 938 esse
1515 905 1766 952 competenter
1787 905 1824 939 et
1843 901 2004 952 legitime

478 960 710 1006 investitum,
729 959 828 1010 ipsos
847 959 1001 996 Lentam
1019 963 1055 996 et
1069 958 1277 997 Johannem
1298 959 1378 1009 ejus
1395 958 1569 996 maritum
1591 958 1755 1010 quitasse
1775 963 1811 996 et
1834 958 2010 1010 quiticla-

480 1031 597 1056 masse
623 1019 669 1055 ad
694 1031 788 1069 opus
813 1018 903 1055 dicti
922 1017 1104 1068 magistri,
1123 1018 1203 1067 ejus
1221 1017 1400 1054 heredum
1425 1030 1490 1055 seu
1514 1030 1693 1068 personae
1719 1017 1766 1054 ab
1793 1017 1874 1068 ipso
1899 1029 2008 1068 prae-

478 1078 695 1123 sentandae,
719 1081 762 1114 ut
786 1081 1015 1128 praetactum
1041 1081 1114 1123 est,
1138 1089 1250 1114 omne
1269 1076 1332 1127 jus
1356 1076 1462 1127 quod
1484 1076 1574 1128 ipsis
1599 1080 1636 1114 et
1662 1076 1813 1127 utrique
1840 1076 2006 1127 ipsorum

476 1135 653 1185 competit
671 1139 707 1172 et
725 1135 958 1186 competierit
975 1148 1040 1172 seu
1059 1135 1171 1172 modo
1190 1135 1360 1186 quolibet
1377 1138 1586 1186 competere
1603 1134 1721 1185 possit
1735 1139 1773 1171 et
1788 1132 2006 1185 potuerit&

475 1198 570 1230 terra
588 1193 792 1244 praedicta,
812 1193 1063 1231 renuntiando
1081 1206 1233 1244 quoque
1250 1206 1320 1244 pro
1337 1193 1428 1243 ipsis
1445 1192 1701 1243 procuratorio
1719 1192 1870 1229 nomine
1886 1203 2009 1242 quan-

475 1256 555 1288 tum
577 1252 622 1288 ad
646 1252 847 1302 praemissa
865 1252 1146 1303 exceptionibus
1164 1252 1240 1298 vis,
1259 1255 1396 1298 metus,
1419 1251 1495 1288 doli
1521 1251 1629 1297 mali,
1647 1251 1756 1301 pretii
1782 1263 1858 1288 non
1875 1249 2010 1297 soluti,

475 1310 702 1361 deceptionis
720 1315 756 1347 et
773 1310 944 1348 laesionis
962 1311 1058 1347 ultra
1076 1310 1270 1347 dimidiam
1287 1310 1378 1360 justi
1396 1309 1505 1360 pretii
1517 1339 1527 1356 7
1551 1309 1732 1347 beneficio
1758 1308 2002 1347 restitutionis

476 1368 514 1405 in
541 1367 725 1418 integrum
738 1398 747 1413 7
771 1369 874 1405 omni
896 1369 992 1418 juris
1017 1368 1157 1405 auxilio
1176 1368 1344 1405 canonici
1363 1372 1398 1405 et
1415 1368 1535 1405 civilis
1553 1371 1655 1405 extra
1673 1368 1830 1404 formam
1849 1380 2007 1405 eonsue—

476 1426 617 1464 tudinis
636 1431 671 1464 et
690 1427 814 1464 statuti
834 1427 1033 1476 cujuslibet
1050 1427 1224 1464 territorii
1243 1427 1300 1464 vel
1320 1426 1514 1477 municipii
1532 1426 1756 1477 promulgati
1779 1430 1814 1463 et
1838 1425 2008 1477 promul-

479 1486 589 1536 gandi
599 1515 608 1531 7
626 1486 802 1524 omnibus
821 1487 1150 1523 constitutionibus
1164 1486 1269 1524 novis
1285 1491 1321 1523 et
1333 1486 1512 1537 antiquis⁷
1525 1485 1840 1531 cavillationibus,
1855 1484 2007 1522 cautelis

480 1549 516 1580 ct
538 1544 776 1594 subterfugiis
802 1557 898 1594 quae
921 1548 1048 1582 contra
1071 1549 1280 1595 praesentes
1307 1544 1445 1581 litteras
1470 1548 1505 1581 et
1527 1547 1699 1581 contenta
1717 1544 1756 1580 in
1781 1543 1833 1580 eis
1858 1547 2009 1594 possent

480 1602 578 1638 obici
596 1603 653 1638 vel
671 1603 830 1653 proponi
849 1607 885 1639 et
901 1616 968 1653 per
985 1616 1077 1653 quas
1094 1603 1150 1640 vel
1165 1617 1231 1654 per
1244 1616 1340 1654 quae
1357 1607 1564 1653 praesentes
1579 1602 1719 1639 litterae
1734 1606 1770 1638 et
1782 1605 1954 1638 contenta
1967 1600 2007 1637 in

481 1660 532 1697 eis
551 1661 667 1697 robur
684 1665 834 1711 possent
849 1661 1017 1698 amittere
1033 1661 1228 1698 firmitatis.

529 1718 575 1755 Et
603 1719 682 1769 ipsa
712 1719 826 1756 Lenta
857 1720 1083 1756 renuntiavit
1111 1724 1294 1770 quantum
1325 1719 1371 1756 ad
1402 1720 1603 1770 praemissa
1629 1719 1751 1770 palam
1777 1723 1813 1756 et
1838 1731 2008 1769 expresse

480 1777 687 1827 exceptioni
705 1777 802 1814 dotis
819 1782 854 1814 et
871 1777 1028 1814 dotalitii
1046 1791 1089 1815 ac
1105 1777 1316 1815 donationis
1338 1782 1491 1828 propter
1517 1777 1666 1828 nuptias
1691 1790 1804 1828 super
1829 1777 1902 1814 hiis
1927 1790 2008 1814 cer-

480 1835 620 1872 tioratis
642 1849 661 1872 a
680 1836 798 1872 nobis.
821 1836 866 1873 Et
883 1836 1135 1886 promiserunt
1160 1836 1248 1873 dicti
1271 1836 1447 1886 conjuges
1469 1849 1594 1873 coram
1612 1835 1722 1873 nobis
1740 1835 1814 1872 fide
1833 1833 1954 1871 media
1971 1837 2008 1871 et

476 1893 688 1942 juramento
706 1894 753 1930 ab
770 1894 822 1931 eis
840 1898 876 1930 et
893 1899 1050 1945 utroque
1068 1894 1235 1944 ipsorum
1251 1907 1364 1945 super
1389 1894 1460 1931 hoc
1482 1893 1722 1945 corporaliter
1743 1892 1944 1943 praestitis,
1973 1895 2010 1929 et

480 1951 550 1988 sub
575 1965 693 2002 poena
720 1953 1114 1990 excommunicationis
1145 1953 1183 1989 in
1211 1952 1309 2003 ipsos
1340 1957 1375 1989 et
1399 1957 1602 2003 utrumque
1629 1963 1759 1989 eorum
1788 1949 1960 1987 ferendae
1987 1962 2008 1986 a

482 2010 604 2057 vobis,
619 2010 770 2047 domine
782 2011 966 2058 officialis,
979 2012 1197 2062 ubicunque
1210 2025 1272 2048 eos
1291 2012 1328 2048 in
1346 2015 1535 2062 posterum
1553 2009 1751 2060 contigerit
1766 2007 2008 2055 commorari,

482 2066 583 2117 quod
597 2072 724 2105 contra
738 2069 938 2119 praemissa
952 2070 1008 2106 vel
1026 2069 1175 2120 aliquod
1197 2070 1483 2120 praemissorum
1502 2082 1569 2120 per
1586 2081 1625 2106 se
1642 2069 1700 2105 vel
1718 2081 1785 2119 per
1799 2067 1914 2104 alium
1933 2079 2009 2104 non

482 2126 632 2163 venient
649 2126 687 2163 in
704 2127 872 2164 futurum
887 2133 923 2165 et
935 2128 1037 2179 quod
1056 2129 1094 2165 in
1113 2129 1210 2166 dicta
1230 2134 1325 2166 terra
1342 2130 1393 2166 nil
1404 2128 1501 2178 juris
1519 2128 1564 2165 de
1581 2131 1723 2165 caetero
1740 2126 2006 2172 reclamabunt,

483 2183 547 2220 sed
566 2197 646 2220 eam
669 2185 769 2222 dicto
792 2187 967 2237 magistro
993 2191 1029 2223 et
1054 2186 1134 2237 ejus
1153 2187 1353 2225 heredibus
1375 2192 1439 2224 aut
1455 2199 1633 2237 personae
1651 2185 1858 2236 praedictae
1877 2187 1913 2221 et
1929 2183 2009 2233 ejus

484 2243 683 2282 heredibus
719 2246 894 2284 adversus
928 2260 1173 2298 quoscunque
1205 2252 1384 2298 perpetuo
1414 2246 1728 2297 garandizabunt‚
1760 2248 2009 2296 supponentes

484 2314 521 2338 se
539 2307 574 2339 et
591 2316 655 2340 sua
674 2310 855 2355 quantum
875 2306 921 2342 ad
938 2307 1139 2357 praemissa
1162 2311 1304 2344 vestrae
1320 2306 1572 2357 jurisdictioni
1595 2309 1632 2342 et
1652 2303 1877 2349 cohertioni‚
1901 2302 2010 2353 quic-

484 2361 574 2410 quid
594 2375 722 2399 eorum
741 2369 960 2413 procurator
972 2378 1040 2415 pro
1055 2365 1145 2415 ipsis
1159 2370 1337 2402 eteorum
1356 2364 1572 2402 nominibus
1585 2362 1841 2415 procuratorio
1859 2360 2009 2398 nomine

486 2426 667 2469 quantum
686 2421 732 2457 ad
751 2423 951 2472 praemissa
968 2424 1093 2460 omnia
1112 2429 1148 2462 et
1165 2424 1310 2475 singula
1327 2424 1463 2461 dixerit
1479 2424 1538 2460 vel
1557 2423 1683 2460 fecerit
1701 2435 1765 2459 seu
1788 2420 2010 2470 impetrave-
