2184 3074
713 295 875 334 CODEX
903 295 1147 335 DUNENSlS.
1625 299 1698 337 249

159 416 190 454 si
218 416 255 453 id
281 415 517 461 obmiserint,
543 415 938 453 excommunicationis
965 415 1184 452 sententiam
1213 416 1500 466 promulgando.
1526 416 1635 464 Quod
1667 416 1695 453 si

160 474 275 526 aliqui
290 488 335 512 ex
349 475 400 512 eis
414 487 453 512 se
465 479 623 525 esse‘p'er
639 473 832 524 privilegia
850 486 912 511 seu
936 473 1185 525 indulgentias
1203 474 1323 511 dictae
1337 474 1442 511 Sedis
1460 475 1698 525 allegaverint

161 545 181 569 a
210 532 457 583 praestatione
484 531 700 582 hujusmodi
730 533 1034 583 procurationum
1068 532 1269 578 immunes,
1298 533 1417 583 ipsos,
1441 533 1698 584 cujuscunque

161 590 236 628 sint
264 591 427 638 ordinis,
458 590 683 629 conditionis
721 603 784 628 seu
815 591 924 628 etiam
956 591 1166 642 dignitatis,
1194 604 1238 628 ex
1272 596 1374 642 parte
1409 596 1532 629 nostra
1563 592 1696 638 citetis,

163 649 327 699 praefixo
345 649 397 686 eis
416 649 573 686 termino
591 649 840 700 peremptorio
860 650 1083 700 competenti
1102 649 1204 700 quod
1222 663 1289 701 per
1305 663 1343 687 se
1361 650 1416 687 vel
1436 664 1502 701 per
1519 664 1697 701 procura-

163 712 258 745 tores
285 708 453 758 ydoneos
480 721 565 745 cum
592 707 730 745 eisdem
754 707 958 759 privilegiis
983 713 1019 745 et
1045 708 1287 759 indulgentiis
1313 715 1547 760 compareant
1574 711 1696 746 coram

163 765 287 812 nobis,
306 766 438 803 facturi
457 771 492 803 et
515 767 697 818 recepturi
721 780 834 817 super
857 766 928 804 hoc
949 767 1052 818 quod
1072 767 1215 816 justitia
1242 767 1422 804 suadebit.
1443 767 1548 804 Diem
1575 772 1697 804 autem

162 823 346 861 citationis
365 823 580 874 hujusmodi
610 829 645 861 et
673 825 823 862 nomina
852 825 960 869 citata
984 826 1091 862 nobis
1116 839 1181 876 per
1208 831 1345 864 vestras
1373 826 1509 863 litteras
1534 831 1698 863 tenorem

162 882 392 920 continentes
405 883 788 935 praesentium,quam
803 885 876 922 cito
892 885 1087 922 commode
1101 885 1280 935 poteritis,
1292 885 1479 930 intimetis,
1490 885 1696 935 processuri

163 945 293 979 contra·
308 941 408 992 ipsos
425 955 538 992 super
559 942 751 980 exactione
773 944 1077 993 procurationum
1104 943 1284 995 ipsarum,
1305 944 1374 982 nisi
1401 949 1584 995 quantum
1607 957 1700 981 con-

162 1001 264 1037 venit
282 1005 366 1050 post
383 1000 599 1050 hujusmodi
614 1001 814 1038 terminum
837 1007 1088 1053 exspectatum
1106 1008 1247 1040 nostras
1266 1003 1311 1040 ad
1323 1016 1387 1040 vos
1401 1003 1448 1040 de
1465 1003 1699 1040 absolutione

162 1071 228 1096 sua
246 1071 266 1095 a
284 1059 531 1109 praestatione
549 1060 853 1110 procurationum
875 1060 1089 1110 hujusmodi
1111 1062 1248 1099 litteras
1267 1062 1502 1112 reportarint.

891 1188 974 1195 w...-

887 1336 992 1374 CLX.

164 1451 378 1491 Absolim‘on
393 1453 483 1490 d’tm
501 1454 621 1491 moine
633 1453 699 1504 qui
712 1453 812 1490 avait
824 1451 965 1503 chanqe'
981 1466 1052 1490 mie
1066 1453 1168 1490 lettre
1185 1452 1279 1489 daras
1297 1466 1346 1489 ἰιη
1367 1451 1559 1489 document
1575 1452 1701 1488 ἑιηαηὲ

776 1511 827 1548 du
846 1510 1087 1563 Sainl-Sie'ye.

914 1611 956 1618 ...-

211 1701 267 1740 Ex
281 1707 385 1754 parte
403 1707 464 1740 tua
485 1703 593 1741 nobis
611 1703 735 1741 oblata
749 1703 879 1754 petitio
893 1703 1108 1740 continebat
1119 1703 1223 1754 quod
1241 1702 1436 1752 cujusdam
1456 1700 1627 1739 monachi
1644 1700 1695 1737 tui

163 1761 375 1803 monasterii
402 1761 480 1812 jam
511 1762 738 1813 sexagenarii
765 1775 877 1813 super
905 1775 948 1799 eo
981 1762 1083 1812 quod
1121 1762 1211 1799 olim
1239 1762 1318 1812 jam
1341 1761 1405 1798 XL
1427 1760 1534 1798 annis
1564 1759 1697 1810 elapsis

161 1824 246 1857 ante
262 1819 452 1870 religionis
473 1820 681 1872 ingressum
703 1820 742 1858 in
762 1820 924 1872 quadam
950 1820 1070 1857 littera
1096 1820 1296 1871 apostolica
1314 1819 1360 1856 de
1377 1818 1538 1870 simplici
1553 1817 1695 1868 justitia

161 1890 270 1916 causa
287 1878 527 1922 correctionis
540 1892 607 1930 per
622 1879 898 1930 simplicitatem
912 1874 947 1916 et
956 1879 1052 1929 juris
1071 1878 1334 1928 ignorantiam,
1350 1891 1425 1915 non
1442 1876 1595 1915 credens
1609 1874 1696 1912 inde

161 1949 330 1987 peccare,
348 1950 462 1985 unam
478 1942 599 1976 tamen
619 1937 886 1976 litteram'rasit
903 1942 939 1975 et
956 1937 1066 1975 aliam
1085 1938 1166 1976 loco
1186 1937 1266 1987 ejus
1288 1936 1496 1987 rescripsit,
1520 1935 1605 1972 licet
1625 1933 1695 1971 hoc

158 2009 226 2046 per
236 2009 276 2034 se
292 1996 350 2034 vel
368 2009 434 2046 per
447 1997 561 2034 alium
578 1997 703 2035 fecerit
714 2010 866 2048 prorsus
879 1997 1024 2048 ignoret
1042 1997 1098 2034 vel
1117 1996 1229 2034 suerit
1248 2001 1372 2047 postea
1388 2009 1454 2033 sua
1468 1993 1692 2032 conscientia

159 2054 388 2103 stimulatus,
406 2069 518 2107 super
538 2069 614 2107 quo
633 2056 749 2094 fecisti
769 2056 962 2094 humiliter
978 2056 1181 2107 supplicari
1200 2055 1271 2093 sibi
1291 2069 1358 2106 per
1379 2054 1511 2092 Sedem
1533 2054 1694 2103 Aposto-

160 2112 268 2151 licam
292 2113 338 2150 de
359 2118 546 2165 oportuno
571 2115 735 2152 remedio
757 2114 956 2165 provideri.
984 2114 1059 2152 Nos
1085 2114 1199 2164 igitur
1223 2119 1258 2151 et
1284 2114 1408 2151 favore
1432 2113 1497 2163 qui
1524 2111 1692 2163 religioni

158 2169 326 2217 debetur,
351 2176 435 2209 tuae
465 2171 679 2210 discretioni
707 2173 974 2213 committimus
1003 2178 1204 2223 quatenus,
1227 2172 1257 2209 si
1284 2178 1339 2209 est
1369 2172 1435 2218 ita,
1467 2170 1692 2208 monachum

159 2228 283 2279 ipsum
306 2228 354 2266 ab
377 2223 762 2268 excommunicatione
791 2244 904 2282 quam
934 2235 1087 2281 propter
1113 2230 1184 2267 hoc
1208 2229 1566 2274 incurrit,absolvas
1585 2229 1691 2279 juxta

159 2287 315 2324 formam
336 2287 518 2324 Ecclesiae
539 2293 770 2335 consuetam,
789 2294 824 2326 ct
842 2289 1008 2338 injuncta
1036 2287 1121 2325 inde
1138 2287 1209 2325 sibi
1238 2287 1464 2338 poenitentia
1487 2287 1636 2324 salutari
1658 2293 1692 2323 et

158 2343 239 2382 aliis
265 2358 360 2395 quae
384 2345 524 2383 suerint
544 2346 789 2397 injungenda,
813 2347 992 2398 quodque
1018 2359 1086 2396 pro
1113 2359 1219 2396 posse
1243 2350 1417 2396 procuret
1441 2345 1543 2395 quod
1573 2345 1692 2382 dictae

159 2401 315 2447 litterae,
345 2403 375 2440 si
404 2403 561 2442 inveniri
594 2405 772 2456 poterint,
805 2407 1027 2448 lacerentur,
1052 2419 1095 2442 eo
1122 2405 1167 2442 ad
1190 2410 1352 2455 tempus,
1381 2409 1493 2454 prout
1515 2404 1690 2455 expedire

1545 2464 1592 2502 52
