2184 3074
433 248 504 284 55⁴2
986 242 1147 280 CODEX
1172 243 1421 281 DUNENSIS.

435 366 623 412 exemptas
654 366 689 398 et
706 373 782 397 non
806 364 1014 410 exemptas,
1032 364 1174 397 vestrae
1191 359 1350 396 civitatis
1373 365 1409 396 et
1430 359 1600 409 dyocesis
1624 362 1831 400 secundum
1854 363 1970 400 Deum

435 433 477 456 ac
504 419 676 469 exigendi
703 419 784 455 illas
808 418 854 454 ab
885 418 955 463 cis7
990 422 1025 454 et
1057 417 1347 455 contradictores
1377 431 1444 468 per
1468 431 1662 456 censuram
1689 420 1971 458 ecclesiasticam

435 476 701 527 compellendi⁷
726 476 943 512 auctoritate
974 475 1117 512 domini
1137 489 1255 526 papae
1272 489 1347 526 qua
1365 476 1559 527 fungimur
1586 477 1624 514 in
1650 477 1719 514 hac
1749 482 1870 528 parte,
1891 479 1972 529 ple-

436 549 521 572 nam
545 535 783 572 concedimus
803 539 1040 585 potestatem⁷
1058 539 1109 581 et,
1131 539 1173 571 ut
1188 534 1234 571 de
1253 535 1470 572 auctoritate
1487 540 1612 572 nostra
1628 539 1751 586 pateat
1764 537 1974 584 manifeste,

435 610 547 648 super
565 597 635 634 hoc
655 601 819 632 tenorem
839 595 1044 632 litterarum
1058 595 1202 632 domini
1217 609 1335 647 papae
1353 596 1400 633 de
1417 596 1534 634 verbo
1555 596 1602 633 ad
1619 597 1775 634 verbum
1795 598 1866 636 sub
1887 611 1975 636 nos-

437 660 493 693 tro
508 655 630 705 sigillo
643 655 749 691 vobis
768 654 946 691 duximus
966 654 1306 691 transmittendum.
1323 655 1459 698 Datum
1472 684 1481 701 ‚
1495 660 1564 692 etc.

486 714 578 750 Cum
604 713 718 763 igitur
748 713 967 750 auctoritate
990 712 1179 763 praedicta
1205 713 1252 750 de
1275 713 1462 751 bonorum
1489 718 1525 750 et
1549 713 1779 764 prudentum
1806 715 1974 754 virorum

436 772 591 808 consilio
611 771 861 808 taxaverimus
875 771 914 808 in
930 771 1030 808 hunc
1045 771 1200 808 modum
1215 771 1318 822 quod
1331 772 1484 809 ecclesia
1503 772 1627 810 Sancti
1643 772 1843 810 Donatiani
1858 768 1976 812 solvat

436 833 482 869 de
508 833 617 870 dictis
643 846 687 869 Lx
715 832 820 869 libris
848 841 932 868 „nor
958 832 1071 869 libras
1098 832 1275 882 magistro
1302 831 1427 869 abbati
1453 844 1523 883 pro
1544 832 1808 870 exoneratione
1834 846 1976 884 expen-

436 905 561 928 sarum
581 904 749 941 suarum,
766 894 853 935 ete,
873 890 941 927 tibi
957 890 1098 927 decano
1116 890 1337 927 mandamus
1351 894 1535 940 quatenus
1553 890 1772 928 auctoritate
1785 891 1974 942 praedicta

437 963 587 987 moneas
619 950 676 986 vel
703 949 846 986 moneri
873 949 984 986 facias
1012 949 1209 1000 diligenter
1231 949 1485 1000 praepositum
1512 954 1548 987 et
1576 962 1705 987 omnes
1741 954 1777 987 et
1807 949 1974 1001 singulos

437 1008 669 1059 supradictos
695 1012 737 1044 ut
763 1007 859 1044 infra
884 1021 931 1044 vu
950 1008 1028 1044 dies
1053 1012 1136 1058 post
1162 1007 1408 1045 monitionem
1433 1007 1523 1058 ipsis
1549 1008 1682 1045 factam
1707 1008 1754 1045 ad
1771 1021 1866 1059 opus
1883 1009 1973 1046 dicti

437 1067 601 1117 magistri
633 1066 778 1103 abbatis
800 1066 1006 1103 secundum
1033 1066 1259 1103 taxationem
1289 1070 1454 1103 nostram
1479 1067 1745 1117 praescriptam
1781 1067 1891 1105 nobis
1916 1068 1974 1106 vel

437 1126 505 1162 tibi
530 1129 656 1162 nostro
686 1125 838 1161 nomine
873 1125 1099 1162 satisfaciant
1125 1129 1390 1175 competenter,
1414 1125 1583 1175 alioquin
1614 1125 1716 1176 ipsos
1755 1119 1974 1163 auctoritate

438 1189 562 1221 nostra
580 1184 695 1220 immo
710 1183 911 1234 apostolica
930 1184 1040 1221 nobis
1059 1184 1097 1220 in
1116 1183 1185 1221 hac
1201 1189 1305 1234 parte
1321 1183 1519 1221 commissa
1537 1184 1584 1220 ad
1599 1183 1675 1221 hoc
1692 1184 1892 1235 compellas
1909 1197 1977 1236 per

437 1255 630 1280 censuram
665 1242 966 1288 ecclesiasticam,
996 1243 1153 1279 saciasve
1180 1242 1370 1292 compelli⁷
1405 1241 1486 1279 sine
1516 1242 1667 1279 alterius
1703 1234 1976 1293 exspectatione

439 1301 621 1346 mandati,
641 1300 749 1337 nobis
768 1300 860 1350 quid
880 1300 967 1337 inde
985 1301 1123 1337 sactum
1144 1300 1271 1346 fuerit,
1295 1299 1558 1337 rescribemdo.

1139 1565 1273 1603 ccvn.

441 1682 689 1719 Re'clamalion
706 1682 756 1718 du
771 1683 915 1731 portt'er
932 1682 981 1719 du
1001 1684 1204 1719 monaster-e
1229 1681 1272 1718 de
1298 1680 1447 1718 Thosan
1468 1686 1591 1718 contre
1614 1680 1651 1717 la
1678 1693 1787 1717 veuve
1811 1685 1843 1717 et
1869 1679 1901 1716 le
1919 1678 1980 1729 fils

1003 1742 1047 1778 de
1063 1742 1245 1790 Lampsin
1263 1741 1419 1778 Foiters.

489 1944 589 1981 Dicit
606 1950 826 1995 procurator
843 1949 972 1995 portae
990 1944 1203 1981 monasterii
1222 1943 1269 1980 de
1286 1943 1435 1980 'rhosan
1455 1941 1607 1979 nomine
1629 1939 1888 1992 procuratorio
1910 1951 1979 1989 pro

441 2002 540 2039 dicto
559 2003 723 2052 portario
747 2007 782 2039 et
803 2017 872 2053 pro
898 2003 978 2053 ipso
1005 2007 1041 2039 et
1065 2003 1112 2039 ad
1138 2015 1233 2053 opus
1255 2001 1422 2052 ejusdem
1445 2004 1573 2038 contra
1594 1999 1760 2036 relictam
1787 1997 1979 2049 quondam

442 2062 605 2099 Lamsini
625 2063 766 2100 Foiters
784 2069 820 2100 et
837 2063 1056 2100 Lamsinum
1076 2062 1165 2099 dicti
1184 2061 1374 2113 quondam
1395 2059 1561 2098 Lamsini
1580 2059 1720 2105 filium,
1738 2057 1818 2107 eJus
1839 2061 1980 2103 tutores

441 2134 504 2157 seu
529 2126 716 2159 curatores
729 2151 738 2166 ,
765 2122 867 2173 quod
891 2122 1067 2159 defuncto
1086 2121 1186 2158 dicto
1203 2119 1395 2171 quondam
1414 2118 1605 2164 Lamsino,
1624 2116 1804 2169 praedicti
1822 2115 1891 2161 rei,
1910 2125 1983 2166 pro>

441 2184 517 2216 rata
536 2180 741 2229 quemlibet
762 2194 890 2218 eorum
917 2181 1175 2230 contingente,
1201 2179 1240 2216 in
1264 2179 1374 2216 bonis
1396 2177 1486 2215 dicti
1512 2176 1679 2214 defuncti
1702 2189 1741 2213 se
1765 2174 1980 2212 immiscue-

441 2244 544 2285 runt,
563 2239 734 2276 videlicet
757 2240 854 2277 dicta
881 2254 941 2278 rea
966 2240 1108 2277 ratione
1133 2238 1359 2276 matrimonii
1387 2237 1490 2288 quod
1514 2239 1748 2274 contraxerat
1768 2246 1854 2271 cum
1877 2231 1978 2269 dicto

440 2299 616 2336 Lamsino
635 2299 841 2349 quondam,
861 2305 896 2336 et
910 2300 1031 2337 dictus
1046 2313 1129 2337 reus
1145 2303 1322 2349 tanquam
1340 2297 1468 2334 haeres
1481 2296 1571 2333 dicti
1586 2292 1751 2339 defuncti
1761 2321 1770 2339 7
1785 2290 1976 2328 occasione

440 2371 598 2409 quarum
620 2358 862 2395 successionis
880 2363 915 2394 ct
933 2358 1172 2395 immissionis
1187 2357 1258 2408 ipsi
1277 2357 1329 2394 rei
1349 2356 1491 2394 ratione
1509 2353 1635 2392 relevii
1653 2350 1839 2390 dictorum
1853 2349 1975 2385 bono-
