2184 3074
441 321 514 358 480
995 317 1160 355 GODEX
1185 317 1427 356 DUNENSIS.

442 437 554 482 bona,
573 435 673 472 unde
698 435 776 485 ipsa
795 438 901 484 porta
922 446 987 470 seu
1011 434 1212 470 elemosina
1239 439 1363 471 nostra
1390 434 1521 473 XLvu
1539 435 1720 473 librarum
1738 442 1973 488 praenotatae

405 517 408 520 -
442 499 611 532 monetae
624 493 731 530 annis
744 492 902 542 singulis
917 492 1106 542 percipere
1121 492 1240 529 valeat
1256 496 1293 529 et
1308 491 1445 530 habere
1462 493 1509 530 ad
1521 493 1706 543 judicium
1725 498 1763 532 et
1775 495 1972 534 arbitrium

443 551 642 589 visitatoris
661 550 775 588 nostri
795 550 1023 588 sufficienter
1041 550 1137 587 infra
1162 550 1209 587 de
1233 550 1368 601 Brugis
1393 555 1430 588 et
1453 551 1499 588 de
1519 551 1628 590 Hulst
1644 552 1765 590 officia
1782 566 1847 590 seu
1866 554 1975 591 terri-

445 611 536 649 toria
551 609 780 660 conjunctim
795 609 853 646 vel
872 608 1022 646 divisim
1037 608 1122 658 jure
1136 609 1290 659 proprio
1307 609 1634 662 assignaverimus,
1648 611 1976 650 deliberaverimus

444 674 479 707 et
497 668 758 706 tradiderimus
783 680 868 704 cum
891 666 1038 713 effectu,
1065 666 1186 704 dictae
1214 671 1331 704 terrae
1354 680 1484 706 omnes
1501 669 1548 706 ad
1568 682 1634 707 nos
1651 682 1738 706 eum
1765 670 1867 707 omni
1891 671 1976 720 jure

445 726 685 779 possessionis
703 731 738 763 et
756 725 991 776 proprietatis
1010 725 1127 762 libere
1145 730 1387 763 revertentur.

1153 859 1266 870 -οοο-

1095 1002 1331 1041 cccxxxii.

509 1121 630 1157 Leccre
648 1121 797 1159 relative
814 1122 837 1158 ἀ
855 1121 1057 1160 l'adhe'sion
1075 1122 1213 1160 donne'e
1225 1136 1304 1173 par
1320 1123 1433 1162 l’abbe'
1448 1124 1511 1162 des
1531 1126 1655 1163 Dunes
1672 1137 1722 1162 au
1739 1129 1851 1162 comte
1868 1123 1912 1160 de

717 1179 884 1218 Flandre
900 1180 995 1218 dans
1011 1193 1078 1218 son
1096 1181 1206 1232 appel
1225 1187 1348 1219 contre
1365 1182 1397 1220 Ie
1413 1184 1473 1220 roi
1491 1183 1535 1220 de
1550 1183 1706 1220 France.

496 1372 683 1411 Universis
694 1374 832 1424 quibus
849 1374 913 1412 has
929 1375 1066 1413 litteras
1080 1377 1305 1426 praesentari
1324 1377 1529 1428 contigerit,
1547 1377 1637 1415 tales
1656 1390 1697 1414 ac
1716 1377 1805 1414 tales
1823 1378 1977 1415 salutem
2041 1385 2043 1387 ’

447 1436 482 1469 et
500 1432 650 1469 semotis
672 1433 777 1470 vanis
795 1434 1095 1484 suggestionibus
1113 1435 1256 1472 veritati
1275 1435 1407 1473 fortius
1425 1435 1627 1472 inhaerere.

495 1490 588 1528 Cum
603 1490 774 1540 quidam,
790 1491 888 1528 sicut
899 1492 1110 1543 accepimus
1123 1498 1159 1530 et
1173 1493 1273 1530 unde
1286 1494 1468 1540 dolemus,
1482 1493 1608 1531 animo
1621 1493 1853 1539 detrahendi,
1866 1505 1979 1530 vene-

446 1548 553 1586 rabili
569 1562 611 1585 ac
624 1549 796 1600 religioso
809 1550 890 1587 viro
905 1550 1058 1588 domino
1069 1579 1194 1588 ......
1210 1552 1336 1589 abbati
1351 1552 1397 1589 de
1410 1552 1543 1598 Dunis,
1557 1551 1808 1589 cisterciensis
1823 1551 1978 1598 ordinis,

446 1608 654 1657 insurgant,
673 1607 796 1658 ipsum
814 1608 1010 1659 exquisitis
1033 1609 1183 1647 malitiis
1201 1614 1237 1647 et
1254 1609 1450 1647 fraudibus
1472 1610 1573 1660 apud
1594 1610 1822 1660 majestatem
1840 1609 1978 1660 regiam

447 1670 482 1702 et
495 1666 664 1703 ordinem
678 1679 786 1703 suum
802 1680 867 1704 seu
880 1667 1023 1705 ordinis
1037 1669 1094 1705 sui
1109 1669 1267 1718 majores
1281 1674 1318 1706 et
1334 1669 1543 1719 superiores
1561 1668 1722 1719 graviter
1739 1667 1979 1714 diffamando,

447 1738 558 1775 super
574 1738 617 1761 eo
638 1725 739 1775 quod
757 1725 966 1763 adhaesisse
985 1726 1132 1764 dicatur
1147 1727 1296 1764 cuidam
1317 1727 1556 1778 appellationi
1574 1741 1639 1765 seu
1658 1727 1915 1778 provocationi
1935 1719 1979 1764 ex

447 1788 550 1834 parte
564 1783 718 1821 illustris
731 1784 875 1822 domini
901 1785 1044 1824 comitis
1070 1786 1267 1824 Flandriae
1284 1786 1523 1838 interpositae
1541 1791 1669 1824 contra
1690 1785 1876 1823 interdicti
1895 1799 1981 1824 sen—

447 1842 600 1880 tentiam
623 1843 817 1880 occasione
841 1843 1080 1882 illustrissimi
1100 1845 1244 1882 domini
1267 1846 1363 1896 regis
1382 1846 1558 1883 Franciae
1576 1845 1730 1883 forsitan
1749 1850 1839 1883 tunc
1857 1845 1980 1882 seren-

448 1902 550 1947 dam,
566 1901 742 1951 quodque
759 1914 798 1938 se
811 1901 893 1939 aliis
911 1903 1126 1952 praetulerit
1147 1908 1183 1940 et
1202 1903 1404 1941 notabilius
1422 1903 1574 1954 gesserit
1598 1903 1637 1940 in
1664 1903 1735 1940 hoc
1757 1903 1869 1949 sacto,
1887 1903 1980 1941 Uni-

447 1960 609 1997 versitati
627 1959 776 1997 Vestrae
793 1961 1046 2011 significamus
1066 1962 1169 2012 quod
1187 1975 1272 2000 cum
1290 1962 1425 2014 Brugis
1443 1963 1626 2013 quaedam
1643 1961 1861 1999 convocatio
1878 1962 1982 1999 fieret

447 2019 616 2056 omnium
638 2019 886 2069 praelatorum
909 2020 955 2057 de
975 2020 1149 2058 Flandria
1169 2025 1210 2058 ut
1233 2021 1484 2059 consentirent
1500 2026 1537 2058 et
1553 2020 1795 2058 adhaererent
1815 2020 1981 2071 appella-

448 2078 539 2115 tioni
558 2091 621 2114 seu
641 2077 895 2128 provocationi
918 2078 1061 2116 domini
1083 2079 1229 2117 comitis
1246 2079 1470 2130 supradicti,
1492 2093 1512 2116 a
1530 2092 1603 2130 qua
1626 2079 1752 2117 nullus
1772 2091 1811 2115 se
1831 2078 1982 2116 subtra—

450 2137 536 2173 here
555 2149 639 2172 cum
657 2149 746 2186 pace
763 2140 907 2187 poterat
921 2137 987 2188 qui
1001 2138 1112 2174 vellet
1125 2138 1163 2174 in
1177 2138 1351 2175 Flandria
1366 2151 1597 2189 permanere,
1617 2138 1715 2174 idem
1729 2137 1853 2174 dictus
1865 2137 1981 2174 abbas

450 2200 531 2244 post
549 2195 669 2232 varios
690 2200 864 2233 tractatus
889 2197 936 2233 ab
961 2197 1043 2234 aliis
1070 2198 1308 2248 praehabitos
1335 2197 1548 2248 supervenit
1575 2197 1772 2234 mandatus
1797 2197 1893 2234 sicut
1918 2196 1980 2233 alii

449 2258 483 2290 et
508 2258 674 2300 vocatus,
693 2254 978 2305 intelligensque
1007 2256 1168 2306 qualiter
1195 2269 1324 2294 omnes
1346 2256 1661 2293 concordaverant
1682 2260 1718 2292 et
1739 2255 1982 2292 adhaeserant

449 2311 687 2361 appellationi
702 2325 766 2348 seu
780 2313 1036 2362 provocationi
1051 2314 1277 2364 praedictae,
1296 2315 1421 2361 duxit,
1440 2320 1482 2352 ut
1495 2314 1656 2351 habebat
1669 2326 1816 2351 necesse
1830 2317 1864 2350 et
1878 2312 1979 2363 quod

449 2368 564 2404 vitare
582 2369 775 2418 nequibat,
797 2370 966 2407 similiter
983 2371 1282 2419 adhaerendum,
1302 2373 1354 2409 nil
1375 2373 1470 2410 ultra
1489 2373 1580 2410 alios
1601 2377 1822 2409 convocatos
1839 2369 1978 2407 ibidem

453 2426 602 2471 faciens,
618 2428 815 2465 cousulens
829 2429 886 2465 vel
900 2430 1133 2468 consentiens
1147 2435 1211 2468 aut
1223 2431 1426 2482 quicquam
1445 2431 1635 2481 proferens
1650 2429 1753 2480 quod
1771 2429 1810 2466 in
1827 2428 1980 2479 depres-
