2184 3074
474 360 546 397 4¹6
1019 356 1181 395 CODEX
1206 357 1455 396 DUNENSIS.

1116 509 1352 549 chxxxv.

545 622 663 658 Autre
693 619 793 656 lettre
822 618 865 655 de
893 617 1066 668 Philippo
1095 618 1131 713 lel
1156 618 1227 714 Bpell
1251 617 1400 713 ralative
1430 619 1453 656 ἀ
1484 617 1522 655 la
1546 620 1642 668 paioe
1669 619 1816 658 oonclue
1840 633 1925 658 avec

1131 689 1154 713 a
1226 689 1274 713 an
1303 689 1354 713 re.

522 862 736 912 Philippus,
754 865 822 898 etc.
842 860 979 898 Notum
999 860 1156 897 facimus
1174 860 1357 897 universis
1374 860 1477 911 quod
1499 874 1584 898 cum
1602 875 1647 899 ex
1665 874 1754 912 pace
1778 875 1844 913 per
1865 866 2000 900 tracta·-

474 926 569 959 tores
587 934 632 957 ex
650 923 753 970 parte
771 918 1054 956 Flandrensium
1073 918 1268 968 deputatos
1285 931 1371 956 cum
1391 919 1650 957 tractatoribus
1674 933 1740 970 per
1759 933 1827 958 nos
1843 920 2001 971 deputa—

474 980 519 1017 tis
537 978 698 1017 tractatis
721 983 757 1014 et
773 976 1006 1014 concordatis
1020 976 1134 1013 'certis
1152 976 1252 1027 pacis
1271 976 1436 1014 articulis
1453 977 1500 1014 ad
1519 977 1799 1028 requisitionem
1818 981 1999 1023 nostram,

472 1038 540 1075 tria
563 1037 665 1074 milia
689 1036 885 1073 hominum
909 1035 1018 1072 villae
1039 1034 1241 1086 Brugensis
1263 1048 1358 1085 quos
1381 1047 1448 1072 nos
1472 1034 1606 1085 eligere
1626 1035 1819 1080 vellemus,
1835 1033 2001 1086 peregri-

473 1097 639 1133 nationes
657 1098 773 1132 certas
791 1095 909 1131 facere
927 1098 1139 1140 teneantur,
1153 1093 1260 1143 juxta
1276 1093 1429 1130 modum
1443 1097 1479 1130 et
1491 1093 1651 1130 formam
1669 1093 1707 1130 in
1720 1092 1886 1131 articulis
1899 1092 2000 1144 pacis

471 1154 680 1206 praedictae
694 1157 897 1199 contentos,
911 1153 958 1189 ad
972 1152 1152 1190 humilem
1166 1151 1478 1203 supplicationem
1496 1151 1662 1189 fidelium
1680 1151 1845 1198 Roberti,
1855 1150 2000 1189 comitis

470 1212 686 1257 Flandriae,
712 1224 857 1249 necnon
883 1210 1083 1257 nobilium,
1107 1210 1349 1261 burgensium
1372 1214 1408 1247 et
1427 1209 1624 1247 hominum
1643 1210 1760 1261 ipsius
1776 1209 1886 1246 villae
1902 1209 2000 1246 Bru-

469 1270 591 1322 gensis
609 1283 651 1307 ac
669 1274 894 1307 caeterarum
913 1269 1084 1306 villarum
1103 1273 1139 1305 et
1156 1269 1324 1305 locorum
1347 1267 1632 1305 Flandrensium
1654 1281 1722 1319 pro
1746 1266 2001 1319 Brugensibus

472 1329 561 1381 ipsis
586 1327 896 1378 supplicantium,
922 1340 986 1364 seu
1013 1330 1251 1364 tractatorum
1280 1327 1446 1377 ipsorum
1472 1339 1540 1377 pro
1574 1325 1663 1376 ipsis
1689 1325 2000 1377 supplicantium,

470 1387 628 1437 gratiose
645 1386 919 1436 clementerque
933 1385 1110 1422 duximus
1129 1384 1410 1422 concedendum
1433 1384 1535 1434 quod
1557 1383 1864 1434 peregrinationis
1881 1395 1999 1434 poena

472 1459 536 1483 seu
554 1444 779 1496 poenitentia
798 1444 836 1480 in
854 1447 991 1481 certam
1006 1443 1186 1494 pecuniae
1198 1442 1443 1494 quantitatem
1458 1446 1705 1480 trecentarum
1719 1441 1866 1479 milium
1884 1441 2000 1479 libra-

470 1517 553 1541 rum
576 1516 775 1554 parvorum
793 1502 1067 1540 Turonensium
1089 1506 1126 1539 et
1151 1501 1301 1538 fortium
1329 1500 1437 1538 nobis
1460 1500 1672 1537 dandorum
1698 1500 1806 1538 certis
1832 1500 1999 1537 terminis

470 1563 601 1600 debeat
626 1561 831 1609 immutari,
849 1561 929 1599 sine
952 1561 1055 1599 omni
1080 1560 1310 1611 praejudicio
1330 1560 1488 1598 aliorum
1507 1572 1603 1610 quae
1624 1559 1662 1596 in
1681 1558 1780 1596 dicta
1797 1571 1888 1610 pace
1909 1571 1999 1596 con-

470 1621 578 1659 tineri
602 1625 823 1667 noscuntur,
840 1624 877 1658 et
892 1620 963 1658 sub
981 1619 1120 1657 eisdem
1138 1619 1268 1670 poenis
1285 1622 1321 1656 et
1337 1618 1532 1655 securitate
1553 1617 1691 1668 quibus
1718 1616 1999 1667 peregrinorum

470 1681 590 1718 dictus
607 1679 785 1717 articulus
802 1678 935 1716 debeat
951 1677 1031 1715 fieri
1049 1682 1085 1715 et
1101 1677 1292 1728 compleri.
1306 1676 1421 1726 Cujus
1434 1674 1650 1726 quantitatis
1669 1675 1818 1722 solutio,
1833 1674 1904 1712 nisi
1923 1668 2000 1713 suis

471 1737 638 1776 terminis
660 1737 908 1787 compleatur,
932 1739 996 1773 aut
1018 1749 1085 1786 per
1107 1748 1174 1773 nos
1199 1734 1357 1786 gratiosa
1381 1733 1509 1771 dilatio
1533 1732 1776 1779 concedatur,
1802 1732 1873 1770 nisi
1897 1731 1999 1783 quod

470 1796 602 1835 caeteri
621 1795 740 1832 dictae
757 1794 857 1846 pacis
876 1795 984 1832 nobis
1002 1794 1148 1831 articuli
1167 1793 1436 1844 compleantur,
1455 1805 1530 1829 non
1549 1795 1603 1829 est
1621 1791 1836 1828 intentionis
1855 1795 2001 1828 nostrae

472 1855 520 1893 ab
537 1853 763 1905 obligatione
787 1854 973 1891 dictorum
998 1852 1279 1904 peregrinorum
1309 1865 1351 1889 ex
1377 1851 1475 1888 dicta
1500 1863 1591 1901 pace
1618 1854 1804 1893 contracta
1831 1849 2000 1886 recedere

474 1926 626 1964 quoque
643 1912 766 1963 modo.
784 1912 825 1949 In
844 1911 967 1960 cujus,
986 1915 1053 1948 etc.

1167 1993 1288 2007 -Q-

1109 2116 1362 2155 CCLXXXVI.

567 2227 686 2264 Autre
702 2226 803 2264 lettre
821 2226 866 2264 de
881 2225 1056 2276 Philippo
1073 2224 1104 2262 le
1121 2224 1188 2263 Bel
1204 2223 1353 2261 relative
1373 2224 1395 2260 ἀ
1413 2222 1452 2260 la
1463 2223 1559 2272 paim
1575 2234 1660 2259 avec
1678 2221 1714 2259 la
1730 2221 1906 2259 Flandre.

1208 2313 1257 2321 a·—

525 2403 741 2453 Philippus,
767 2407 834 2439 etc.
859 2402 997 2439 Notum
1024 2401 1180 2438 facimus
1207 2400 1311 2451 quod
1340 2413 1425 2437 cum
1456 2397 1740 2436 communitates
1768 2399 1804 2433 et
1831 2393 2000 2432 homines

475 2461 647 2500 villarum
664 2465 700 2498 et
718 2460 1012 2498 castellaniarum
1035 2459 1232 2497 Flandriae
1248 2462 1506 2510 procuratores
1528 2461 1646 2495 certos
1670 2452 1929 2493 constituerint
1952 2452 2000 2489 ad
