2184 3074
450 255 491 292 51
499 255 522 292 4
1003 250 1162 288 CODEX
1191 250 1438 288 DUNENSlS.

446 369 534 407 alias
554 371 662 407 nobis
688 373 832 406 constat
855 367 958 418 quod
989 366 1059 403 viri
1083 366 1244 415 religiosi
1269 365 1384 403 abbas
1409 371 1445 402 et
1468 371 1673 404 conventus
1700 369 1912 406 monasterii
1939 369 1986 407 de

445 428 591 465 Thosan
612 426 864 465 Cistercicnsis
882 425 1024 479 ordinis
1052 424 1269 461 auctoritate
1295 424 1497 474 apostolica
1516 424 1592 462 sint
1610 425 1746 463 muniti
1765 431 1807 463 ut
1831 427 1878 464 de
1900 440 1986 478 pos-

445 487 672 524 sessionibus
697 486 774 523 suis
798 490 883 522 ante
900 484 1070 535 generale
1087 483 1288 520 concilium
1313 483 1521 534 acquisitis,
1539 484 1649 521 etiam
1669 484 1699 522 si
1716 498 1778 529 eas
1797 498 1842 522 ex
1861 496 1987 523 neces-

443 544 549 582 sitate
569 546 623 581 vel
651 544 808 580 utilitate
827 543 951 593 aliqua
970 542 1200 579 secularibus
1219 542 1441 581 excolendas
1461 542 1699 588 tradiderint,
1725 542 1755 580 si
1781 543 1827 579 ad
1854 556 1986 580 manus

443 615 572 640 eorum
602 602 798 645 redierint,
826 601 984 651 illasque
1010 600 1172 651 propriis
1198 600 1410 651 sumptibus
1438 605 1474 637 et
1499 600 1690 638 laboribus
1721 601 1909 645 excolant,
1939 601 1986 639 de

441 662 517 698 suis
536 662 644 702 ortis,
665 660 834 710 virgultis
853 673 896 696 ac
919 659 1135 695 nemoribus
1153 659 1246 695 nulli
1262 658 1424 696 decimas
1443 659 1584 697 solvere
1603 663 1812 706 teneantur,
1831 663 1868 697 et
1883 659 1986 710 quod

440 733 567 756 omnes
597 724 632 755 et
655 718 790 768 singuli
825 718 890 768 qui
924 717 1184 754 Cistercienses
1213 716 1447 766 hujusmodi,
1476 715 1646 765 judiciali
1678 730 1754 754 non
1785 717 1985 767 praemissa

440 777 615 827 indagine
633 790 696 813 seu
717 776 896 813 sententia
916 775 993 812 sive
1016 780 1213 826 praecepto
1234 775 1374 824 judicis
1391 775 1656 826 competentis,
1677 775 1896 812 auctoritate
1919 788 1983 812 seu

440 841 541 872 motu
575 836 727 886 proprio
762 836 800 871 in
837 834 1047 884 praemissis
1082 834 1333 884 fatigaverint,
1366 833 1643 871 molestaverint
1667 834 1724 870 vel
1754 833 1984 880 vexaverint,

437 898 626 930 vexatores
655 893 868 942 hujusmodi
888 893 1104 930 auctoritate
1122 893 1322 943 apostolica
1349 906 1414 943 per
1438 897 1731 937 conservatores,
1756 897 1979 930 executores

438 965 501 989 seu
533 952 678 1001 judices
710 951 906 1002 deputatos
937 951 983 987 ab
1014 964 1055 987 ea
1089 951 1260 1001 comp'elli
1293 950 1474 994 debeant,
1499 955 1546 986 ut
1574 950 1766 987 desistant.
1797 950 1982 998 Quoniam

438 1023 607 1061 quoque,
624 1014 664 1046 ut
682 1023 794 1060 supra
813 1009 995 1054 diximus,
1016 1009 1124 1046 nobis
1143 1013 1287 1046 constat
1301 1009 1508 1059 praedictos
1521 1008 1694 1045 abbatem
1709 1013 1745 1045 et
1758 1014 1981 1046 conventum

439 1068 484 1104 de
502 1068 651 1105 Thosau
672 1068 920 1119 possessiones
944 1068 980 1104 in
1007 1068 1088 1104 loco
1113 1068 1177 1118 qui
1205 1067 1344 1104 dicitur
1366 1067 1607 1113 Pulsebroec,
1629 1067 1731 1117 justa
1750 1067 1982 1104 Ardembur-

435 1140 523 1177 gum
537 1156 545 1171 ,
563 1132 648 1163 ante
672 1132 898 1177 praetactum
918 1127 1119 1164 concilium
1139 1127 1338 1177 acquisitas
1361 1126 1516 1171 habere,
1535 1139 1647 1177 quas,
1672 1126 1757 1163 licet
1775 1126 1979 1176 aliquando

435 1186 666 1223 secularibus
698 1186 919 1223 excolendas
954 1186 1201 1233 tradiderant,
1234 1186 1312 1235 jam
1348 1185 1394 1222 ad
1434 1198 1566 1222 manus
1609 1185 1776 1236 ipsorum
1818 1185 1982 1235 legitime

436 1245 653 1290 redeuntes,
682 1246 844 1296 propriis
876 1245 952 1282 suis
984 1245 1197 1296 sumptibus
1227 1250 1262 1282 et
1291 1244 1484 1282 laboribus
1513 1234 1720 1282 excoluisse
1745 1243 1907 1294 jamdiu,
1938 1256 1994 1280 ac.

437 1317 568 1340 nemus
587 1304 729 1354 vulgari
752 1304 902 1340 nomine
918 1317 983 1340 seu
1003 1304 1206 1354 virgultum
1229 1304 1432 1354 plantasse,
1458 1304 1665 1354 plantatum
1690 1302 1799 1339 etiam
1820 1302 1980 1340 tenuisse

435 1362 612 1398 continue
633 1367 716 1412 post
735 1362 1001 1412 plantationem
1019 1362 1235 1411 hujusmodi
1251 1376 1370 1413 usque
1388 1361 1434 1398 ad
1454 1367 1619 1412 tempora
1639 1361 1836 1406 hodierna,
1856 1360 1979 1398 viden-

434 1421 533 1457 tibus
565 1426 601 1457 et
624 1421 827 1458 scientibus
852 1421 1035 1458 universis
1061 1421 1287 1458 habentibus
1311 1420 1560 1471 possessiones
1587 1419 1751 1455 confines
1779 1418 1977 1468 praedictis

435 1479 732 1529 possessionibus
761 1479 1035 1530 praedictorum
1067 1479 1366 1516 Cisterciensium
1394 1492 1458 1515 seu
1481 1477 1642 1522 vicinas,
1658 1476 1720 1526 jus
1739 1490 1891 1527 quoque
1909 1477 1979 1513 ali-

434 1538 535 1588 quod
562 1538 632 1574 sibi
659 1542 867 1588 competere
891 1538 926 1574 in
953 1538 1166 1574 confinibus
1185 1551 1248 1574 seu
1273 1537 1362 1574 locis
1389 1536 1586 1587 praedictis
1604 1535 1738 1572 vicinis
1757 1549 1802 1571 ex
1821 1548 1978 1572 consue—

435 1596 564 1632 tudine
596 1597 718 1632 forsan
751 1597 807 1632 vel
841 1596 983 1633 ratione
1013 1597 1100 1640 alia,
1133 1595 1464 1647 praetendentibus
1497 1594 1582 1630 licet
1612 1593 1811 1644 praemissa
1846 1607 1978 1644 negare

436 1660 621 1705 nequeant
646 1654 890 1704 probabiliter
908 1668 985 1691 esse
1002 1668 1086 1691 vera
1106 1659 1142 1690 et
1159 1654 1230 1691 sibi
1254 1654 1409 1690 notoria.
1432 1654 1472 1690 B.
1503 1658 1625 1689 tamen
1651 1652 1697 1689 de
1726 1653 1861 1689 Coutre
1891 1665 1976 1689 cum

436 1715 663 1765 quibusdam
695 1715 771 1751 suis
803 1714 1050 1764 complicibus
1078 1719 1205 1751 contra
1231 1714 1367 1750 dictam
1395 1713 1600 1749 libertatem
1626 1711 1822 1762 praedictis
1842 1711 1978 1748 Cister-

436 1772 624 1809 ciensibus
652 1772 698 1808 ab
730 1773 941 1823 Apostolica
975 1773 1067 1809 Sede
1098 1785 1308 1809 concessam
1335 1776 1370 1808 et
1388 1776 1515 1808 contra
1535 1769 1841 1807 consuetudinem
1862 1774 1979 1805 terrae

436 1832 678 1882 approbatam
699 1831 907 1881 praedictos
927 1831 1186 1868 Cistercienses
1205 1831 1251 1867 de
1269 1830 1433 1875 Tbosan,
1453 1843 1526 1866 non
1549 1829 1766 1866 auctoritate
1779 1827 1976 1877 judiciaria

434 1891 496 1927 sed
531 1891 654 1940 potius
687 1895 790 1926 motu
817 1904 882 1926 seu
914 1891 1116 1926 temeritate
1150 1890 1316 1940 propria,
1347 1902 1460 1939 super
1490 1887 1700 1938 praemissis
1726 1886 1915 1923 vexaverit
1941 1890 1977 1921 et

436 1950 685 1986 molestaverit
711 1950 835 1986 minus
856 1950 976 1999 juste,
1004 1956 1131 1986 contra
1160 1963 1270 2000 quos,
1303 1949 1332 1985 si
1365 1948 1534 1998 requisiti
1566 1959 1745 1990 essemus,
1779 1945 1977 1996 procedere

434 2008 654 2045 deberemus
673 2014 707 2044 et
726 2022 918 2058 possemus
938 2014 1080 2045 motum
1101 2022 1166 2045 seu
1191 2008 1431 2044 temeritatem
1453 2006 1670 2056 hujusmodi
1695 2003 1977 2054 compescendo.

435 2068 507 2104 Nos
533 2068 596 2117 qui
625 2068 843 2104 auctoritate
860 2068 1060 2118 apostolica
1086 2068 1297 2104 defensores
1324 2071 1360 2103 et
1385 2070 1662 2102 conservatores
1677 2063 1820 2113 jurium
1840 2062 1977 2099 Cister-

436 2126 615 2162 ciensium
642 2127 936 2176 praedictorum,
960 2129 1006 2163 (le
1031 2127 1169 2177 quibus
1197 2126 1340 2163 notorie
1363 2125 1471 2162 nobis
1497 2129 1659 2168 constat,
1679 2128 1720 2159 ut
1746 2135 1858 2173 supra
1877 2121 1977 2159 dixi-

436 2198 538 2229 mus,
558 2185 721 2235 deputati
742 2186 935 2223 existimus
955 2192 995 2222 ut
1015 2186 1212 2236 praedietis
1241 2184 1547 2222 Cisterciensibus
1574 2183 1786 2220 assistamus
1813 2182 1848 2218 in
1869 2194 1976 2231 prae-

435 2244 556 2280 missis
579 2250 613 2279 et
646 2258 686 2280 ca
720 2245 972 2294 tangentibus,
1004 2246 1111 2282 vobis
1138 2245 1315 2282 omnibus
1345 2249 1380 2280 et
1406 2243 1563 2293 singulis
1597 2242 1632 2278 in
1665 2241 1800 2277 virtute
1830 2244 1976 2277 sanctae

433 2303 666 2339 obedientiae
705 2308 740 2339 et
778 2304 847 2340 sub
882 2318 999 2354 poena
1037 2304 1291 2355 suspensionis
1328 2308 1363 2339 et
1398 2299 1814 2344 excommunicationis,
1850 2298 1974 2348 quoad

432 2362 547 2399 nostri
578 2362 833 2398 executionem
862 2363 1025 2399 mandati
1045 2377 1130 2399 cum
1154 2363 1346 2413 diligentia
1370 2366 1405 2398 et
1432 2359 1622 2411 vigilantia
1648 2356 1878 2408 exequendi,
1905 2370 1973 2406 pro
