2184 3074
749 279 910 317 CODEX
939 278 1185 318 DUNENSlS.
1662 281 1728 317 531

197 398 366 437 sionibus
383 411 490 436 aures
507 402 544 436 et
560 398 704 436 animos
729 397 946 444 avertendo,
973 397 1146 435 evitando
1165 410 1207 434 ac
1232 396 1448 448 repellendo
1468 396 1616 447 longius
1634 395 1735 433 sedi-

197 456 310 495 tiosos
330 461 366 495 et
386 457 614 508 perniciosos
640 457 741 494 viros
765 457 905 508 quibus
931 469 1127 494 amoenum
1145 459 1182 494 et
1205 455 1425 493 deliciosum
1443 469 1521 494 esse
1546 454 1735 492 videretur

196 515 412 568 adinvenire
439 515 687 554 dissensiones
712 519 749 552 et
774 514 980 552 discordias
1013 527 1231 566 procurare,
1267 526 1310 551 ac
1333 513 1568 565 supradictos
1586 513 1734 554 ,fratres

198 578 374 625 tanquam
392 578 562 625 acceptos
587 573 725 612 Christi
753 573 943 611 ministros
961 577 997 611 et
1021 573 1278 611 intercessores
1301 573 1348 610 ad
1367 573 1486 611 Deum
1504 585 1573 624 pro
1592 572 1734 623 populo

197 633 362 671 efficaces
377 633 554 671 habentes
567 632 742 670 attentius
757 632 1033 670 commendatos
1043 661 1052 679 ‚
1070 632 1184 670 nullis
1202 645 1265 670 eos
1282 632 1421 670 vexetis
1437 636 1502 670 aut
1519 631 1733 682 inquietetis

197 690 392 737 molestiis,
417 690 481 728 sed
511 703 579 742 pro
603 690 731 728 divina
755 696 791 728 et
809 695 934 728 nostra
959 690 1180 738 reverentia,
1207 703 1369 741 suaeque
1393 703 1518 728 sacrae
1542 689 1732 740 religionis

197 748 336 787 intuitu
362 749 523 787 fraterna
542 748 642 800 ipsos
659 749 939 800 prosequamini
961 749 1112 787 caritate
1139 762 1182 786 ac
1206 748 1278 799 piis
1303 749 1576 786 benivolentiae
1592 753 1732 786 vestrae

195 806 380 858 suffragiis
400 807 568 854 foveatis,
585 807 675 859 quia
694 821 739 846 ex
758 807 829 845 hoc
846 811 883 845 et
899 807 1161 845 retributorem
1179 807 1365 845 bonorum
1383 806 1553 844 omnium
1571 806 1733 844 reddetis

195 865 301 906 vobis
327 865 443 916 magis
465 865 670 916 propitium
702 870 738 903 et
764 866 927 902 favorem
955 870 1124 903 nostrum
1153 865 1300 916 plenius
1325 865 1535 916 acquiretis.
1559 865 1617 902 Ad
1643 864 1732 902 haec

195 923 284 974 quia
316 923 484 961 studium
513 923 552 961 in
579 923 726 960 civitate
754 923 962 974 praedicta,
989 923 1134 960 favente
1161 923 1343 970 Domine,
1375 923 1562 975 prosperis
1588 936 1734 974 semper

195 982 358 1020 excrevit
369 982 578 1033 augmentis
591 986 627 1019 et
639 981 801 1033 optimos
820 981 1001 1032 produxit
1013 981 1164 1019 effectus
1174 1011 1183 1028 ‚
1199 981 1300 1019 unde
1314 982 1526 1019 nullatenus
1542 981 1734 1033 expediret

195 1041 318 1092 ipsum
341 1041 477 1078 exinde
497 1040 695 1087 removeri,
720 1040 785 1078 sed
808 1041 916 1078 valde
939 1040 1190 1091 dampnosum
1216 1041 1388 1078 existeret
1413 1041 1444 1078 si
1469 1040 1623 1078 forsitan
1640 1039 1730 1077 alibi

192 1099 462 1146 transferretur,
479 1099 526 1136 de
542 1103 663 1137 vestra
680 1103 717 1136 et
734 1099 851 1150 ipsius
870 1099 1110 1136 translatione
1133 1098 1247 1136 studii
1266 1098 1313 1136 ad
1332 1099 1455 1136 locum
1476 1099 1591 1136 alium
1613 1098 1731 1136 nichil

193 1157 265 1196 hiis
289 1157 452 1208 pensatis
482 1157 648 1195 statuatis
675 1157 844 1208 penitus,
874 1171 943 1195 nec
965 1158 1141 1196 formetis.
1162 1157 1236 1196 Nos
1266 1157 1366 1194 enim
1393 1157 1510 1208 parati
1533 1170 1662 1194 sumus
1690 1157 1729 1193 in

191 1216 368 1254 omnibus
388 1229 485 1268 quae
509 1216 627 1267 ipsius
651 1216 903 1255 universitatis
934 1217 1115 1255 honorem
1145 1221 1182 1254 et
1208 1216 1350 1254 bonum
1375 1216 1597 1267 respiciunt,
1627 1215 1730 1253 vobis

192 1275 415 1326 apostolieae
432 1275 570 1326 gratiae
583 1275 737 1326 januam
757 1275 912 1326 aperire.

889 1397 1014 1410 ⁴*—

902 1542 1020 1580 ccvi.

192 1656 310 1693 Leltre
339 1656 517 1703 antbert,
548 1659 690 1696 notaire
718 1658 770 1696 du
791 1671 906 1708 pape,
937 1658 960 1695 ἁ
984 1658 1140 1709 leveque
1172 1657 1215 1695 de
1250 1658 1441 1706 Tournay,
1473 1670 1522 1694 au
1547 1657 1642 1707 sujet
1666 1655 1727 1692 des

608 1716 779 1766 depensos
801 1717 846 1755 de
863 1729 906 1755 aa
928 1717 1081 1755 mission
1105 1729 1150 1754 en
1167 1717 1324 1754 France.

238 1917 449 1956 Venerabili
484 1919 523 1957 in
556 1919 704 1958 Christo
735 1920 831 1971 patri
866 1920 1018 1958 domino
1050 1920 1117 1957 Dei
1148 1919 1264 1972 gratia
1292 1919 1514 1957 Tornacensi
1547 1918 1723 1969 episeopo

190 1976 536 2024 Albertus‚domini
551 1990 669 2029 papae
687 1979 872 2026 notarius,
886 1979 1042 2017 salutem
1061 1979 1100 2016 in
1121 1978 1295 2016 Domino.
1313 1978 1407 2016 Cum
1430 1977 1606 2015 dominus
1628 1990 1723 2028 papa

190 2047 258 2072 nos
278 2034 423 2072 mittere
448 2035 487 2073 in
512 2036 708 2074 Franciam
738 2050 807 2087 pro
830 2037 1057 2089 quibusdam
1075 2036 1258 2075 Ecclesiae
1282 2037 1471 2075 Romanae
1493 2035 1667 2086 negotiis,
1689 2039 1726 2073 et

189 2097 343 2143 propter
358 2092 431 2131 hoc
449 2106 518 2132 nos
540 2094 667 2132 subire
689 2099 859 2146 oporteat
881 2099 918 2132 et
937 2094 1144 2145 oportuerit
1170 2107 1303 2145 magna
1320 2107 1432 2132 onera
1454 2106 1722 2145 expensarum,

190 2151 452 2190 paternitatem
467 2153 632 2192 Vestram
656 2154 883 2206 requirimus
908 2159 945 2192 et
966 2167 1141 2205 rogamus
1159 2153 1334 2191 attentius
1349 2157 1533 2205 quatenus
1550 2152 1600 2190 ob
1619 2165 1724 2189 reve-

189 2209 345 2247 rentiam
364 2211 600 2261 Apostolicae
617 2211 723 2250 Sedis
751 2213 861 2251 nobis
879 2213 1000 2251 velitis
1019 2213 1066 2250 de
1087 2226 1130 2250 tx
1157 2212 1279 2258 libris,
1306 2212 1345 2248 in
1371 2224 1533 2262 quarum
1558 2223 1723 2256 summa2

189 2268 284 2306 sicut
301 2268 501 2316 credimus,
514 2269 635 2308 clerus
644 2275 764 2308 vester
784 2271 941 2309 minime
954 2274 1185 2322 aggravatur,
1200 2270 1248 2307 ad
1269 2269 1570 2307 exonerationem
1592 2282 1725 2319 expen-

189 2339 313 2365 sarum
344 2327 560 2377 hujusmodi
584 2329 792 2379 providere.
824 2330 872 2369 Ut
899 2334 1024 2367 autem
1055 2329 1126 2367 hoc
1150 2328 1294 2366 efficere
1316 2328 1461 2366 facilius
1484 2332 1521 2365 et
1537 2327 1723 2365 efficacius

189 2385 352 2433 valeatis,
375 2386 482 2425 vobis
506 2387 724 2438 imponendi
748 2388 865 2427 dictas
898 2402 944 2426 ax
975 2388 1089 2426 libras
1121 2388 1218 2425 inter
1240 2400 1416 2438 personas
1438 2386 1721 2430 ecclesiasticas,
