2184 3074
409 232 484 270 ⁹201
962 227 1022 265 CO
1028 227 1121 264 DEX
1149 226 1395 264 DUNENSIS.

411 344 496 380 dem
519 342 675 394 apostoli
698 354 927 395 successores
945 341 1167 378 documenta
1185 340 1364 386 salubria,
1390 340 1539 377 vivendi
1567 354 1712 387 norma,
1740 342 1949 379 munimina

412 407 596 453 oportuna
615 407 650 438 et
668 401 845 438 canonica
863 399 1031 437 instituta
1049 400 1279 450 procedunt,
1301 412 1504 450 verumque
1527 400 1668 450 fragilis
1685 402 1740 438 est
1757 405 1792 438 et
1811 402 1949 439 caduca

413 460 579 497 conditio
611 465 862 505 terrenorum,
896 459 1036 509 quibus
1063 458 1204 508 ingruit
1226 463 1394 495 senectus
1421 472 1466 495 ex
1491 463 1676 509 tempore,
1702 473 1747 496 ex
1775 460 1951 498 exercitio

415 519 609 565 lassitudo,
636 519 765 568 langor
786 531 832 554 ex
858 517 1130 567 permanentia,
1160 530 1205 553 ex
1227 517 1465 554 consistentia
1489 530 1595 554 casus
1621 514 1725 554 etex
1752 518 1953 556 diurnitate

414 578 595 623 desectus,
620 576 742 613 labilis
773 576 936 612 humana
968 580 1099 612 natura
1133 575 1220 611 huic
1248 575 1317 624 legi
1345 574 1597 625 corruptionis
1622 575 1788 622 addicta,
1811 582 1953 626 quanto

414 636 560 685 longius
582 648 692 672 suum
715 648 793 672 esse
813 634 1050 684 producitur,
1075 638 1176 671 tanto
1198 634 1316 671 tendit
1333 634 1488 684 propius
1515 634 1561 671 ad
1583 647 1659 672 non
1682 648 1777 680 esse,
1802 640 1954 686 propter

414 694 516 744 quod
549 693 697 730 vivendi
723 693 886 743 spatium
905 693 944 729 in
966 705 1199 743 unoquoque
1222 692 1369 730 mortali
1397 706 1467 730 sua
1488 693 1614 731 innata
1637 693 1853 731 infirmitate
1876 707 1955 731 res-

416 751 608 802 tringitur,
633 756 668 788 et
690 751 863 801 propriae
880 751 1097 801 fragilitatis·
1110 763 1242 788 occasu
1269 751 1408 788 desinit
1433 751 1472 788 in
1494 751 1664 802 quolibet
1688 751 1784 789 vitae
1812 765 1955 790 cursus.

416 809 484 846 Hic
502 809 668 859 profecto
684 813 800 846 status
819 808 998 846 occiduus
1016 809 1193 846 omnibus
1219 809 1470 846 communiter
1492 809 1682 856 imminet,
1706 810 1852 860 magnis
1869 811 1957 861 qui-

414 868 498 904 dem
516 872 552 904 et
566 867 702 917 parvis,
717 867 890 918 praelatis
904 871 940 903 et
952 867 1125 914 subditis,
1135 867 1360 905 sublimibus
1377 868 1515 918 pariter
1531 872 1643 918 atque
1665 868 1774 918 ymis.
1786 869 1859 906 Sed
1873 869 1959 907 licet

415 918 659 965 ecclesiastico
686 926 788 977 gregi
813 930 1004 977 pastorum
1027 939 1182 964 suorum
1207 927 1379 964 decessus
1403 928 1577 965 eveniens
1607 927 1859 965 turbationem
1881 941 1956 967 non

417 984 601 1021 modicam
627 984 770 1035 ingerat
796 989 833 1021 et
855 985 1040 1032 dolorem,
1068 998 1239 1035 magnam
1268 991 1391 1022 tamen
1417 986 1524 1023 affert
1550 986 1622 1023 sibi
1650 986 1826 1023 laetitiam
1855 991 1957 1037 grata

416 1043 632 1094 subrogatio
659 1057 930 1090 successorum,
957 1045 1174 1095 praesertim
1196 1058 1282 1081 cum
1306 1045 1345 1082 in
1371 1045 1637 1084 substitutione
1658 1058 1735 1082 non
1757 1045 1958 1093 intervenit

416 1102 567 1139 tarditas
598 1107 633 1139 et
662 1103 899 1139 voluntatum
931 1103 1148 1140 communio
1180 1103 1385 1140 intercedit.
1420 1103 1518 1141 Sane
1549 1103 1666 1140 felicis
1693 1103 1959 1143 recordationis

416 1161 635 1198 Innocentio
649 1174 763 1212 papa,
786 1161 1067 1212 praedecessore
1086 1166 1230 1209 nostro,
1249 1162 1309 1200 Vll
1333 1162 1418 1199 idus
1437 1161 1648 1199 decembris
1667 1161 1704 1198 in
1728 1174 1843 1212 regno
1865 1161 1961 1208 Sici-

417 1220 504 1266 liae,
527 1219 566 1256 in
591 1220 739 1257 civitate
764 1221 936 1270 Neapoli,
964 1225 1000 1257 et
1021 1226 1179 1271 angusto
1202 1226 1238 1258 et
1263 1226 1356 1258 tetro
1383 1221 1502 1258 carnis
1530 1233 1675 1258 carcere
1700 1225 1846 1266 vocato,
1865 1220 1962 1266 sicut

417 1291 631 1327 speramus,
648 1278 693 1315 ad
710 1278 915 1329 spatiosum
934 1283 969 1316 et
983 1279 1150 1316 lucidum
1167 1279 1259 1316 coeli
1278 1280 1456 1330 palatium
1469 1308 1478 1326 ,
1496 1284 1538 1316 ut
1551 1279 1598 1316 de
1611 1279 1739 1316 multis
1751 1279 1960 1326 laboribus,

418 1349 513 1386 quos
544 1349 612 1386 pro
642 1337 825 1374 Ecclesiae
856 1337 998 1374 honore
1027 1350 1070 1374 ac
1100 1338 1270 1375 libertate
1300 1341 1512 1375 constanter
1541 1337 1714 1387 pertulit,
1753 1337 1960 1375 mercedem

419 1395 554 1445 quictis
586 1396 766 1446 percipiat
792 1397 1056 1446 sempiternae,
1083 1410 1126 1434 ac
1151 1397 1304 1443 deinde,
1338 1397 1455 1448 ipsius
1485 1396 1742 1446 sollempniter
1769 1396 1961 1434 celebratis

419 1454 603 1504 exequiis,
630 1455 786 1506 ejusque
816 1469 973 1507 corpore
996 1456 1220 1503 honorifice,
1245 1463 1358 1507 prout
1385 1456 1524 1502 decuit,
1551 1455 1754 1496 tumulato.
1779 1468 1847 1492 nos
1872 1460 1962 1492 tunc

420 1512 601 1550 Ostiensis
620 1518 655 1551 et
669 1514 696 1551 V
701 1514 904 1552 elletrensis
919 1515 1116 1566 episcopus
1130 1520 1166 1552 et
1179 1515 1311 1552 caeteri
1330 1515 1459 1552 fratres
1475 1514 1590 1552 nostri
1607 1527 1696 1551 mox
1709 1526 1778 1564 pro
1790 1513 1961 1564 eligendo

421 1583 631 1608 successore
657 1572 769 1609 simul
795 1573 1060 1620 convenimus,
1084 1573 1285 1624 dirigentes
1315 1578 1456 1610 mentes
1487 1573 1534 1610 ad
1565 1572 1772 1610 Dominum
1796 1577 1839 1609 ut
1860 1572 1961 1622 gregi

422 1642 489 1666 suo
520 1635 704 1679 pastorem
736 1631 927 1681 ydoneum
959 1637 1136 1670 consueta
1168 1631 1423 1669 misericordia
1454 1631 1662 1681 largiretur.
1692 1631 1883 1681 Cumque,
1919 1635 1964 1668 ut

424 1687 538 1724 moris
564 1693 636 1734 est,
662 1689 824 1739 Spiritus
844 1690 967 1727 Sancti
988 1691 1175 1740 postulato
1193 1690 1390 1740 suffragio,
1412 1690 1645 1740 singulorum
1666 1693 1750 1726 vota
1766 1688 1965 1740 diligenter

424 1746 607 1796 exquisita
627 1747 800 1794 fuissent,
814 1748 853 1785 in
873 1762 940 1786 nos
958 1749 1109 1786 deinum
1128 1763 1238 1786 suum
1254 1753 1517 1786 converterunt
1535 1748 1729 1794 intuitum,
1747 1748 1965 1785 direxerunt

425 1804 568 1841 animos
586 1809 621 1842 et
640 1810 837 1856 conceptos
856 1820 1068 1857 expressere
1081 1820 1124 1844 ac
1138 1808 1332 1844 firmavere
1347 1820 1566 1853 consensus,
1581 1807 1845 1857 praeeligentes
1863 1806 1963 1844 indi-

424 1862 601 1912 gnitatem
628 1869 792 1901 nostram
821 1865 868 1901 ad
899 1865 1160 1915 exequendum
1189 1870 1311 1902 tantae
1334 1865 1500 1902 officium
1526 1864 1734 1915 dignitatis,
1765 1877 1850 1902 cum
1876 1877 1962 1901 nos-

426 1926 568 1959 trorum
588 1924 806 1973 parvitatem
825 1925 1043 1961 meritorum
1062 1925 1208 1962 deceret
1225 1925 1376 1963 subesse
1400 1924 1524 1975 potius
1548 1938 1662 1975 quam
1683 1928 1783 1961 tanto
1801 1923 1965 1960 culmine

427 1981 646 2031 praesidere.
1816 2025 1818 2027 .

474 2039 548 2076 Nos
566 2044 688 2077 autem
715 2045 880 2078 nostram
903 2041 1132 2078 attendentes
1158 2041 1449 2078 imbecillitatem
1475 2045 1510 2078 et
1533 2040 1835 2078 insufficientiam
1860 2040 1964 2091 cogi-

428 2103 563 2143 tantes,
594 2104 789 2150 pensantes
815 2104 889 2137 tam
908 2101 1030 2151 gravis
1051 2100 1218 2138 sarcinae
1237 2101 1372 2137 molem
1392 2104 1428 2136 et
1447 2099 1537 2136 tanti
1558 2099 1711 2137 honoris
1729 2098 1964 2136 altitudinem

427 2157 674 2204 advertentes,
693 2157 852 2195 nimium
869 2159 1150 2208 trepidavimus,
1158 2159 1358 2209 validoque
1368 2158 1534 2195 membra
1545 2162 1670 2195 nostra
1685 2157 1883 2208 obriguere
1898 2171 1966 2208 pa—

428 2228 534 2260 vore,
553 2228 594 2251 ac
609 2215 706 2252 intra
725 2229 792 2254 nos
812 2230 877 2254 cor
891 2222 1060 2254 nostrum
1080 2217 1289 2254 vehementi
1309 2217 1415 2268 quasi
1435 2221 1586 2267 stupore
1604 2215 1751 2267 gelavit,
1769 2220 1806 2252 et
1822 2229 1966 2252 eorum-

428 2273 512 2309 dem
544 2273 741 2310 intentioni
766 2275 922 2312 fratrum
947 2289 1015 2326 pro
1039 2289 1146 2326 posse
1172 2275 1394 2320 restitimus,
1417 2280 1544 2312 contra
1571 2274 1772 2311 concordes
1797 2273 1964 2324 ipsorum

429 2332 580 2369 affectus
612 2333 818 2382 plurimum
840 2335 1078 2382 reluctantes,
1106 2335 1297 2371 renuendo
1320 2347 1472 2385 prorsus
1496 2333 1542 2370 ad
1566 2333 1702 2370 summi
1728 2332 1965 2382 pontificatus
