2184 3074
481 347 529 385 82
1038 347 1200 385 CODEX
1225 346 1470 385 DUNENSlS.

529 465 671 504 Levabo
688 466 809 504 oculos
826 478 923 503 meos
940 472 973 503 et
988 464 1224 503 considerabo
1245 463 1434 502 mirabilia
1454 470 1533 509 tua,
1556 465 1729 510 Domine,
1753 472 1797 504 ut
1815 466 1942 504 doceas
1960 479 2016 504 me

470 525 643 575 justitias
660 537 760 562 meas
767 541 782 570 ;
805 524 853 561 da
873 524 968 562 mihi
984 524 1203 562 intellectum
1223 529 1266 560 ut
1284 523 1426 560 discam
1444 522 1624 560 mandata
1644 528 1720 560 tua.
1741 523 1856 562 Levat
1872 524 2015 575 quippe

477 583 605 621 oculos
618 596 705 620 suos
718 586 754 620 et
766 582 976 620 considerat
992 582 1179 620 mirabilia
1193 581 1359 628 Domini,
1373 581 1438 632 qui
1454 581 1546 618 dum
1560 580 1618 618 sui
1633 580 1752 618 cernit
1765 581 2014 620 humilitatem

475 641 661 690 ingressus
679 653 916 691 progressum
935 654 1024 678 vero
1042 640 1170 677 multis
1194 640 1377 690 repletum
1403 639 1572 676 intuetur
1596 639 1775 687 miseriis,
1797 640 1956 679 advertit
1975 654 2014 679 se

475 698 618 735 ratione
635 699 775 749 vigere,
795 699 1018 749 participare
1035 711 1121 735 cum
1138 697 1278 748 angelis
1296 697 1485 748 cognoscit
1501 701 1538 734 et
1551 697 1700 735 tandem
1714 698 1761 736 ad
1776 698 2014 737 sublimiores

475 757 634 795 honores
658 770 697 794 se
719 757 902 807 conspicit
930 757 1057 794 divina
1079 756 1196 806 gratia
1227 760 1457 806 provectum.
1489 756 1588 793 Haec
1614 757 1816 794 ammirans
1843 757 2012 808 egregius

474 815 536 852 ille
553 815 747 853 Psalmista
765 816 988 866 proclamat,
1007 829 1092 853 cum
1111 815 1204 852 dicit
1223 831 1230 852 :
1251 814 1351 863 Quid
1367 815 1556 860 esthemo,
1580 816 1680 866 quod
1692 828 1831 854 memor
1851 829 1888 854 es
1907 817 2014 868 ejus?

473 878 548 911 aut.
557 873 660 923 filins
681 874 862 919 hominis,
886 876 1062 924 quoniam
1083 875 1210 911 visitas
1235 873 1346 911 eum?
1370 874 1461 924 quia
1486 874 1659 911 minuisti
1675 887 1759 912 eum
1771 875 2014 924 paulominus

473 930 518 969 ab
530 932 669 982 anyelis
678 949 689 968 :
706 932 829 983 qloria
843 932 1025 970 ethonore
1041 933 1226 970 coronasti
1241 944 1335 969 eum.
1351 931 1413 968 Sic
1426 931 1563 968 faciens
1577 931 1667 981 quia
1680 945 1720 969 se
1733 932 1909 970 humiliat
1919 933 2012 971 adeo

472 995 722 1040 consequetur
739 995 782 1027 ut
798 990 877 1040 ejus
895 990 1073 1028 doceatur
1095 990 1276 1040 justitias,
1298 994 1334 1026 et
1351 989 1399 1026 ab
1417 989 1499 1040 ipso
1524 989 1714 1027 intellectu
1740 995 1888 1041 recepto
1910 991 2011 1030 illius

472 1061 547 1085 non
571 1048 716 1098 ignoret
733 1049 926 1095 mandata,
945 1049 1009 1087 sed
1027 1049 1155 1086 discat.
1175 1048 1374 1086 Humilitas
1393 1048 1579 1099 siquidem
1599 1062 1666 1099 per
1687 1062 1802 1100 quam
1819 1050 2011 1101 dignitatis

470 1121 566 1158 quae
583 1121 663 1144 eam
677 1107 847 1146 habentis
861 1108 1012 1158 ingenio
1025 1108 1194 1159 augenda
1212 1112 1278 1153 est,
1297 1120 1374 1144 non
1392 1107 1536 1144 oriatur
1553 1111 1788 1158 contemptus
1804 1108 1843 1145 in
1861 1114 2010 1159 regente

468 1166 570 1202 velut
587 1166 778 1215 quoddam
796 1166 912 1216 sydus
931 1166 1095 1212 irradiat,
1114 1165 1375 1202 exaltationem
1394 1170 1569 1211 meretur,
1587 1170 1624 1202 et
1642 1169 1820 1216 tanquam
1839 1171 2009 1217 accepta-

467 1223 543 1261 bile
555 1225 778 1261 sacrificium
789 1225 1005 1275 placetDeo.
1021 1225 1096 1262 Nos
1112 1229 1235 1262 autem
1249 1224 1315 1274 qui
1329 1236 1574 1274 suppremum
1591 1223 1677 1261 licet
1691 1223 1868 1261 immeriti
1882 1225 2007 1263 locum

466 1283 535 1320 Dei
554 1283 749 1320 clementia
769 1289 936 1321 tenemus
952 1284 990 1320 in
1006 1283 1128 1329 terris,
1145 1296 1220 1320 non
1234 1283 1423 1320 ammirari
1437 1283 1560 1320 solum
1575 1282 1694 1320 sedin
1709 1287 1900 1333 stuporem
1913 1284 2007 1322 verti

467 1341 658 1387 debemus,
678 1355 791 1392 super
804 1342 902 1379 Petri
918 1343 1012 1380 solio
1027 1343 1173 1380 excelso
1186 1343 1324 1380 throno
1337 1342 1518 1389 sedentes,
1532 1341 1612 1392 ejus
1627 1342 1817 1380 constituti
1833 1343 2006 1390 vicarius,

466 1399 526 1436 cui
543 1413 615 1451 *per
633 1400 778 1437 Patrem
803 1400 963 1438 dicitur:
987 1401 1110 1438 Filius
1131 1414 1234 1439 meus
1255 1414 1291 1438 es
1314 1406 1373 1447 lu,
1400 1413 1463 1452 eqo
1485 1400 1591 1438 hodie
1609 1402 1722 1451 qenai
1747 1406 1798 1446 le,
1825 1400 1918 1439 dabo
1944 1400 2009 1439 uzi

462 1463 584 1507 qentes
598 1457 858 1496 haereditatem
875 1465 977 1497 tuam
995 1465 1029 1497 et
1040 1461 1306 1509 possessionem
1324 1465 1427 1497 tuam
1440 1460 1614 1497 terminos
1631 1465 1762 1497 terrae.
1781 1459 2006 1508 Qualitatem

464 1515 618 1566 insuper
632 1517 862 1555 attendentes
881 1518 1058 1568 temporis
1077 1518 1116 1554 in
1136 1518 1308 1555 timorem
1327 1517 1406 1555 dari
1427 1517 1699 1568 compellimur.
1713 1517 1836 1555 Minus
1849 1517 2005 1569 quidem

464 1573 558 1610 bene
576 1574 736 1624 quiescit
751 1575 918 1622 ecclesia,
938 1576 1056 1626 ipsius
1075 1580 1190 1614 terras
1209 1581 1246 1613 et
1269 1576 1479 1626 adjacentes
1501 1575 1713 1626 provincias
1737 1575 1835 1612 bella
1859 1580 2006 1613 vastant

464 1631 587 1669 civilia
597 1662 606 1678 ,
625 1633 705 1671 illas
725 1634 876 1672 hostiles
896 1635 1067 1672 incursus
1082 1639 1118 1672 et
1131 1635 1360 1685 quandoque
1375 1635 1563 1685 ingressus
1576 1635 1836 1671 exterminant.
1851 1635 2002 1672 Terram

463 1695 626 1728 sanctam
644 1693 887 1731 Babilonicus
909 1707 985 1731 non
1003 1694 1084 1731 sine
1102 1694 1308 1744 ignominia
1334 1693 1527 1731 christiani
1551 1693 1716 1731 nominis
1743 1693 2004 1741 miserabiliter

438 1760 444 1767 '
462 1755 679 1800 occupatam
703 1751 862 1798 detinet,
880 1757 915 1789 et
939 1753 1111 1790 nonnulli
1131 1753 1320 1804 principes
1339 1752 1476 1790 Christi
1496 1752 1624 1789 fideles
1640 1751 1817 1789 adversus
1836 1765 1874 1788 se
1891 1751 2003 1790 dissi-

462 1808 551 1845 dent
568 1813 603 1845 et
619 1810 870 1859 oportunitate
887 1815 1031 1862 captata
1049 1811 1208 1848 libenter
1224 1811 1296 1849 sibi
1316 1811 1476 1848 invicem
1495 1810 1722 1861 perniciosas
1741 1810 1895 1847 insidias
1912 1823 2002 1861 pro-

462 1872 602 1904 curent.
620 1868 712 1915 Quis
735 1882 822 1919 ergo
848 1870 1032 1920 superbus
1056 1874 1178 1906 tantae
1202 1869 1393 1920 dignitatis
1419 1869 1565 1920 fastigio
1589 1868 1736 1918 putabit
1760 1881 1799 1906 se
1826 1868 2001 1919 dignum,

461 1929 524 1962 aut
541 1925 626 1976 quis
649 1926 791 1964 solidus
813 1940 852 1964 se
875 1932 978 1964 tanto
1000 1928 1103 1965 oneri
1129 1941 1256 1979 parem
1281 1928 1430 1965 credet?
1454 1928 1529 1965 Nos
1556 1927 1754 1978 indignum
1779 1926 1940 1964 dicimus
1965 1931 2002 1964 et

461 1996 529 2020 nos
547 1983 726 2034 imparem
746 1985 878 2023 merito
896 1991 1124 2037 reputamus.
1147 1988 1203 2024 Ex
1228 1987 1355 2024 debito
1382 2000 1544 2037 namque
1567 1986 1761 2037 pastoralis
1778 1986 1891 2023 officii
1911 1999 2000 2036 pro-

460 2041 588 2079 hibere
606 2042 781 2090 crimina,
799 2046 1022 2094 persuadere
1040 2047 1214 2093 virtutes,
1232 2046 1393 2084 inserere
1410 2059 1557 2096 pacem,
1576 2045 1704 2083 tollere
1727 2044 1813 2082 odia
1834 2050 1870 2081 et
1892 2058 1999 2082 scan-

459 2100 541 2137 dala
558 2115 748 2140 removere
770 2107 949 2142 tenemur.
968 2105 1041 2143 Sed
1059 2105 1242 2142 increduli
1262 2105 1385 2142 hostes
1410 2105 1543 2142 discoli
1566 2103 1707 2142 subditi
1734 2103 1998 2154 superstitiosi,

458 2158 614 2208 subjecti
633 2160 756 2197 devoti
777 2162 934 2199 nimium
950 2163 1096 2201 delicati
1117 2168 1153 2201 et
1166 2168 1318 2215 propter
1332 2163 1522 2201 suasiones
1537 2175 1668 2213 pravas
1686 2162 1826 2212 quibus
1846 2161 1998 2199 obviare

458 2217 703 2266 intendimus,
722 2220 925 2271 aliquando
943 2222 1160 2272 pertinaces.
1182 2222 1344 2273 Ideoque
1361 2222 1544 2259 Ecclesiae
1562 2222 1608 2258 ad
1626 2221 1832 2258 Dominum
1848 2233 2010 2271 egemus‘

457 2275 641 2326 suffragiis
660 2281 695 2314 et
713 2283 926 2317 sanctorum
949 2281 1181 2318 orationibus
1204 2281 1434 2331 indigemus,
1452 2285 1494 2317 ut
1522 2281 1600 2331 ipse
1623 2279 1787 2329 justitias
1815 2292 1902 2316 suas
1929 2291 1997 2317 nos

457 2333 587 2371 doceat
604 2339 639 2371 et
658 2335 885 2374 intellectum
904 2338 969 2376 det
986 2339 1095 2377 nobis
1113 2339 1216 2390 quod
1235 2339 1314 2389 ejus
1332 2338 1507 2376 mandata
1526 2338 1714 2375 discamus
1732 2352 1740 2373 :
1760 2337 1996 2374 observantia

456 2404 591 2449 nempe
604 2392 770 2441 justitiae
788 2409 880 2445 pax,
899 2397 987 2447 quia
1006 2402 1094 2434 sunt
1111 2411 1184 2448 pax
1210 2402 1246 2435 et
1265 2398 1432 2447 justitiae
1455 2397 1666 2448 copulatae,
1680 2400 1716 2433 et
1733 2394 1995 2432 mandatorum

455 2449 524 2486 Dei
557 2450 763 2488 custodiam
786 2453 934 2491 devotio
957 2455 1067 2492 etiam
1090 2461 1302 2493 exterorum
1327 2461 1363 2493 et
1389 2455 1601 2493 obedientia
1628 2453 1864 2492 comitantur.
1889 2453 1994 2491 Illius
