<?xml version="1.0" encoding="UTF-8"?>
<!DOCTYPE html PUBLIC "-//W3C//DTD XHTML 1.0 Transitional//EN"
    "http://www.w3.org/TR/xhtml1/DTD/xhtml1-transitional.dtd">
<html xmlns="http://www.w3.org/1999/xhtml" xml:lang="en" lang="en">
 <head>
  <title>
</title>
<meta http-equiv="Content-Type" content="text/html;charset=utf-8" />
  <meta name='ocr-system' content='tesseract 3.04.00' />
  <meta name='ocr-capabilities' content='ocr_page ocr_carea ocr_par ocr_line ocrx_word'/>
</head>
<body>
  <div class='ocr_page' id='page_1' title='image "./codexdunensissiv00kervuoft/codexdunensissiv00kervuoft_0046.png"; bbox 0 0 2184 3074; ppageno 0'>
   <div class='ocr_carea' id='block_1_1' title="bbox 455 317 1442 358">
    <p class='ocr_par' dir='ltr' id='par_1_1' title="bbox 455 317 1442 358">
     <span class='ocr_line' id='line_1_1' title="bbox 455 317 1442 358; baseline -0.001 -3"><span class='ocrx_word' id='word_1_1' title='bbox 455 319 480 355; x_wconf 80' lang='lat'>4</span> <span class='ocrx_word' id='word_1_2' title='bbox 539 340 542 343; x_wconf 91' lang='lat'><em>-</em></span> <span class='ocrx_word' id='word_1_3' title='bbox 844 351 851 358; x_wconf 93' lang='lat'><strong>.</strong></span> <span class='ocrx_word' id='word_1_4' title='bbox 1011 317 1173 356; x_wconf 90' lang='lat' dir='ltr'>CODEX</span> <span class='ocrx_word' id='word_1_5' title='bbox 1197 317 1442 355; x_wconf 87' lang='lat' dir='ltr'><strong>DUNENSIS.</strong></span> 
     </span>
    </p>
   </div>
   <div class='ocr_carea' id='block_1_2' title="bbox 453 432 1991 544">
    <p class='ocr_par' dir='ltr' id='par_1_2' title="bbox 453 432 1991 544">
     <span class='ocr_line' id='line_1_2' title="bbox 454 432 1991 483; baseline -0.001 -12"><span class='ocrx_word' id='word_1_6' title='bbox 454 439 594 474; x_wconf 87' lang='lat' dir='ltr'>veteres</span> <span class='ocrx_word' id='word_1_7' title='bbox 608 449 628 473; x_wconf 89' lang='lat' dir='ltr'>a</span> <span class='ocrx_word' id='word_1_8' title='bbox 645 436 842 473; x_wconf 87' lang='lat' dir='ltr'>novalibus</span> <span class='ocrx_word' id='word_1_9' title='bbox 860 436 1006 472; x_wconf 89' lang='lat' dir='ltr'>valeant</span> <span class='ocrx_word' id='word_1_10' title='bbox 1023 433 1182 471; x_wconf 86' lang='lat' dir='ltr'><strong>discerni</strong></span> <span class='ocrx_word' id='word_1_11' title='bbox 1190 462 1202 479; x_wconf 89' lang='lat'><em>,</em></span> <span class='ocrx_word' id='word_1_12' title='bbox 1223 432 1492 483; x_wconf 77' lang='lat' dir='ltr'><strong>respondemus</strong></span> <span class='ocrx_word' id='word_1_13' title='bbox 1508 432 1611 483; x_wconf 88' lang='lat' dir='ltr'>quod</span> <span class='ocrx_word' id='word_1_14' title='bbox 1628 432 1815 483; x_wconf 83' lang='lat' dir='ltr'>praedicta</span> <span class='ocrx_word' id='word_1_15' title='bbox 1834 445 1991 471; x_wconf 87' lang='lat' dir='ltr'>consue-</span> 
     </span>
     <span class='ocr_line' id='line_1_3' title="bbox 453 491 1685 544; baseline -0.005 -11"><span class='ocrx_word' id='word_1_16' title='bbox 453 495 543 533; x_wconf 84' lang='lat' dir='ltr'>tudo</span> <span class='ocrx_word' id='word_1_17' title='bbox 557 495 693 532; x_wconf 88' lang='lat' dir='ltr'>valeret</span> <span class='ocrx_word' id='word_1_18' title='bbox 711 495 808 532; x_wconf 84' lang='lat' dir='ltr'>inter</span> <span class='ocrx_word' id='word_1_19' title='bbox 827 498 948 544; x_wconf 88' lang='lat' dir='ltr'>partes</span> <span class='ocrx_word' id='word_1_20' title='bbox 967 506 1063 544; x_wconf 89' lang='lat' dir='ltr'>quae</span> <span class='ocrx_word' id='word_1_21' title='bbox 1078 493 1140 530; x_wconf 88' lang='lat' dir='ltr'>tali</span> <span class='ocrx_word' id='word_1_22' title='bbox 1161 491 1433 529; x_wconf 89' lang='lat' dir='ltr'>consuetudine</span> <span class='ocrx_word' id='word_1_23' title='bbox 1448 504 1536 528; x_wconf 87' lang='lat' dir='ltr'>usae</span> <span class='ocrx_word' id='word_1_24' title='bbox 1553 495 1685 528; x_wconf 81' lang='lat' dir='ltr'><strong>essent.</strong></span> 
     </span>
    </p>
   </div>
   <div class='ocr_carea' id='block_1_3' title="bbox 1158 624 1266 635">
    <p class='ocr_par' dir='ltr' id='par_1_3' title="bbox 1158 624 1266 635">
     <span class='ocr_line' id='line_1_4' title="bbox 1158 624 1266 635; baseline 0 0"><span class='ocrx_word' id='word_1_25' title='bbox 1158 624 1266 635; x_wconf 53' lang='lat' dir='ltr'>-w-</span> 
     </span>
    </p>
   </div>
   <div class='ocr_carea' id='block_1_4' title="bbox 1192 767 1252 804">
    <p class='ocr_par' dir='ltr' id='par_1_4' title="bbox 1192 767 1252 804">
     <span class='ocr_line' id='line_1_5' title="bbox 1192 767 1252 804; baseline 0 0"><span class='ocrx_word' id='word_1_26' title='bbox 1192 767 1252 804; x_wconf 92' lang='lat' dir='ltr'>lll.</span> 
     </span>
    </p>
   </div>
   <div class='ocr_carea' id='block_1_5' title="bbox 449 884 1990 993">
    <p class='ocr_par' dir='ltr' id='par_1_5' title="bbox 449 884 1990 993">
     <span class='ocr_line' id='line_1_6' title="bbox 449 884 1990 935; baseline -0.001 -13"><span class='ocrx_word' id='word_1_27' title='bbox 449 885 689 935; x_wconf 75' lang='lat' dir='ltr'>Marquerite,</span> <span class='ocrx_word' id='word_1_28' title='bbox 709 890 877 922; x_wconf 79' lang='lat' dir='ltr'>comtesse</span> <span class='ocrx_word' id='word_1_29' title='bbox 894 885 938 922; x_wconf 82' lang='lat' dir='ltr'>cle</span> <span class='ocrx_word' id='word_1_30' title='bbox 954 884 1122 922; x_wconf 80' lang='lat' dir='ltr'>Flandre</span> <span class='ocrx_word' id='word_1_31' title='bbox 1137 890 1169 928; x_wconf 71' lang='lat' dir='ltr'>ec</span> <span class='ocrx_word' id='word_1_32' title='bbox 1192 884 1235 921; x_wconf 82' lang='lat' dir='ltr'>de</span> <span class='ocrx_word' id='word_1_33' title='bbox 1253 884 1446 929; x_wconf 64' lang='lat' dir='ltr'>brainam,</span> <span class='ocrx_word' id='word_1_34' title='bbox 1466 884 1622 922; x_wconf 82' lang='lat' dir='ltr'>re&#39;clame</span> <span class='ocrx_word' id='word_1_35' title='bbox 1642 884 1705 921; x_wconf 78' lang='lat' dir='ltr'>des</span> <span class='ocrx_word' id='word_1_36' title='bbox 1725 885 1868 934; x_wconf 60' lang='lat' dir='ltr'>prieres</span> <span class='ocrx_word' id='word_1_37' title='bbox 1888 896 1990 933; x_wconf 82' lang='lat' dir='ltr'>pour</span> 
     </span>
     <span class='ocr_line' id='line_1_7' title="bbox 498 942 1988 993; baseline -0.001 -12"><span class='ocrx_word' id='word_1_38' title='bbox 498 943 529 981; x_wconf 86' lang='lat' dir='ltr'>Ie</span> <span class='ocrx_word' id='word_1_39' title='bbox 554 956 658 993; x_wconf 80' lang='lat' dir='ltr'>repos</span> <span class='ocrx_word' id='word_1_40' title='bbox 681 943 725 981; x_wconf 85' lang='lat' dir='ltr'>de</span> <span class='ocrx_word' id='word_1_41' title='bbox 748 943 854 981; x_wconf 76' lang='lat' dir='ltr'>l’dme</span> <span class='ocrx_word' id='word_1_42' title='bbox 878 944 921 981; x_wconf 87' lang='lat' dir='ltr'>de</span> <span class='ocrx_word' id='word_1_43' title='bbox 945 956 988 981; x_wconf 84' lang='lat' dir='ltr'>sa</span> <span class='ocrx_word' id='word_1_44' title='bbox 1012 944 1109 981; x_wconf 61' lang='lat' dir='ltr'>nicee</span> <span class='ocrx_word' id='word_1_45' title='bbox 1134 942 1300 980; x_wconf 80' lang='lat' dir='ltr'>Blanche</span> <span class='ocrx_word' id='word_1_46' title='bbox 1323 942 1511 993; x_wconf 79' lang='lat' dir='ltr'>d’Anjnu,</span> <span class='ocrx_word' id='word_1_47' title='bbox 1541 942 1675 992; x_wconf 82' lang='lat' dir='ltr'>femme</span> <span class='ocrx_word' id='word_1_48' title='bbox 1705 942 1749 980; x_wconf 87' lang='lat' dir='ltr'>de</span> <span class='ocrx_word' id='word_1_49' title='bbox 1780 942 1912 980; x_wconf 81' lang='lat' dir='ltr'>Roberl</span> <span class='ocrx_word' id='word_1_50' title='bbox 1943 942 1988 979; x_wconf 81' lang='lat' dir='ltr'>de</span> 
     </span>
    </p>
   </div>
   <div class='ocr_carea' id='block_1_6' title="bbox 496 1002 671 1040">
    <p class='ocr_par' dir='ltr' id='par_1_6' title="bbox 496 1002 671 1040">
     <span class='ocr_line' id='line_1_8' title="bbox 496 1002 671 1040; baseline 0.006 -1"><span class='ocrx_word' id='word_1_51' title='bbox 496 1002 671 1040; x_wconf 71' lang='lat' dir='ltr'>Bc&#39;lktme.</span> 
     </span>
    </p>
   </div>
   <div class='ocr_carea' id='block_1_7' title="bbox 434 1187 1985 2479">
    <p class='ocr_par' dir='ltr' id='par_1_7' title="bbox 442 1187 1985 1472">
     <span class='ocr_line' id='line_1_9' title="bbox 494 1187 1985 1239; baseline 0 -14"><span class='ocrx_word' id='word_1_52' title='bbox 494 1189 712 1239; x_wconf 68' lang='lat' dir='ltr'>Margaoeta,</span> <span class='ocrx_word' id='word_1_53' title='bbox 737 1188 933 1225; x_wconf 86' lang='lat' dir='ltr'>Flandriac</span> <span class='ocrx_word' id='word_1_54' title='bbox 956 1193 992 1225; x_wconf 89' lang='lat' dir='ltr'>et</span> <span class='ocrx_word' id='word_1_55' title='bbox 1017 1187 1208 1238; x_wconf 87' lang='lat' dir='ltr'>Haynoiae</span> <span class='ocrx_word' id='word_1_56' title='bbox 1230 1187 1433 1234; x_wconf 81' lang='lat' dir='ltr'>comitissa,</span> <span class='ocrx_word' id='word_1_57' title='bbox 1455 1187 1732 1224; x_wconf 85' lang='lat' dir='ltr'>venerabilibus</span> <span class='ocrx_word' id='word_1_58' title='bbox 1751 1192 1787 1224; x_wconf 92' lang='lat' dir='ltr'>et</span> <span class='ocrx_word' id='word_1_59' title='bbox 1803 1187 1985 1238; x_wconf 79' lang='lat' dir='ltr'>religiosis</span> 
     </span>
     <span class='ocr_line' id='line_1_10' title="bbox 444 1246 1984 1298; baseline -0.001 -12"><span class='ocrx_word' id='word_1_60' title='bbox 444 1248 534 1286; x_wconf 89' lang='lat' dir='ltr'>viris</span> <span class='ocrx_word' id='word_1_61' title='bbox 553 1249 592 1284; x_wconf 89' lang='lat' dir='ltr'>in</span> <span class='ocrx_word' id='word_1_62' title='bbox 610 1247 756 1285; x_wconf 91' lang='lat' dir='ltr'>Christo</span> <span class='ocrx_word' id='word_1_63' title='bbox 772 1247 843 1284; x_wconf 88' lang='lat' dir='ltr'>sibi</span> <span class='ocrx_word' id='word_1_64' title='bbox 859 1247 1078 1293; x_wconf 80' lang='lat' dir='ltr'>karissimis,</span> <span class='ocrx_word' id='word_1_65' title='bbox 1092 1247 1276 1284; x_wconf 90' lang='lat' dir='ltr'>universis</span> <span class='ocrx_word' id='word_1_66' title='bbox 1290 1246 1510 1292; x_wconf 71' lang='lat' dir='ltr'>abbatibus,</span> <span class='ocrx_word' id='word_1_67' title='bbox 1524 1246 1733 1293; x_wconf 79' lang='lat' dir='ltr'>abbatissis,</span> <span class='ocrx_word' id='word_1_68' title='bbox 1751 1246 1984 1298; x_wconf 70' lang='lat' dir='ltr'>praepositis,</span> 
     </span>
     <span class='ocr_line' id='line_1_11' title="bbox 443 1305 1984 1358; baseline -0.002 -13"><span class='ocrx_word' id='word_1_69' title='bbox 443 1308 611 1354; x_wconf 74' lang='lat' dir='ltr'>decanis,</span> <span class='ocrx_word' id='word_1_70' title='bbox 625 1308 844 1358; x_wconf 76' lang='lat' dir='ltr'>capellanis,</span> <span class='ocrx_word' id='word_1_71' title='bbox 859 1307 1049 1357; x_wconf 83' lang='lat' dir='ltr'>prioribus</span> <span class='ocrx_word' id='word_1_72' title='bbox 1069 1306 1211 1344; x_wconf 81' lang='lat' dir='ltr'>ordinis</span> <span class='ocrx_word' id='word_1_73' title='bbox 1230 1307 1401 1343; x_wconf 78' lang='lat' dir='ltr'><strong>Fratrum</strong></span> <span class='ocrx_word' id='word_1_74' title='bbox 1416 1305 1719 1342; x_wconf 86' lang='lat' dir='ltr'>Praedicatorum</span> <span class='ocrx_word' id='word_1_75' title='bbox 1740 1310 1776 1342; x_wconf 91' lang='lat' dir='ltr'>et</span> <span class='ocrx_word' id='word_1_76' title='bbox 1795 1305 1984 1356; x_wconf 87' lang='lat' dir='ltr'>gardianis</span> 
     </span>
     <span class='ocr_line' id='line_1_12' title="bbox 442 1364 1981 1416; baseline -0.001 -13"><span class='ocrx_word' id='word_1_77' title='bbox 442 1367 613 1404; x_wconf 78' lang='lat' dir='ltr'><strong>Fratrum</strong></span> <span class='ocrx_word' id='word_1_78' title='bbox 637 1367 844 1413; x_wconf 72' lang='lat' dir='ltr'>Minomm,</span> <span class='ocrx_word' id='word_1_79' title='bbox 867 1379 1073 1416; x_wconf 87' lang='lat' dir='ltr'>eorumque</span> <span class='ocrx_word' id='word_1_80' title='bbox 1103 1364 1348 1402; x_wconf 89' lang='lat' dir='ltr'>conventibus</span> <span class='ocrx_word' id='word_1_81' title='bbox 1375 1377 1441 1415; x_wconf 90' lang='lat' dir='ltr'>per</span> <span class='ocrx_word' id='word_1_82' title='bbox 1468 1364 1683 1401; x_wconf 88' lang='lat' dir='ltr'>Flandriam</span> <span class='ocrx_word' id='word_1_83' title='bbox 1708 1369 1744 1401; x_wconf 90' lang='lat' dir='ltr'>et</span> <span class='ocrx_word' id='word_1_84' title='bbox 1772 1364 1981 1414; x_wconf 82' lang='lat' dir='ltr'>Haynoiam</span> 
     </span>
     <span class='ocr_line' id='line_1_13' title="bbox 443 1423 1529 1472; baseline -0.002 -11"><span class='ocrx_word' id='word_1_85' title='bbox 443 1425 670 1472; x_wconf 77' lang='lat' dir='ltr'>constitutis,</span> <span class='ocrx_word' id='word_1_86' title='bbox 687 1425 842 1462; x_wconf 90' lang='lat' dir='ltr'>salutem</span> <span class='ocrx_word' id='word_1_87' title='bbox 861 1430 896 1462; x_wconf 87' lang='lat' dir='ltr'>et</span> <span class='ocrx_word' id='word_1_88' title='bbox 913 1424 1076 1461; x_wconf 82' lang='lat' dir='ltr'>sincerae</span> <span class='ocrx_word' id='word_1_89' title='bbox 1094 1423 1328 1461; x_wconf 81' lang='lat' dir='ltr'>discretionis</span> <span class='ocrx_word' id='word_1_90' title='bbox 1345 1423 1529 1460; x_wconf 85' lang='lat' dir='ltr'>affectum.</span> 
     </span>
    </p>

    <p class='ocr_par' dir='ltr' id='par_1_8' title="bbox 434 1482 1982 2479">
     <span class='ocr_line' id='line_1_14' title="bbox 490 1482 1980 1535; baseline 0 -16"><span class='ocrx_word' id='word_1_91' title='bbox 490 1483 666 1535; x_wconf 84' lang='lat' dir='ltr'>Princeps</span> <span class='ocrx_word' id='word_1_92' title='bbox 681 1498 810 1535; x_wconf 86' lang='lat' dir='ltr'>regum</span> <span class='ocrx_word' id='word_1_93' title='bbox 825 1488 943 1521; x_wconf 89' lang='lat' dir='ltr'>terrae</span> <span class='ocrx_word' id='word_1_94' title='bbox 957 1484 1022 1534; x_wconf 90' lang='lat' dir='ltr'>qui</span> <span class='ocrx_word' id='word_1_95' title='bbox 1037 1485 1156 1521; x_wconf 87' lang='lat' dir='ltr'>aufert</span> <span class='ocrx_word' id='word_1_96' title='bbox 1169 1483 1342 1534; x_wconf 90' lang='lat' dir='ltr'>spiritum</span> <span class='ocrx_word' id='word_1_97' title='bbox 1358 1482 1573 1533; x_wconf 87' lang='lat' dir='ltr'>principum</span> <span class='ocrx_word' id='word_1_98' title='bbox 1592 1487 1628 1519; x_wconf 91' lang='lat' dir='ltr'>et</span> <span class='ocrx_word' id='word_1_99' title='bbox 1645 1482 1852 1520; x_wconf 90' lang='lat' dir='ltr'>secundum</span> <span class='ocrx_word' id='word_1_100' title='bbox 1871 1495 1980 1520; x_wconf 91' lang='lat' dir='ltr'>suum</span> 
     </span>
     <span class='ocr_line' id='line_1_15' title="bbox 441 1541 1982 1595; baseline -0.001 -15"><span class='ocrx_word' id='word_1_101' title='bbox 441 1543 714 1594; x_wconf 87' lang='lat' dir='ltr'>beneplacitum</span> <span class='ocrx_word' id='word_1_102' title='bbox 737 1545 910 1582; x_wconf 86' lang='lat' dir='ltr'>universa</span> <span class='ocrx_word' id='word_1_103' title='bbox 929 1544 1113 1595; x_wconf 86' lang='lat' dir='ltr'>disponit.¹</span> <span class='ocrx_word' id='word_1_104' title='bbox 1134 1557 1253 1594; x_wconf 87' lang='lat' dir='ltr'>nuper</span> <span class='ocrx_word' id='word_1_105' title='bbox 1270 1543 1316 1580; x_wconf 89' lang='lat' dir='ltr'>dc</span> <span class='ocrx_word' id='word_1_106' title='bbox 1333 1543 1457 1580; x_wconf 89' lang='lat' dir='ltr'>medio</span> <span class='ocrx_word' id='word_1_107' title='bbox 1474 1543 1626 1580; x_wconf 73' lang='lat' dir='ltr'>sustulit</span> <span class='ocrx_word' id='word_1_108' title='bbox 1643 1543 1763 1580; x_wconf 87' lang='lat' dir='ltr'>bonae</span> <span class='ocrx_word' id='word_1_109' title='bbox 1781 1541 1982 1580; x_wconf 85' lang='lat' dir='ltr'>memoriae</span> 
     </span>
     <span class='ocr_line' id='line_1_16' title="bbox 442 1600 1982 1654; baseline -0.001 -15"><span class='ocrx_word' id='word_1_110' title='bbox 442 1602 672 1639; x_wconf 87' lang='lat' dir='ltr'>karissimam</span> <span class='ocrx_word' id='word_1_111' title='bbox 693 1607 840 1654; x_wconf 84' lang='lat' dir='ltr'>neptem</span> <span class='ocrx_word' id='word_1_112' title='bbox 860 1607 1024 1640; x_wconf 90' lang='lat' dir='ltr'>nostram</span> <span class='ocrx_word' id='word_1_113' title='bbox 1043 1602 1266 1649; x_wconf 74' lang='lat' dir='ltr'>Blancham,</span> <span class='ocrx_word' id='word_1_114' title='bbox 1283 1602 1397 1638; x_wconf 84' lang='lat' dir='ltr'>filiam</span> <span class='ocrx_word' id='word_1_115' title='bbox 1412 1601 1556 1638; x_wconf 91' lang='lat' dir='ltr'>domini</span> <span class='ocrx_word' id='word_1_116' title='bbox 1575 1601 1702 1638; x_wconf 88' lang='lat' dir='ltr'>Karoli</span> <span class='ocrx_word' id='word_1_117' title='bbox 1721 1601 1817 1652; x_wconf 78' lang='lat' dir='ltr'>regis</span> <span class='ocrx_word' id='word_1_118' title='bbox 1836 1600 1982 1639; x_wconf 85' lang='lat' dir='ltr'>Siciliae</span> 
     </span>
     <span class='ocr_line' id='line_1_17' title="bbox 440 1659 1981 1712; baseline 0.001 -16"><span class='ocrx_word' id='word_1_119' title='bbox 440 1660 679 1698; x_wconf 88' lang='lat' dir='ltr'>illustrissimi</span> <span class='ocrx_word' id='word_1_120' title='bbox 698 1665 733 1698; x_wconf 89' lang='lat' dir='ltr'>et</span> <span class='ocrx_word' id='word_1_121' title='bbox 750 1661 932 1712; x_wconf 91' lang='lat' dir='ltr'>principis</span> <span class='ocrx_word' id='word_1_122' title='bbox 955 1661 1162 1712; x_wconf 77' lang='lat' dir='ltr'>magnifici,</span> <span class='ocrx_word' id='word_1_123' title='bbox 1180 1660 1318 1698; x_wconf 85' lang='lat' dir='ltr'>sociam</span> <span class='ocrx_word' id='word_1_124' title='bbox 1344 1664 1380 1697; x_wconf 89' lang='lat' dir='ltr'>et</span> <span class='ocrx_word' id='word_1_125' title='bbox 1402 1673 1558 1698; x_wconf 88' lang='lat' dir='ltr'>uxorem</span> <span class='ocrx_word' id='word_1_126' title='bbox 1581 1659 1812 1697; x_wconf 86' lang='lat' dir='ltr'>dilectissimi</span> <span class='ocrx_word' id='word_1_127' title='bbox 1838 1660 1981 1710; x_wconf 76' lang='lat' dir='ltr'>nepotis</span> 
     </span>
     <span class='ocr_line' id='line_1_18' title="bbox 441 1719 1981 1771; baseline 0.001 -15"><span class='ocrx_word' id='word_1_128' title='bbox 441 1721 556 1758; x_wconf 90' lang='lat' dir='ltr'>nostri</span> <span class='ocrx_word' id='word_1_129' title='bbox 572 1721 724 1758; x_wconf 89' lang='lat' dir='ltr'>Roberti</span> <span class='ocrx_word' id='word_1_130' title='bbox 738 1721 784 1757; x_wconf 89' lang='lat' dir='ltr'>de</span> <span class='ocrx_word' id='word_1_131' title='bbox 798 1721 990 1767; x_wconf 69' lang='lat' dir='ltr'>Flandria‚</span> <span class='ocrx_word' id='word_1_132' title='bbox 1004 1725 1057 1767; x_wconf 80' lang='lat' dir='ltr'>et7</span> <span class='ocrx_word' id='word_1_133' title='bbox 1073 1725 1115 1757; x_wconf 92' lang='lat' dir='ltr'>ut</span> <span class='ocrx_word' id='word_1_134' title='bbox 1129 1733 1321 1771; x_wconf 89' lang='lat' dir='ltr'>speramus</span> <span class='ocrx_word' id='word_1_135' title='bbox 1331 1749 1340 1766; x_wconf 83' lang='lat'>‚</span> <span class='ocrx_word' id='word_1_136' title='bbox 1355 1719 1402 1756; x_wconf 92' lang='lat' dir='ltr'>ad</span> <span class='ocrx_word' id='word_1_137' title='bbox 1419 1719 1614 1756; x_wconf 89' lang='lat' dir='ltr'>coelestem</span> <span class='ocrx_word' id='word_1_138' title='bbox 1630 1719 1787 1770; x_wconf 88' lang='lat' dir='ltr'>patriam</span> <span class='ocrx_word' id='word_1_139' title='bbox 1804 1719 1981 1762; x_wconf 61' lang='lat' dir='ltr'>evocavit„</span> 
     </span>
     <span class='ocr_line' id='line_1_19' title="bbox 439 1778 1980 1830; baseline -0.002 -13"><span class='ocrx_word' id='word_1_140' title='bbox 439 1780 534 1818; x_wconf 89' lang='lat' dir='ltr'>sicut</span> <span class='ocrx_word' id='word_1_141' title='bbox 548 1779 679 1830; x_wconf 91' lang='lat' dir='ltr'>procul</span> <span class='ocrx_word' id='word_1_142' title='bbox 697 1779 814 1816; x_wconf 92' lang='lat' dir='ltr'>dubio</span> <span class='ocrx_word' id='word_1_143' title='bbox 833 1780 933 1816; x_wconf 89' lang='lat' dir='ltr'>credi</span> <span class='ocrx_word' id='word_1_144' title='bbox 951 1780 1062 1816; x_wconf 90' lang='lat' dir='ltr'>debet</span> <span class='ocrx_word' id='word_1_145' title='bbox 1075 1793 1142 1830; x_wconf 91' lang='lat' dir='ltr'>per</span> <span class='ocrx_word' id='word_1_146' title='bbox 1155 1779 1273 1829; x_wconf 92' lang='lat' dir='ltr'>ipsius</span> <span class='ocrx_word' id='word_1_147' title='bbox 1291 1778 1404 1815; x_wconf 83' lang='lat' dir='ltr'>finem</span> <span class='ocrx_word' id='word_1_148' title='bbox 1423 1778 1650 1815; x_wconf 87' lang='lat' dir='ltr'>laudabilem</span> <span class='ocrx_word' id='word_1_149' title='bbox 1663 1807 1672 1824; x_wconf 68' lang='lat'>,</span> <span class='ocrx_word' id='word_1_150' title='bbox 1691 1778 1848 1829; x_wconf 86' lang='lat' dir='ltr'>ejusque</span> <span class='ocrx_word' id='word_1_151' title='bbox 1865 1778 1980 1815; x_wconf 86' lang='lat' dir='ltr'>devo-</span> 
     </span>
     <span class='ocr_line' id='line_1_20' title="bbox 439 1836 1979 1888; baseline -0.001 -13"><span class='ocrx_word' id='word_1_152' title='bbox 439 1839 617 1877; x_wconf 88' lang='lat' dir='ltr'>tissimam</span> <span class='ocrx_word' id='word_1_153' title='bbox 648 1838 909 1875; x_wconf 86' lang='lat' dir='ltr'>contritionem</span> <span class='ocrx_word' id='word_1_154' title='bbox 933 1842 968 1875; x_wconf 90' lang='lat' dir='ltr'>et</span> <span class='ocrx_word' id='word_1_155' title='bbox 994 1838 1174 1875; x_wconf 87' lang='lat' dir='ltr'>humilem</span> <span class='ocrx_word' id='word_1_156' title='bbox 1199 1850 1312 1888; x_wconf 87' lang='lat' dir='ltr'>quam</span> <span class='ocrx_word' id='word_1_157' title='bbox 1344 1837 1488 1874; x_wconf 90' lang='lat' dir='ltr'>cunctis</span> <span class='ocrx_word' id='word_1_158' title='bbox 1516 1836 1750 1874; x_wconf 91' lang='lat' dir='ltr'>intuentibus</span> <span class='ocrx_word' id='word_1_159' title='bbox 1777 1836 1911 1873; x_wconf 89' lang='lat' dir='ltr'>habuit</span> <span class='ocrx_word' id='word_1_160' title='bbox 1940 1836 1979 1873; x_wconf 93' lang='lat' dir='ltr'>in</span> 
     </span>
     <span class='ocr_line' id='line_1_21' title="bbox 438 1895 1978 1947; baseline -0.002 -12"><span class='ocrx_word' id='word_1_161' title='bbox 438 1898 621 1935; x_wconf 88' lang='lat' dir='ltr'>extremis.</span> <span class='ocrx_word' id='word_1_162' title='bbox 640 1898 695 1934; x_wconf 90' lang='lat' dir='ltr'>De</span> <span class='ocrx_word' id='word_1_163' title='bbox 713 1897 819 1947; x_wconf 89' lang='lat' dir='ltr'>cujus</span> <span class='ocrx_word' id='word_1_164' title='bbox 838 1897 943 1934; x_wconf 89' lang='lat' dir='ltr'>obitu</span> <span class='ocrx_word' id='word_1_165' title='bbox 965 1901 1065 1934; x_wconf 88' lang='lat' dir='ltr'>tanto</span> <span class='ocrx_word' id='word_1_166' title='bbox 1083 1896 1191 1933; x_wconf 89' lang='lat' dir='ltr'>nobis</span> <span class='ocrx_word' id='word_1_167' title='bbox 1210 1897 1330 1946; x_wconf 88' lang='lat' dir='ltr'>major</span> <span class='ocrx_word' id='word_1_168' title='bbox 1347 1895 1475 1933; x_wconf 90' lang='lat' dir='ltr'>subest</span> <span class='ocrx_word' id='word_1_169' title='bbox 1488 1908 1598 1932; x_wconf 90' lang='lat' dir='ltr'>causa</span> <span class='ocrx_word' id='word_1_170' title='bbox 1612 1895 1769 1941; x_wconf 79' lang='lat' dir='ltr'>doloris,</span> <span class='ocrx_word' id='word_1_171' title='bbox 1783 1901 1926 1946; x_wconf 87' lang='lat' dir='ltr'>quanto</span> <span class='ocrx_word' id='word_1_172' title='bbox 1941 1895 1978 1932; x_wconf 93' lang='lat' dir='ltr'>in</span> 
     </span>
     <span class='ocr_line' id='line_1_22' title="bbox 438 1953 1978 2008; baseline -0.003 -14"><span class='ocrx_word' id='word_1_173' title='bbox 438 1970 477 1994; x_wconf 87' lang='lat' dir='ltr'>ea</span> <span class='ocrx_word' id='word_1_174' title='bbox 499 1962 646 2008; x_wconf 89' lang='lat' dir='ltr'>neptem</span> <span class='ocrx_word' id='word_1_175' title='bbox 666 1969 821 2007; x_wconf 85' lang='lat' dir='ltr'>magnae</span> <span class='ocrx_word' id='word_1_176' title='bbox 841 1956 1078 2006; x_wconf 63' lang='lat' dir='ltr'>prudentiae,</span> <span class='ocrx_word' id='word_1_177' title='bbox 1104 1955 1272 1992; x_wconf 89' lang='lat' dir='ltr'>moribus</span> <span class='ocrx_word' id='word_1_178' title='bbox 1290 1955 1597 2004; x_wconf 89' lang='lat' dir='ltr'>circumspectam</span> <span class='ocrx_word' id='word_1_179' title='bbox 1623 1967 1666 1990; x_wconf 92' lang='lat' dir='ltr'>ac</span> <span class='ocrx_word' id='word_1_180' title='bbox 1686 1953 1790 1990; x_wconf 91' lang='lat' dir='ltr'>omni</span> <span class='ocrx_word' id='word_1_181' title='bbox 1812 1953 1978 1991; x_wconf 83' lang='lat' dir='ltr'>bonitate.</span> 
     </span>
     <span class='ocr_line' id='line_1_23' title="bbox 438 2011 1976 2067; baseline -0.003 -13"><span class='ocrx_word' id='word_1_182' title='bbox 438 2016 677 2067; x_wconf 89' lang='lat' dir='ltr'>conspicuam</span> <span class='ocrx_word' id='word_1_183' title='bbox 704 2015 937 2052; x_wconf 91' lang='lat' dir='ltr'>dinoscimur</span> <span class='ocrx_word' id='word_1_184' title='bbox 960 2013 1137 2051; x_wconf 84' lang='lat' dir='ltr'>amisisse.</span> <span class='ocrx_word' id='word_1_185' title='bbox 1165 2013 1211 2050; x_wconf 89' lang='lat' dir='ltr'>Et</span> <span class='ocrx_word' id='word_1_186' title='bbox 1236 2013 1322 2049; x_wconf 91' lang='lat' dir='ltr'>licet</span> <span class='ocrx_word' id='word_1_187' title='bbox 1346 2026 1391 2049; x_wconf 87' lang='lat' dir='ltr'>ex</span> <span class='ocrx_word' id='word_1_188' title='bbox 1420 2011 1638 2062; x_wconf 91' lang='lat' dir='ltr'>hujusmodi</span> <span class='ocrx_word' id='word_1_189' title='bbox 1663 2011 1823 2049; x_wconf 87' lang='lat' dir='ltr'>sinistris</span> <span class='ocrx_word' id='word_1_190' title='bbox 1846 2025 1976 2050; x_wconf 87' lang='lat' dir='ltr'>rumo-</span> 
     </span>
     <span class='ocr_line' id='line_1_24' title="bbox 438 2070 1980 2126; baseline -0.002 -14"><span class='ocrx_word' id='word_1_191' title='bbox 438 2076 541 2112; x_wconf 90' lang='lat' dir='ltr'>ribus</span> <span class='ocrx_word' id='word_1_192' title='bbox 566 2074 737 2126; x_wconf 70' lang='lat' dir='ltr'>grandis‚</span> <span class='ocrx_word' id='word_1_193' title='bbox 763 2087 830 2110; x_wconf 89' lang='lat' dir='ltr'>nec</span> <span class='ocrx_word' id='word_1_194' title='bbox 858 2073 1016 2119; x_wconf 75' lang='lat' dir='ltr'>mirum,</span> <span class='ocrx_word' id='word_1_195' title='bbox 1041 2072 1266 2109; x_wconf 89' lang='lat' dir='ltr'>turbationis</span> <span class='ocrx_word' id='word_1_196' title='bbox 1292 2076 1328 2108; x_wconf 88' lang='lat' dir='ltr'>et</span> <span class='ocrx_word' id='word_1_197' title='bbox 1354 2071 1533 2108; x_wconf 90' lang='lat' dir='ltr'>moeroris</span> <span class='ocrx_word' id='word_1_198' title='bbox 1561 2070 1712 2108; x_wconf 90' lang='lat' dir='ltr'>materia</span> <span class='ocrx_word' id='word_1_199' title='bbox 1739 2083 1807 2108; x_wconf 92' lang='lat' dir='ltr'>nos</span> <span class='ocrx_word' id='word_1_200' title='bbox 1834 2071 1980 2118; x_wconf 76' lang='lat' dir='ltr'>invasit,</span> 
     </span>
     <span class='ocr_line' id='line_1_25' title="bbox 437 2129 1976 2182; baseline -0.003 -12"><span class='ocrx_word' id='word_1_201' title='bbox 437 2133 551 2171; x_wconf 92' lang='lat' dir='ltr'>nichil</span> <span class='ocrx_word' id='word_1_202' title='bbox 581 2133 689 2170; x_wconf 91' lang='lat' dir='ltr'>nobis</span> <span class='ocrx_word' id='word_1_203' title='bbox 716 2132 818 2169; x_wconf 89' lang='lat' dir='ltr'>aliud</span> <span class='ocrx_word' id='word_1_204' title='bbox 839 2136 1005 2182; x_wconf 87' lang='lat' dir='ltr'>superest</span> <span class='ocrx_word' id='word_1_205' title='bbox 1032 2131 1103 2168; x_wconf 92' lang='lat' dir='ltr'>nisi</span> <span class='ocrx_word' id='word_1_206' title='bbox 1131 2130 1234 2182; x_wconf 85' lang='lat' dir='ltr'>quod</span> <span class='ocrx_word' id='word_1_207' title='bbox 1261 2143 1498 2167; x_wconf 90' lang='lat' dir='ltr'>recurramus</span> <span class='ocrx_word' id='word_1_208' title='bbox 1521 2129 1568 2166; x_wconf 93' lang='lat' dir='ltr'>ad</span> <span class='ocrx_word' id='word_1_209' title='bbox 1589 2129 1693 2167; x_wconf 92' lang='lat' dir='ltr'>Illius</span> <span class='ocrx_word' id='word_1_210' title='bbox 1719 2130 1892 2167; x_wconf 87' lang='lat' dir='ltr'>solatium</span> <span class='ocrx_word' id='word_1_211' title='bbox 1911 2130 1976 2181; x_wconf 92' lang='lat' dir='ltr'>qui</span> 
     </span>
     <span class='ocr_line' id='line_1_26' title="bbox 434 2187 1977 2239; baseline -0.003 -11"><span class='ocrx_word' id='word_1_212' title='bbox 434 2192 643 2229; x_wconf 92' lang='lat' dir='ltr'>consolator</span> <span class='ocrx_word' id='word_1_213' title='bbox 665 2195 720 2228; x_wconf 89' lang='lat' dir='ltr'>est</span> <span class='ocrx_word' id='word_1_214' title='bbox 740 2190 1005 2236; x_wconf 86' lang='lat' dir='ltr'>moerentium,</span> <span class='ocrx_word' id='word_1_215' title='bbox 1024 2203 1067 2226; x_wconf 86' lang='lat' dir='ltr'>ac</span> <span class='ocrx_word' id='word_1_216' title='bbox 1083 2189 1268 2226; x_wconf 88' lang='lat' dir='ltr'>orationes</span> <span class='ocrx_word' id='word_1_217' title='bbox 1286 2188 1454 2225; x_wconf 88' lang='lat' dir='ltr'>fidelium</span> <span class='ocrx_word' id='word_1_218' title='bbox 1474 2201 1542 2238; x_wconf 91' lang='lat' dir='ltr'>pro</span> <span class='ocrx_word' id='word_1_219' title='bbox 1563 2187 1682 2238; x_wconf 90' lang='lat' dir='ltr'>ipsius</span> <span class='ocrx_word' id='word_1_220' title='bbox 1701 2188 1825 2225; x_wconf 91' lang='lat' dir='ltr'>anima</span> <span class='ocrx_word' id='word_1_221' title='bbox 1849 2187 1977 2239; x_wconf 88' lang='lat' dir='ltr'>requi-</span> 
     </span>
     <span class='ocr_line' id='line_1_27' title="bbox 435 2249 1976 2303; baseline -0.003 -13"><span class='ocrx_word' id='word_1_222' title='bbox 435 2266 570 2290; x_wconf 90' lang='lat' dir='ltr'>ramus.</span> <span class='ocrx_word' id='word_1_223' title='bbox 590 2253 706 2303; x_wconf 84' lang='lat' dir='ltr'>lgitur</span> <span class='ocrx_word' id='word_1_224' title='bbox 723 2252 912 2289; x_wconf 88' lang='lat' dir='ltr'>caritatem</span> <span class='ocrx_word' id='word_1_225' title='bbox 936 2255 1096 2288; x_wconf 88' lang='lat' dir='ltr'>vestram</span> <span class='ocrx_word' id='word_1_226' title='bbox 1118 2250 1266 2288; x_wconf 85' lang='lat' dir='ltr'>attentis</span> <span class='ocrx_word' id='word_1_227' title='bbox 1292 2250 1331 2287; x_wconf 92' lang='lat' dir='ltr'>in</span> <span class='ocrx_word' id='word_1_228' title='bbox 1359 2249 1522 2287; x_wconf 93' lang='lat' dir='ltr'>Domino</span> <span class='ocrx_word' id='word_1_229' title='bbox 1549 2249 1723 2300; x_wconf 90' lang='lat' dir='ltr'>precibus</span> <span class='ocrx_word' id='word_1_230' title='bbox 1749 2249 1976 2300; x_wconf 89' lang='lat' dir='ltr'>requirimus</span> 
     </span>
     <span class='ocr_line' id='line_1_28' title="bbox 435 2307 1977 2362; baseline -0.003 -14"><span class='ocrx_word' id='word_1_231' title='bbox 435 2316 470 2348; x_wconf 89' lang='lat' dir='ltr'>et</span> <span class='ocrx_word' id='word_1_232' title='bbox 489 2324 661 2362; x_wconf 87' lang='lat' dir='ltr'>rogamus</span> <span class='ocrx_word' id='word_1_233' title='bbox 683 2315 866 2360; x_wconf 87' lang='lat' dir='ltr'>quatenus</span> <span class='ocrx_word' id='word_1_234' title='bbox 885 2323 1011 2347; x_wconf 91' lang='lat' dir='ltr'>amore</span> <span class='ocrx_word' id='word_1_235' title='bbox 1033 2309 1101 2347; x_wconf 91' lang='lat' dir='ltr'>Dei</span> <span class='ocrx_word' id='word_1_236' title='bbox 1127 2314 1163 2346; x_wconf 92' lang='lat' dir='ltr'>et</span> <span class='ocrx_word' id='word_1_237' title='bbox 1182 2309 1298 2346; x_wconf 87' lang='lat' dir='ltr'>nostri</span> <span class='ocrx_word' id='word_1_238' title='bbox 1325 2308 1371 2345; x_wconf 90' lang='lat' dir='ltr'>ad</span> <span class='ocrx_word' id='word_1_239' title='bbox 1395 2308 1512 2359; x_wconf 92' lang='lat' dir='ltr'>ipsius</span> <span class='ocrx_word' id='word_1_240' title='bbox 1537 2308 1658 2359; x_wconf 87' lang='lat' dir='ltr'>neptis</span> <span class='ocrx_word' id='word_1_241' title='bbox 1679 2308 1877 2344; x_wconf 84' lang='lat' dir='ltr'>defunctae</span> <span class='ocrx_word' id='word_1_242' title='bbox 1893 2307 1977 2344; x_wconf 89' lang='lat' dir='ltr'>ani-</span> 
     </span>
     <span class='ocr_line' id='line_1_29' title="bbox 436 2367 1974 2417; baseline -0.003 -10"><span class='ocrx_word' id='word_1_243' title='bbox 436 2383 534 2407; x_wconf 90' lang='lat' dir='ltr'>mam</span> <span class='ocrx_word' id='word_1_244' title='bbox 564 2369 799 2406; x_wconf 89' lang='lat' dir='ltr'>relevandam</span> <span class='ocrx_word' id='word_1_245' title='bbox 828 2369 1034 2405; x_wconf 90' lang='lat' dir='ltr'>Dominum</span> <span class='ocrx_word' id='word_1_246' title='bbox 1065 2368 1222 2406; x_wconf 89' lang='lat' dir='ltr'>sollicite</span> <span class='ocrx_word' id='word_1_247' title='bbox 1255 2367 1295 2404; x_wconf 89' lang='lat' dir='ltr'>in</span> <span class='ocrx_word' id='word_1_248' title='bbox 1325 2367 1455 2404; x_wconf 88' lang='lat' dir='ltr'>vestris</span> <span class='ocrx_word' id='word_1_249' title='bbox 1488 2367 1685 2404; x_wconf 91' lang='lat' dir='ltr'>ordinibus</span> <span class='ocrx_word' id='word_1_250' title='bbox 1715 2367 1974 2417; x_wconf 64' lang='lat' dir='ltr'>deprecantes,</span> 
     </span>
     <span class='ocr_line' id='line_1_30' title="bbox 437 2425 1974 2479; baseline -0.003 -13"><span class='ocrx_word' id='word_1_251' title='bbox 437 2442 504 2479; x_wconf 91' lang='lat' dir='ltr'>pro</span> <span class='ocrx_word' id='word_1_252' title='bbox 525 2428 603 2478; x_wconf 90' lang='lat' dir='ltr'>ipsa</span> <span class='ocrx_word' id='word_1_253' title='bbox 625 2427 664 2464; x_wconf 93' lang='lat' dir='ltr'>in</span> <span class='ocrx_word' id='word_1_254' title='bbox 682 2426 812 2464; x_wconf 85' lang='lat' dir='ltr'>vestris</span> <span class='ocrx_word' id='word_1_255' title='bbox 835 2426 997 2464; x_wconf 88' lang='lat' dir='ltr'>ecclesiis</span> <span class='ocrx_word' id='word_1_256' title='bbox 1015 2427 1219 2476; x_wconf 88' lang='lat' dir='ltr'>sollempne</span> <span class='ocrx_word' id='word_1_257' title='bbox 1240 2426 1449 2472; x_wconf 75' lang='lat' dir='ltr'>servitium,</span> <span class='ocrx_word' id='word_1_258' title='bbox 1469 2438 1555 2463; x_wconf 91' lang='lat' dir='ltr'>cum</span> <span class='ocrx_word' id='word_1_259' title='bbox 1574 2438 1615 2462; x_wconf 88' lang='lat' dir='ltr'>ea</span> <span class='ocrx_word' id='word_1_260' title='bbox 1633 2425 1830 2462; x_wconf 88' lang='lat' dir='ltr'>devotione</span> <span class='ocrx_word' id='word_1_261' title='bbox 1852 2429 1888 2461; x_wconf 90' lang='lat' dir='ltr'>et</span> <span class='ocrx_word' id='word_1_262' title='bbox 1909 2438 1974 2462; x_wconf 86' lang='lat' dir='ltr'>ve—</span> 
     </span>
    </p>
   </div>
  </div>
 </body>
</html>
