2184 3074
441 340 489 382 26
991 333 1152 371 CODEX
1177 331 1426 370 DUNENSIS.

444 455 590 492 indulto
613 455 669 491 vel
696 454 734 490 in
758 456 946 503 posterum
971 449 1218 500 indulgendo,
1242 453 1279 486 et
1299 448 1476 485 omnibus
1499 447 1581 484 aliis
1604 445 1885 496 exceptionibus
1911 457 1979 495 per

443 528 537 565 quas
553 518 678 565 posset
694 512 830 550 solutio
848 511 967 547 dictae
985 509 1164 560 pecuniae
1182 508 1356 559 impediri
1381 512 1446 544 aut
1463 507 1573 544 etiam
1591 505 1784 543 retardari.
1801 502 1978 542 Promisit

445 573 553 611 etiam
574 573 671 609 idem
692 571 797 608 miles
815 573 1017 619 spontanee
1035 582 1157 605 coram
1175 567 1284 604 nobis
1298 567 1400 617 quod
1421 566 1451 603 si
1473 565 1664 614 contingat
1681 562 1854 600 eumdem
1877 561 1978 599 mili-

446 637 518 669 tem
530 631 652 668 medio
664 635 828 679 tempore
842 628 930 664 dicti
948 627 1095 665 termini
1113 626 1247 663 habere
1261 639 1325 663 seu
1340 626 1503 676 recipere
1515 623 1713 675 pecuniam
1726 621 1976 659 continentem

445 702 629 727 summam
650 687 831 724 dictarum
853 685 945 722 LXll
965 685 1148 726 librarum
1167 684 1440 721 Turonensium
1452 712 1461 728 ,
1479 683 1526 719 de
1544 681 1683 732 quibus
1701 680 1799 717 idem
1817 678 1980 717 Jacobus

444 748 615 784 Moutons
632 758 709 796 pro¹
720 745 848 781 eodem
871 744 988 780 milite
1002 756 1086 792 erga
1101 743 1242 779 dictum
1259 741 1497 787 canonicum,
1511 746 1552 778 ut
1566 739 1737 791 superius
1750 742 1805 775 est
1818 737 1977 783 dictum,

445 819 482 842 se
501 804 693 841 constituit
711 803 937 847 debitorem,
958 801 1070 838 modo
1092 814 1320 851 quocunque
1346 800 1422 837 sive
1447 799 1589 837 ratione
1611 809 1853 849 quacunque,
1874 794 1977 846 quod

446 862 612 899 eamdem
627 861 821 911 pecuniam
835 860 932 896 bona
950 859 1023 896 fide
1037 863 1226 895 convertet
1245 859 1283 895 in
1304 858 1527 896 solutionem
1544 857 1726 894 dictarum
1746 853 1843 892 LXII
1862 853 1980 890 libra-

446 934 528 958 rum
543 919 835 964 Turonensium7
850 918 896 954 de
909 918 1048 968 quibus
1063 918 1234 968 superius
1248 922 1302 955 est
1316 921 1500 962 notatum,
1521 916 1645 953 omnia
1665 915 1763 951 bona
1781 925 1846 950 sua
1861 912 1980 949 mobi-

445 980 492 1016 lia
513 984 549 1016 et
565 978 771 1015 immobilia
790 977 995 1028 praesentia
1010 982 1046 1014 et
1060 978 1199 1024 sutura,
1217 977 1436 1027 ubicunque
1450 975 1608 1013 inveniri
1623 972 1802 1024 poterint,
1816 970 1982 1022 speciali-

445 1043 500 1075 ter
516 1037 728 1087 obligando.
748 1037 789 1073 ln
808 1037 933 1086 cujus,
952 1042 1019 1073 etc.

1148 1131 1262 1141 --··-—-

1164 1254 1260 1293 XVl.

501 1370 634 1409 L'abbe'
650 1371 692 1408 cle
709 1369 981 1407 Saim-Aubert
998 1369 1042 1406 de
1061 1368 1244 1419 Cambray
1262 1343 1425 1406 ordonna
1443 1369 1486 1406 de
1500 1382 1620 1419 payer
1637 1371 1660 1407 ἀ
1677 1384 1730 1408 un
1748 1371 1926 1410 chanoine

929 1429 973 1465 de
990 1429 1135 1479 Bruqes
1154 1441 1191 1465 ce
1209 1429 1275 1479 qui
1293 1428 1349 1465 lui
1363 1434 1414 1465 est
1431 1428 1491 1465 dic.

493 1625 618 1662 Abbas
637 1624 850 1661 monasterii
870 1624 992 1661 Sancti
1012 1624 1167 1660 Auberti
1186 1624 1477 1670 Cameracensis,
1491 1623 1609 1673 judex
1627 1624 1761 1662 unicus
1785 1638 1805 1662 a
1827 1625 1982 1662 domino

445 1696 540 1734 papa
555 1683 755 1733 delegatus,
769 1683 946 1720 omnibus
961 1683 1122 1728 decanis,
1132 1683 1359 1733 presbyteris
1374 1687 1410 1719 et
1422 1683 1801 1734 capellanis‚aliisque
1814 1683 1983 1721 ecclesia-

445 1757 527 1780 rum
542 1744 747 1781 rectoribus
762 1744 807 1780 ad
822 1757 916 1794 quos
931 1749 1139 1794 praesentes
1154 1744 1296 1780 litterae
1310 1743 1563 1794 pervenerint,
1581 1744 1735 1781 salutem
1752 1744 1790 1781 in
1804 1736 1979 1781 Domino.

494 1803 586 1839 Cum
616 1803 787 1838 nonnulli
814 1807 887 1838 tam
914 1802 1119 1852 presbyteri
1145 1806 1181 1838 et
1203 1801 1326 1838 clerici
1352 1815 1465 1852 quam
1490 1801 1585 1851 layci
1611 1805 1807 1853 teneantur
1828 1816 1982 1840 venera-

446 1860 512 1898 bili
543 1862 625 1898 viro
657 1860 810 1897 domino
837 1860 879 1897 N.
907 1860 952 1896 de
981 1860 1136 1906 Insulis7
1162 1860 1342 1896 canonico
1367 1860 1413 1896 de
1438 1859 1592 1910 Brugis⁷
1617 1859 1773 1897 diversis
1803 1860 1983 1910 pecuniae

446 1919 620 1964 summis7
644 1918 690 1954 de
712 1918 851 1968 quibus
876 1918 1072 1955 solutionis
1092 1918 1239 1954 termini
1259 1918 1378 1954 dictae
1395 1918 1594 1968 pecuniae,
1612 1922 1655 1954 ut
1672 1917 1821 1964 dicitur,
1835 1918 1980 1967 jamdiu

445 1981 532 2013 sunt
554 1976 687 2026 elapsi,
706 1989 752 2012 ex
776 1981 878 2026 parte
898 1989 1049 2026 quoque
1074 1975 1239 2024 ejusdem
1263 1975 1304 2012 N.
1331 1976 1439 2013 nobis
1463 1976 1510 2013 sit
1534 1976 1695 2026 graviter
1717 1977 1982 2026 conquerendo

446 2038 691 2071 monstratum
718 2034 821 2084 quod
846 2034 986 2083 pluries
1011 2033 1179 2083 requisiti
1206 2034 1414 2070 satisfacere
1442 2033 1561 2070 cidem
1588 2033 1634 2070 de
1660 2033 1780 2071 dictae
1804 2034 1984 2084 pecuniae

446 2093 601 2131 summis
619 2093 869 2130 recusaverint
886 2098 922 2129 et
938 2098 1109 2130 recusent
1126 2093 1165 2129 in
1183 2093 1274 2130 dicti
1291 2093 1460 2130 canonici
1477 2093 1683 2143 dampnum
1701 2106 1776 2130 non
1791 2093 1981 2131 modicum

447 2156 482 2188 et
498 2165 695 2201 gravamen
715 2167 722 2188 :
744 2152 831 2188 inde
853 2157 908 2188 est
928 2152 1031 2202 quod
1058 2153 1164 2189 vobis
1191 2153 1366 2190 omnibus
1388 2157 1424 2189 et
1441 2153 1616 2203 singulis,
1639 2152 1856 2190 auctoritate
1874 2153 1984 2190 nobis

448 2211 642 2248 commissa
661 2211 699 2247 in
718 2211 854 2247 virtute
873 2216 1019 2248 sanctae
1036 2211 1273 2262 obligationis
1296 2216 1331 2248 ct
1349 2212 1419 2249 sub
1442 2225 1560 2262 poena
1585 2212 1839 2262 suspensionis
1863 2217 1899 2249 et
1917 2225 1985 2249 ex-

450 2270 796 2307 communicationis
817 2271 972 2307 lirmiter
990 2270 1245 2320 injungentes,
1268 2284 1365 2308 unus
1390 2276 1554 2308 vestrum
1580 2264 1695 2307 al'ium
1715 2284 1779 2308 seu
1797 2271 1889 2308 alios
1907 2284 1982 2308 non

449 2330 946 2379 exspectanQpraecipiendo
961 2330 1180 2367 mandamus
1190 2335 1372 2380 quatenus
1384 2343 1512 2367 omnes
1528 2330 1610 2367 illos
1624 2330 1688 2381 qui
1701 2330 1983 2380 recognoverint

449 2400 487 2424 se
506 2386 620 2423 teneri
639 2386 738 2423 dicto
761 2389 938 2425 canonico
958 2388 995 2425 in
1015 2389 1204 2439 aliquibus
1226 2389 1406 2439 pecuniae
1432 2389 1606 2435 suminis,
1633 2401 1728 2439 quos
1758 2388 1854 2425 lator
1876 2401 1984 2439 prae-

451 2447 610 2484 sentium
631 2446 736 2483 vobis
755 2447 980 2493 nominabit,
1000 2448 1179 2485 moneatis
1198 2453 1239 2485 ut
1256 2448 1352 2485 infra
1367 2447 1433 2486 Vll
1448 2448 1526 2486 dies
1543 2452 1628 2498 post
1645 2447 1745 2485 diem
1764 2447 1982 2486 monitionis
