2184 3074
743 371 906 411 conssx
933 372 1174 412 DUNENSIS.
1651 379 1719 416 ¹03

186 489 355 529 butionis
379 488 547 540 ejusdem
567 487 722 527 cadente
747 488 926 526 funiculo.
944 488 1093 537 Quanto
1107 487 1246 539 justius
1264 503 1339 528 non
1359 490 1511 542 indigne
1529 497 1719 539 terremur,

187 549 290 587 tanto
307 546 354 585 ad
371 546 563 585 caritatem
580 549 739 585 vestram
756 545 907 597 dignius
926 558 1001 585 non
1021 546 1158 597 injuste
1175 548 1419 596 recurrimus,
1435 550 1616 603 vobisque
1635 552 1718 590 sacti

185 604 317 644 seriem
337 603 505 643 securius
523 603 570 642 ad
586 599 845 642 distribuentis
863 603 1011 642 laudem
1028 604 1250 656 exponimus
1269 610 1305 643 et
1318 605 1496 646 humilius
1509 609 1718 648 orationum

185 660 591 713 vestrarumsufl'ragia
620 660 874 713 imploramus.
900 661 1029 713 Nuper
1049 662 1235 714 siquidem
1261 669 1408 703 sanctae
1428 678 1470 703 ac
1491 667 1720 705 venerandae

187 716 387 759 memoriae
403 718 584 771 Gregorio
601 731 696 771 papa
709 748 718 766 ,
742 723 846 771 patre
862 724 899 758 et
917 720 1197 771 praedecessore
1215 726 1359 769 nostro,
1378 722 1416 761 in
1441 724 1720 763 continuatione

187 777 359 820 laborum
383 790 479 830 quos
502 777 550 816 ad
572 777 640 816 Dei
668 777 916 830 prosequendi
941 778 1088 816 servitia
1106 779 1220 817 solers
1238 784 1274 817 et
1291 779 1446 819 devotus
1459 788 1719 834 assumpserat,

187 835 372 888 nobisque
390 840 480 875 tunc
497 835 658 875 Ostiensi
677 835 852 888 episcopo
870 849 913 874 ac
929 836 1011 874 aliis
1030 837 1165 875 nostris
1184 837 1359 876 fratribus
1377 852 1472 890 quos
1486 844 1559 878 tam
1574 841 1611 879 in
1627 842 1720 879 urhe

185 906 300 949 quam
321 894 419 934 circa
443 894 524 945 ejus
544 894 706 933 confinia
729 894 806 945 jam
835 894 981 933 diversa
1007 895 1085 933 loca
1111 901 1342 947 receperant,
1362 897 1481 936 tribus
1505 903 1648 938 tantum
1673 913 1717 938 ex

186 951 261 992 illis
290 951 536 992 existentibus
561 952 658 1001 circa
685 952 803 1004 ipsam
831 953 878 991 de
906 953 1179 991 ultramontana
1213 954 1456 994 redeuntibus
1485 956 1650 1007 regione,
1677 970 1719 995 ac

185 1009 319 1056 eodem
330 1010 610 1063 praedecessore
621 1010 723 1063 apud
735 1010 916 1058 Aretium,
929 1010 1115 1049 civitatem
1128 1011 1294 1058 Tusciae,
1305 1012 1342 1050 in
1358 1012 1573 1051 infirmitate
1586 1014 1719 1054 diebus

149 1087 154 1092 ·
184 1067 354 1108 deductis
371 1067 561 1120 aliquibus
579 1067 626 1107 de
644 1067 716 1108 hoc
733 1068 858 1107 seculo
878 1081 1037 1120 nequam
1059 1069 1161 1121 quod
1185 1082 1229 1107 eo
1248 1066 1348 1108 'l'orte
1365 1069 1522 1123 dignum
1542 1085 1616 1110 non
1642 1078 1719 1111 erat

183 1130 338 1179 excepto
355 1130 392 1164 et
408 1124 526 1178 ipsius
543 1124 699 1178 cospore
717 1139 803 1165 cum
822 1126 1064 1178 exequiarum
1083 1127 1356 1179 sollempnitate
1373 1127 1498 1167 debita
1519 1130 1718 1177 tumulato,

184 1182 272 1234 lieet
283 1183 323 1222 iu
337 1183 495 1236 pastoris
511 1183 761 1223 substituendi
775 1197 949 1236 processu
963 1184 1179 1223 eorumdem
1199 1186 1355 1224 fratrum
1373 1186 1538 1226 absentia
1555 1188 1719 1240 satisque

184 1242 295 1295 longa
317 1242 493 1282 distantia
519 1242 775 1283 difficultatem
803 1256 877 1282 non
909 1243 1094 1283 modicam
1126 1245 1315 1283 communi
1347 1245 1543 1285 hominum
1573 1246 1718 1297 judicio

184 1300 401 1348 minaretur,
419 1301 488 1340 lllo
506 1306 642 1349 tamen,
656 1306 697 1340 ut
709 1302 866 1342 tirmiter
882 1302 1081 1350 credimus,
1095 1303 1311 1342 eorumdem
1332 1304 1487 1342 fratrum
1506 1304 1616 1342 corda
1636 1310 1719 1343 tan-

183 1362 292 1414 gente
307 1359 369 1400 cui
387 1358 495 1399 facile
510 1365 566 1400 est
585 1359 771 1411 disjuncta
799 1360 1025 1412 conjungere
1048 1365 1160 1413 atque
1184 1361 1281 1400 inter
1303 1374 1343 1399 se
1367 1361 1540 1400 distantia
1566 1363 1717 1401 insimul

183 1419 365 1467 adunus,
383 1431 452 1459 nos
469 1423 506 1458 et
522 1419 651 1459 fratres
668 1420 781 1459 iidem
799 1433 929 1459 omues
946 1420 1086 1472 quibus
1105 1421 1142 1459 id
1162 1434 1405 1473 personarum
1430 1435 1580 1460 suarum
1603 1427 1718 1460 status

183 1475 352 1525 indulsit,
360 1481 495 1530 sponte
511 1490 554 1516 ac
571 1478 739 1517 celeriter
755 1478 998 1517 convenimus
1017 1478 1055 1517 in
1073 1478 1222 1517 civitate
1239 1479 1437 1531 praedicta,
1451 1484 1487 1517 et
1500 1480 1537 1517 in
1553 1493 1718 1518 mansue-

184 1533 314 1576 tudine
330 1539 532 1588 spontanee
549 1535 728 1588 palatium
754 1536 792 1574 in
814 1549 890 1589 quo
905 1536 1045 1575 ibidem
1064 1537 1324 1589 praedecessor
1338 1537 1582 1584 habitaverat,
1601 1538 1719 1589 pridie

183 1597 269 1634 ante
285 1593 419 1633 testum
438 1593 570 1633 Beatae
589 1594 740 1646 Agnetis
757 1595 957 1641 intrantes,
976 1594 1015 1633 in
1034 1595 1115 1647 ipso
1134 1596 1225 1634 festo
1240 1608 1388 1633 summo
1403 1608 1510 1633 inane
1523 1596 1718 1634 missarum

185 1649 418 1704 sollempniis
436 1651 475 1691 in
494 1650 674 1690 honorem
681 1651 806 1691 Sancti
820 1652 982 1703 Spiritus
995 1652 1189 1691 celebratis
1204 1666 1249 1690 ex
1264 1666 1378 1699 more,
1396 1653 1592 1705 lpsiusque
1603 1653 1718 1705 gratia

182 1709 280 1749 votis
297 1708 466 1749 invocata
483 1709 718 1762 supplicibus
735 1710 969 1749 concorditer
988 1710 1034 1748 ad
1056 1710 1316 1748 celebrandam
1337 1710 1553 1748 electionem
1578 1710 1720 1748 instan-

184 1771 259 1807 tem
281 1767 451 1807 scrutinii
476 1767 575 1806 viam
599 1767 789 1819 eligimus,
813 1772 849 1806 et
869 1767 1060 1807 assistente
1084 1768 1166 1819 ipso
1185 1768 1347 1819 benigno
1366 1768 1567 1820 sapientiae
1585 1768 1718 1819 spiritu

184 1825 251 1878 qui
275 1826 408 1869 devote
432 1839 471 1865 se
493 1826 754 1866 invocantibus
789 1855 1440 1866 ..................
1472 1827 1579 1877 cujus
1604 1828 1719 1878 gratia

184 1883 378 1922 molimina
396 1883 578 1924 tarditatis
596 1885 759 1936 ignorat,
777 1885 899 1937 primo
922 1885 1105 1924 celebrato
1125 1889 1162 1923 et
1183 1880 1376 1937 publicato
1398 1885 1594 1931 scrutinio,
1617 1885 1718 1936 quod

185 1945 308 1981 tamen
333 1956 570 1995 nequaquam
598 1944 719 1992 aliud,
745 1945 841 1983 sicut
866 1958 934 1983 nec
959 1945 1142 1996 oportuit,
1172 1949 1227 1983 est
1248 1949 1437 1990 secutum,
1465 1945 1501 1981 in
1529 1944 1720 1981 humilita-

185 2003 258 2039 tem
278 2005 465 2048 nostram,
482 2002 550 2040 Dei
566 2002 798 2054 providentia
815 2016 880 2042 seu
899 2003 1142 2055 permissione
1160 2003 1320 2041 mirabili
1340 2002 1524 2053 nobisque
1541 2002 1719 2040 nimirum

186 2058 342 2098 terribili
359 2064 396 2099 et
411 2060 614 2112 stupenda,
637 2061 750 2099 iidem
773 2062 902 2099 fratres
927 2061 1032 2099 nullo
1057 2061 1292 2099 discordante
1316 2060 1541 2098 unanimiter
1565 2072 1720 2097 concor-

185 2117 324 2156 darunt
351 2122 388 2157 et
418 2132 485 2158 nos
519 2119 566 2157 ad
597 2121 733 2158 summi
761 2120 988 2172 apostolatus
1012 2124 1206 2157 evocantes
1235 2119 1378 2170 apicem
1418 2122 1454 2155 et
1482 2117 1598 2167 ipsius
1624 2130 1719 2155 onus

185 2175 365 2225 giganteis
382 2177 491 2215 etiam
512 2177 744 2216 tremendum
764 2178 929 2216 humeris
955 2178 1089 2215 nostris
1107 2177 1295 2214 debilibus
1315 2176 1556 2227 imponentes.
1575 2175 1608 2213 Ο
1627 2175 1719 2213 mira

186 2237 252 2275 Dei
273 2238 451 2288 potentia!
472 2239 504 2277 Ο
522 2239 754 2277 admirabilis
772 2239 921 2277 divinae
942 2239 1197 2290 providentiae
1217 2239 1254 2275 in
1274 2238 1329 2275 sui
1350 2237 1592 2288 dispositione
1611 2235 1720 2272 infal-

186 2294 301 2333 libilis
320 2296 555 2346 magnitudo!
576 2298 668 2346 Quis
686 2297 902 2335 divitiarum
921 2297 1122 2348 sapientiae
1140 2310 1181 2333 ac
1201 2296 1374 2333 scientiae
1392 2301 1474 2332 tuae
1487 2293 1718 2331 altitudinem

186 2352 381 2399 admirari,
399 2354 484 2404 quis
498 2354 811 2406 comprehendere
828 2360 888 2393 tua
904 2354 1071 2392 miranda
1083 2354 1239 2403 judicia,
1253 2353 1338 2404 quis
1353 2352 1572 2402 investigare
1585 2351 1721 2388 suflicit

188 2410 461 2461 investigabiles
488 2412 565 2449 vias
593 2415 699 2450 tuas?
725 2413 818 2451 Ecce
843 2413 879 2449 id
906 2425 979 2449 non
1009 2411 1199 2461 interjecto
1217 2411 1323 2462 quasi
1344 2411 1454 2448 unius
1478 2410 1588 2446 horae
1606 2409 1719 2446 inter-

187 2468 288 2506 stitio
306 2469 510 2519 perfecisti,
529 2470 574 2507 ud
594 2470 696 2520 quod
714 2470 803 2507 alias
826 2483 998 2521 persaepe
1021 2469 1145 2506 diffusi
1170 2470 1346 2519 temporis
1369 2468 1528 2519 spatium
1550 2468 1609 2504 vix
1633 2481 1719 2518 pro-
