2184 3074
729 302 890 342 CODEX
915 301 1160 342 DUNENSlS.
1634 297 1706 336 427

179 421 294 459 sionis
327 426 364 459 et
390 421 782 459 excommunicationis
811 433 924 472 quam
956 420 995 457 in
1023 433 1088 457 vos
1117 423 1153 456 et
1182 423 1343 456 vestrum
1373 417 1579 469 quemlibet
1609 416 1704 454 trina

180 479 387 518 monitione
402 479 602 531 praemissa
617 479 771 517 ferimus
791 479 829 516 in
856 479 928 516 11115
953 478 1116 530 scriptis,
1143 477 1214 515 nisi
1241 477 1398 515 feceritis
1421 476 1525 528 quod
1551 475 1707 514 manda-

179 550 278 584 111115,
296 537 462 577 districte
478 538 728 590 praecipimus
745 542 928 590 quatenus
948 537 1127 575 moneatis
1152 536 1372 587 generaliter
1387 540 1424 573 et
1439 534 1648 586 specialiter
1667 533 1705 571 111

177 597 340 636 ecelesiis
357 598 487 636 vestris
502 598 561 635 vel
574 597 681 644 alibi,
699 597 904 635 secundum
922 597 1025 648 quod
1043 597 1138 634 lator
1154 595 1403 647 praesentium
1419 608 1439 633 a
1457 594 1563 632 vobis
1577 592 1705 644 requi-

178 656 298 703 sierit,
323 656 542 694 anctoritate
567 660 709 703 nostra,
737 656 853 693 immo
880 655 1005 707 potius
1034 655 1254 706 apostolica,
1277 667 1405 692 omnes
1426 654 1510 691 illos
1537 652 1595 694 vel
1622 652 1704 690 illas

178 727 272 766 qnos
285 715 342 752 vel
360 727 455 766 quas
473 716 567 752 lator
583 715 830 766 praesentium
849 715 955 752 vobis
972 714 1235 760 nominaverit,
1254 718 1295 751 ut
1312 713 1382 764 ipsi
1402 713 1499 750 bona
1515 711 1701 768 dictorum

179 773 435 825 religiosorum
449 777 486 810 et
499 773 751 811 membrorum
765 773 903 810 eisdem
917 772 1168 822 subjectorum
1188 777 1225 809 et
1241 771 1436 809 hominum
1456 783 1608 808 suorum
1629 782 1704 807 mo-

179 831 268 870 bilia
291 835 395 882 capta
413 835 449 868 et
471 835 664 878 arrestata,
686 831 809 869 saisita
827 843 891 868 seu
911 830 1057 867 detenta
1076 829 1165 880 ipsis
1185 829 1364 878 religiosis
1382 829 1539 866 reddant
1556 827 1703 879 penitus

178 888 214 927 et
230 889 426 927 restituant
439 889 477 926 in
498 889 648 927 instanti
668 894 704 927 et
722 889 821 941 ipsos
839 889 1055 940 permittant
1069 888 1116 925 de
1130 888 1237 926 dictis
1253 887 1361 925 bonis
1374 886 1535 938 gaudere
1552 885 1704 937 pacifice

179 951 215 984 et
235 947 374 998 quiete,
394 947 562 997 alioquin
585 960 714 985 omnes
740 947 967 994 detentores,
993 951 1178 997 captores,
1199 946 1382 983 saisitores
1406 949 1442 982 et
1469 948 1703 981 arrestatorcs

178 1005 451 1056 praedictorum
477 1005 662 1043 bonorum
689 1019 783 1057 quos
809 1005 907 1042 dicta
934 1005 1138 1042 monitione
1164 1009 1307 1055 peracta
1337 1002 1702 1040 excommunicamus

177 1064 216 1101 in
235 1063 307 1101 11115
323 1063 487 1114 scriptis,
500 1064 658 1115 singulis
673 1064 806 1102 diebus
821 1063 1020 1101 dominicis
1037 1068 1073 1100 et
1091 1063 1245 1109 festivis,
1261 1062 1398 1099 seriatis
1411 1066 1446 1099 et
1462 1074 1536 1098 non
1553 1060 1702 1106 feriatis,

177 1121 339 1160 candelis
357 1122 544 1170 extinctis,
562 1123 752 1174 campanis
772 1122 941 1174 pulsatis,
956 1122 1106 1173 publice
1123 1126 1158 1158 et
1174 1120 1428 1171 sollempniter
1443 1118 1702 1157 excommuni-

177 1184 277 1218 catos
294 1180 473 1218 nuntietis
490 1180 530 1217 in
547 1181 710 1218 ecclesiis
726 1181 856 1218 vestris
873 1181 931 1217 vel
948 1179 1039 1217 locis
1052 1179 1192 1230 quibus
1211 1179 1385 1230 expedire
1397 1178 1577 1224 videritis,
1590 1185 1702 1228 prout

177 1251 196 1275 a
217 1239 333 1276 latore
349 1239 599 1289 praesentium
618 1239 762 1276 fueritis
780 1238 967 1290 requisiti,
981 1237 1307 1276 excommunicetis
1323 1238 1395 1275 alta
1409 1250 1516 1283 voce,
1532 1237 1702 1275 similiter

176 1309 304 1335 omnes
323 1296 407 1334 illos
424 1297 490 1347 qui
508 1310 576 1347 per
586 1297 800 1334 violentiam
819 1297 950 1334 domos
963 1310 1027 1334 seu
1042 1296 1230 1333 domicilia
1244 1296 1429 1333 dictorum
1444 1296 1700 1346 religiosorum

175 1367 239 1393 seu
252 1354 506 1392 membrorum
520 1355 659 1392 eisdem
679 1355 931 1405 subjectorum
948 1355 1178 1393 intraverunt
1191 1356 1248 1392 vel
1267 1355 1498 1402 intraverint,
1513 1356 1702 1407 fregerunt

174 1413 230 1450 vel
250 1412 441 1463 fregerint,
455 1412 596 1461 10010115
613 1413 830 1451 auctoritate
848 1414 1034 1464 praedicta
1053 1404 1165 1451 simili
1185 1413 1385 1451 sententiae
1402 1414 1610 1463 subjacere,
1628 1414 1698 1452 nisi

172 1483 320 1508 causam
344 1471 602 1509 rationabilem
619 1472 896 1522 praetenderint
911 1484 1028 1524 qnare
1045 1485 1120 1510 non
1139 1472 1298 1509 debeant
1314 1472 1360 1510 ad
1379 1472 1450 1509 hoc
1467 1473 1558 1523 cogi.
1578 1473 1698 1521 Quam

172 1529 202 1566 si
220 1529 496 1580 praetenderint
511 1531 568 1568 vel
587 1531 786 1581 praemissa
805 1531 1036 1581 negaverint,
1056 1531 1173 1568 citetis
1192 1531 1290 1582 ipsos
1307 1532 1553 1581 peremptorie
1574 1545 1697 1569 coram

173 1587 281 1624 nobis
300 1587 434 1624 Furnis
460 1587 507 1624 ad
530 1588 608 1626 dies
629 1594 877 1640 competentes
896 1590 1032 1626 dictam
1051 1603 1198 1627 causam
1221 1595 1479 1640 praetensuros
1505 1595 1541 1627 et
1563 1591 1700 1642 allega-

174 1650 293 1692 turos,
311 1650 348 1682 et
373 1658 485 1697 super
509 1659 570 1692 ea,
595 1647 625 1684 si
653 1660 799 1686 necesse
824 1648 952 1695 suerit,
975 1649 1184 1698 juraturos,
1209 1653 1244 1685 et
1270 1649 1570 1686 nichilominus
1559 1662 1598 1686 111
1623 1654 1698 1686 1010

173 1709 267 1741 terra
289 1703 327 1740 in
346 1713 440 1766 qm
443 1703 542 1742 bona
565 1704 750 1742 dictorum
776 1706 1051 1757 religiosorum,
1069 1707 1321 1743 membrorum
1348 1707 1419 1744 sibi
1445 1707 1696 1756 subJectorum

171 1763 228 1799 vel
247 1754 449 1799 hominurn
461 1775 614 1800 suorum
634 1763 686 1801 510
703 1764 866 1811 detenta,
884 1764 1024 1812 saisita,
1042 1771 1146 1816 capta
1164 1770 1200 1802 et
1217 1770 1408 1812 arrestata,
1427 1771 1462 1802 et
1479 1766 1544 1803 ubi
1562 1766 1700 1816 praedo

171 1834 234 1859 seu
252 1821 456 1872 praedones
475 1821 613 1859 fuerint
631 1822 791 1867 inventi,
808 1823 854 1860 ad
873 1823 1152 1874 requisitionem
1173 1824 1297 1861 latoris
1313 1824 1559 1875 praesentium
1579 1839 1695 1862 cesse-

171 1879 216 1917 tis
235 1878 382 1930 penitus
405 1892 424 1916 0
443 1879 600 1927 divinis,
619 1880 738 1919 donec
761 1881 899 1920 eisdem
926 1882 1105 1933 religiosis
1130 1883 1240 1919 suerit
1263 1883 1426 1933 plenarie
1450 1883 1693 1929 satisfactum,

170 1950 315 1975 necnon
337 1950 464 1974 omnes
490 1938 573 1975 illos
599 1939 664 1989 qui
688 1939 727 1977 in
751 1940 953 1977 monachos
977 1953 1172 1978 conversos
1190 1941 1247 1977 vel
1272 1941 1310 1977 in
1332 1954 1506 1991 personas
1523 1941 1611 1978 dicti
1631 1955 1693 1978 or-

169 1996 268 2033 dinis
291 2009 422 2033 manus
444 1996 640 2046 injecerint
664 1999 721 2035 vel
746 1999 941 2049 injecerint
970 2003 1105 2037 temere
1125 1999 1321 2043 violentas,
1348 2005 1384 2037 et
1410 2001 1474 2051 qui
1503 2001 1691 2039 maleficiis

169 2053 383 2103 hujusmodi
403 2054 599 2092 consilium
609 2084 622 2101 ,
648 2057 846 2104 auxilium,
871 2058 1051 2104 savorem,
1070 2071 1178 2108 opem
1199 2062 1234 2094 et
1251 2059 1503 2096 auctoritatem
1523 2059 1690 2096 dederint

168 2115 232 2148 aut
251 2110 438 2158 dederint,
465 2116 502 2149 et
522 2126 650 2151 omnes
676 2114 758 2152 illos
786 2116 852 2166 qui
881 2129 1055 2167 personas
1078 2121 1113 2153 et
1138 2116 1288 2153 nomina
1309 2117 1492 2154 dictorum
1520 2118 1692 2155 malefac-

169 2175 290 2208 torum
315 2175 545 2220 cognoscunt
569 2177 633 2210 aut
655 2179 893 2224 cognoscent,
925 2180 961 2212 et
989 2175 1053 2226 qui
1084 2175 1130 2212 de
1156 2175 1352 2226 praedictis
1377 2175 1485 2214 bonis
1506 2176 1692 2222 detinent,

168 2228 328 2266 recelant
347 2228 404 2264 vel
433 2234 636 2280 occupant,
667 2244 733 2268 seu
758 2232 1000 2279 detinuerint,
1026 2233 1265 2270 recelaverint
1288 2233 1345 2270 vel
1368 2234 1630 2284 occupaverint
1652 2234 1690 2272 in

164 2285 435 2338 praejudicium
459 2286 645 2326 dictorum
671 2290 947 2341 religiosorum,
972 2291 1225 2328 membrorum
1249 2291 1320 2329 sibi
1348 2292 1600 2342 subjectorum
1626 2307 1689 2331 seu

167 2344 362 2382 hominum
381 2357 533 2383 suorum
551 2359 705 2398 quoquo
723 2349 852 2395 modo,
865 2354 901 2386 et
917 2350 984 2400 qui
999 2349 1086 2386 inde
1099 2350 1222 2387 sciunt
1237 2350 1294 2387 vel
1313 2350 1429 2388 scient
1441 2357 1505 2388 aut
1517 2352 1691 2390 sciverint

167 2403 214 2440 de
230 2403 442 2454 praemissis
459 2405 656 2455 praedictis
674 2407 853 2458 religiosis
866 2409 923 2446 vel
942 2421 1070 2446 001-0111
1089 2413 1188 2446 certo
1206 2409 1380 2446 mandato
1398 2409 1493 2446 infra
1511 2415 1595 2449 octo
1611 2411 1689 2449 dies
