2184 3074
455 286 527 324 242
1008 282 1167 319 CODEX
1195 281 1443 320 DUNENSIS.

457 399 719 450 transcriptum
738 398 985 449 quarumdam
1004 397 1211 447 patentium
1231 396 1436 433 litterarum
1455 409 1531 433 non
1551 396 1782 444 abrasarum,
1809 410 1884 434 non
1904 409 1994 434 can—

453 458 664 494 cellatarum
676 487 684 502 ,
704 471 779 494 uon
797 457 1036 502 abolitarum,
1053 469 1120 492 nec
1138 456 1177 492 in
1195 455 1320 505 aliqua
1331 455 1387 492 sui
1398 455 1993 506 partevitiatarum,sigillatamm

456 516 577 566 sigillo
591 515 780 553 reverendi
800 515 914 565 patris
927 514 1069 551 domini
1083 513 1297 564 Berengarii
1314 513 1421 550 titulo
1429 509 1650 551 Sanctorum
1664 513 1771 551 Nerei
1787 518 1823 550 et
1835 512 1994 550 Achillei

455 575 660 624 presbyteri
684 573 901 619 cardinalis,
927 577 1039 623 prout
1064 572 1103 609 in
1129 571 1415 609 circunferentia
1433 571 1522 608 dicti
1549 571 1660 620 sigilli
1687 576 1766 608 erat
1790 571 1992 622 scriptum,

458 636 500 668 ut
524 633 642 683 prima
670 633 762 669 facie
787 632 1008 682 apparebat,
1034 644 1193 681 quarum
1222 636 1328 668 tenor
1351 631 1433 667 talis
1459 635 1539 668 est:
1573 630 1762 669 Universis
1785 634 1995 682 praesentes

458 690 596 727 litteras
622 690 857 740 inspecturis,
883 689 1147 740 Berengarius,
1178 688 1432 726 misericordia
1458 688 1605 734 divina,
1628 689 1862 726 Tusculanus
1893 688 1994 739 epis·

457 761 591 797 copus,
612 748 766 784 salutem
785 748 823 783 in
840 747 1002 785 Domino
1022 763 1028 783 :
1046 747 1199 784 Noverit
1216 746 1437 784 universitas
1456 751 1575 783 vestra
1593 747 1695 796 quod
1713 747 1936 785 constitutus
1953 747 1992 784 in

458 809 581 842 nostra
605 805 810 855 praesentia
829 805 941 842 frater
959 805 1191 851 Willelmus,
1217 817 1417 842 conversus
1441 804 1631 855 quondam
1650 809 1686 841 et
1703 806 1891 854 professus
1909 817 1994 842 mo-

456 863 606 901 nasterii
629 864 675 900 de
691 864 812 909 Does,
838 863 981 900 ordinis
1007 863 1277 909 Cisterciensis,
1301 862 1545 900 Tornacensis
1565 862 1752 912 dyocesis,
1775 863 1869 900 lator
1885 875 1994 913 prae-

457 922 633 968 sentium,
658 922 766 959 nobis
791 922 965 972 exposuit
989 922 1092 972 quod
1117 922 1195 972 ipse
1215 922 1319 968 olim,
1345 934 1564 970 guerrarum
1586 921 1783 958 Flandriae
1808 926 1993 972 tempore,

457 981 641 1019 hostiliter
658 981 770 1017 armis
787 994 825 1017 se
844 980 1034 1026 muniens,
1054 980 1092 1016 in
1120 980 1356 1017 conflictibus
1383 979 1543 1017 crudelis
1559 980 1718 1017 bellator
1741 979 1916 1016 interfuit*
1925 979 1992 1017 ubi

455 1040 616 1091 plurima
636 1039 790 1089 laycalia
816 1053 880 1076 seu
903 1039 974 1075 alia
999 1039 1201 1076 homicidia
1222 1039 1363 1089 absque
1386 1038 1640 1076 misericordia
1661 1039 1904 1088 perpetravit,
1926 1038 1993 1076 de-

454 1111 634 1147 mumque
661 1098 707 1134 ad
732 1099 939 1148 praefatum
971 1098 1238 1136 monasterium
1265 1098 1430 1143 rediens,
1460 1097 1669 1147 dyabolicis
1690 1097 1814 1134 adhuc
1837 1097 1993 1148 instiga-

454 1156 636 1203 tionibus,
657 1156 773 1206 proch
788 1157 911 1203 dolor,
929 1157 1126 1194 derelictus
1138 1186 1147 1203 7
1166 1156 1204 1193 in
1218 1161 1360 1207 patrem
1374 1156 1601 1206 degenerans
1614 1155 1715 1192 filius
1731 1168 1864 1193 manus
1877 1155 1993 1193 sacri-

454 1215 552 1264 legas
569 1227 681 1252 ausus
700 1215 913 1262 extendere,
931 1216 1103 1253 abbatem
1123 1215 1318 1266 proprium
1337 1214 1512 1251 atrociter
1531 1214 1758 1260 vulneravit,
1781 1213 1848 1264 qui
1866 1218 1990 1252 tamen

454 1287 499 1310 ex
518 1273 627 1310 illatis
642 1274 714 1310 sibi
729 1275 965 1321 vulneribus,
978 1275 1128 1312 effectus
1139 1304 1148 1321 ,
1164 1279 1205 1311 ut
1219 1275 1355 1320 fertur,
1373 1286 1450 1310 non
1465 1272 1587 1310 extitit
1599 1272 1777 1310 inhabilis
1786 1272 1833 1310 ad
1846 1272 1990 1318 divina,

452 1346 494 1368 ac
508 1332 615 1368 malis
629 1333 725 1368 mala
738 1332 934 1382 adjiciens,
951 1333 1182 1370 cellerarium
1199 1333 1287 1370 dicti
1304 1332 1529 1378 monasterii,
1543 1331 1769 1368 monachum
1782 1331 1991 1381 professum

453 1395 488 1428 et
516 1391 794 1440 presbyterum,
825 1392 1018 1429 interfecit.
1047 1393 1300 1443 Quapropter,
1331 1391 1430 1428 idem
1455 1390 1671 1428 Willelmus
1695 1389 1742 1426 de
1771 1387 1990 1426 exuberanti

453 1449 687 1499 Apostolicae
707 1450 812 1487 Sedis
831 1451 1060 1501 benignitate
1078 1451 1260 1496 confisus,
1278 1450 1357 1499 ejus
1372 1449 1663 1486 misericordiam
1687 1447 1901 1499 imploravit
1917 1447 1991 1484 hu-

451 1508 604 1554 militer,
630 1522 715 1545 cum
740 1509 914 1547 instantia
937 1511 1152 1561 supplicans
1180 1510 1251 1547 sibi
1271 1523 1337 1560 per
1359 1522 1439 1546 eam
1462 1521 1575 1558 super
1596 1507 1808 1558 praemissis
1826 1506 1990 1544 reatibus

452 1570 486 1603 et
505 1567 664 1616 peccatis
687 1567 732 1604 de
755 1568 905 1606 salutari
930 1569 1095 1606 remedio
1115 1568 1319 1606 subveniri.
1342 1568 1446 1605 Licet
1468 1571 1590 1604 autem
1618 1565 1832 1603 detestanda
1856 1565 1991 1614 hujus-

452 1624 553 1661 modi
573 1626 754 1662 scelerum
779 1627 937 1677 qualitas
961 1627 1163 1664 multarum
1187 1626 1299 1677 digna
1325 1626 1373 1663 sit
1396 1625 1600 1662 inflictione
1626 1637 1851 1674 poenarum,
1872 1622 1990 1674 ipsius

452 1688 572 1720 tamen
593 1684 698 1721 Sedis
717 1685 927 1732 clementia,
946 1686 1050 1723 Illius
1069 1686 1294 1723 salutaribus
1318 1685 1512 1722 inhaerens
1531 1683 1695 1734 vestigiis
1720 1682 1786 1733 qui
1815 1694 1888 1719 non
1909 1681 1991 1718 vult

452 1747 608 1779 mortem
636 1744 858 1792 peccatoris,
886 1744 950 1781 sed
976 1744 1101 1794 potius
1132 1749 1174 1781 ut
1204 1748 1440 1781 convertatur
1465 1747 1500 1779 et
1531 1743 1646 1788 vivat,
1669 1742 1749 1791 ejus
1775 1740 1988 1789 instantiam

452 1801 740 1838 misericorditer
759 1802 804 1838 ad
833 1803 988 1852 gratiam
1021 1803 1270 1840 exauditionis
1301 1802 1462 1839 admisit.
1495 1801 1658 1851 ldeoque
1683 1813 1750 1837 nos
1773 1800 1990 1836 auctoritate

452 1859 595 1895 domini
614 1873 731 1910 papae
748 1861 856 1910 cujus
873 1861 1121 1911 poenitentiae
1140 1874 1267 1898 curam
1286 1860 1449 1911 gerimus
1463 1864 1499 1897 et
1515 1860 1562 1896 de
1579 1859 1696 1909 ipsius
1713 1857 1863 1908 speciali
1882 1870 1990 1894 man-

453 1918 538 1955 dato
560 1918 665 1955 vivae
690 1919 791 1956 vocis
814 1921 964 1956 oraculo
991 1920 1098 1957 nobis
1125 1921 1238 1965 sacto,
1261 1919 1402 1956 dictum
1430 1919 1578 1955 fratrem
1602 1917 1834 1955 willelmum
1860 1915 1907 1952 ab
1923 1928 1990 1952 ex-

453 1977 835 2014 communicationum
868 1978 1059 2015 sententiis
1094 1991 1187 2028 quas
1225 1982 1377 2028 propter
1411 1977 1483 2014 hoc
1511 1975 1670 2013 incurrit
1701 1979 1737 2011 et
1771 1972 1988 2023 hujusmodi

454 2035 685 2081 homicidiis,
710 2037 874 2074 reatibus
895 2042 932 2074 et
954 2036 1112 2087 peccatis
1139 2036 1367 2074 absolvimus
1391 2036 1430 2072 in
1451 2036 1569 2072 forma
1591 2033 1775 2071 Ecclesiae
1792 2036 1989 2078 consueta,

453 2095 574 2145 ipsum
601 2096 710 2133 etiam
735 2110 755 2133 a
781 2097 869 2134 dicti
901 2098 1044 2135 ordinis
1075 2097 1309 2134 observantia
1340 2101 1376 2133 et
1407 2095 1538 2133 habitu
1563 2094 1712 2145 penitus
1743 2093 1986 2130 absolventes.

451 2153 685 2205 Injungimus
703 2169 855 2207 quoque
871 2158 942 2194 sibi
957 2162 999 2194 ut
1016 2157 1167 2195 instanti
1185 2155 1519 2207 Hospitalariorum
1538 2153 1708 2204 passagio
1725 2156 1886 2189 transeat
1901 2165 1988 2202 per-

452 2211 627 2250 sonaliter
644 2214 681 2251 in
700 2215 911 2254 subsidium
928 2217 1062 2254 Terrae
1079 2216 1252 2262 Sanctae,
1269 2215 1448 2266 quodque
1466 2213 1504 2250 in
1520 2212 1794 2263 praedictorum
1813 2209 1990 2260 Hospita-

453 2271 629 2309 lariorum
665 2274 834 2312 ordinem
865 2275 1112 2326 ingrediatur,
1140 2275 1170 2312 si
1201 2274 1351 2326 poterit,
1381 2278 1417 2310 et
1446 2273 1486 2309 in
1515 2284 1558 2308 eo
1588 2274 1717 2307 votum
1748 2267 1988 2320 professionis

452 2329 594 2367 emittat
612 2347 619 2367 :
639 2332 824 2383 alioquin,
843 2335 1022 2384 praefato,
1041 2334 1152 2371 dante
1169 2334 1266 2379 Deo,
1285 2332 1440 2369 feliciter
1457 2329 1654 2367 terminato
1671 2326 1840 2378 passagio
1857 2330 1894 2363 et
1905 2326 1987 2376 ipso

452 2388 498 2426 ad
517 2394 638 2439 partes
657 2391 930 2439 citramarinas,
949 2393 1083 2430 comite
1102 2393 1191 2439 vita,
1213 2404 1379 2438 reverso,
1407 2390 1502 2427 infra
1520 2393 1604 2425 octo
1622 2386 1806 2424 meusium
1824 2384 1986 2435 spatium
