2184 3074
479 382 550 419 102
1033 378 1195 417 CODEX
1221 379 1465 420 DUNENSIS.

1194 543 1302 582 Lxx.

478 663 584 702 Bulle
611 662 822 700 d'lmwcene
846 661 883 698 V
907 666 1117 709 annaneane
1139 672 1206 698 son
1232 660 1377 699 &lection
1399 673 1476 711 par
1500 661 1532 699 le
1561 660 1726 712 suffraqe
1749 663 1926 701 unanime
1949 662 2013 702 dec

807 718 1019 756 cardinauae
1043 719 1152 767 apres
1178 717 1216 757 la
1243 724 1337 756 more
1362 718 1407 756 de
1432 719 1610 770 Greqoirc
1634 719 1686 757 Χ.

527 911 780 957 Innocentius,
795 923 922 948 servus
936 922 1126 947 servorum
1141 910 1230 956 Dei,
1249 910 1525 949 venerabilibus
1540 911 1716 950 fratribus
1733 902 2013 965 archiepiscopo

479 970 667 1016 Rcmensi,
686 969 840 1020 ejusque
855 968 1097 1019 suffraganeis
1116 973 1152 1007 et
1173 969 1317 1007 dilectis
1341 970 1427 1007 liliis
1449 969 1669 1018 abbatibus,
1682 970 1887 1022 prioribus,
1902 969 2014 1010 deen—

479 1028 551 1075 nis,
566 1027 857 1072 archidiaconis,
877 1026 1096 1077 praepositis
1114 1031 1150 1064 et
1168 1027 1250 1065 aliis
1269 1028 1506 1066 ecclesiarum
1523 1028 1696 1080 praelatis
1709 1041 1777 1080 per
1795 1029 2013 1069 Romanam

477 1086 705 1138 provinciam
725 1085 953 1132 constitutis,
971 1085 1126 1123 salutem
1146 1090 1182 1123 et
1198 1086 1439 1137 apostolicam
1457 1086 1765 1125 benedictionem.

526 1145 826 1183 Fundamentum
843 1156 951 1180 nemo
966 1155 1104 1195 ponere
1118 1148 1238 1195 potest
1252 1149 1398 1195 praeter
1410 1143 1447 1182 id
1461 1144 1563 1196 quod
1579 1145 1744 1196 positum
1759 1149 1829 1193 est,
1843 1144 1946 1197 quod
1959 1149 2016 1184 est

477 1203 644 1241 Christus
662 1203 808 1241 Jhesus.
829 1202 898 1240 Hie
915 1202 1068 1254 quidem
1088 1202 1192 1254 origo
1210 1202 1467 1241 inchoantium
1486 1207 1522 1241 et
1542 1203 1748 1242 constantia
1773 1203 2014 1243 robustorum

477 1278 544 1302 suo
569 1264 750 1315 sanguine
772 1264 943 1302 Sanctam
968 1263 1196 1302 Catholicam
1219 1264 1381 1302 fundans
1401 1264 1600 1303 Ecclesiam
1617 1264 1724 1315 juxta
1745 1263 2014 1317 prophetarum

476 1322 631 1359 verbum
647 1322 839 1368 eximium,
860 1322 897 1359 in
914 1322 1104 1361 montibus
1120 1322 1255 1361 sanctis
1270 1322 1349 1372 ejus
1364 1322 1605 1360 fundamenta
1620 1322 1830 1371 constituit,
1845 1322 1946 1362 illius
1958 1334 2017 1362 su-

477 1393 543 1431 per
557 1394 595 1418 se
610 1380 760 1418 basibus
774 1380 940 1419 solidatis
955 1386 991 1418 et
1005 1394 1196 1419 mensuras
1210 1394 1360 1419 mensus
1375 1380 1554 1432 ejusdem,
1574 1380 1729 1419 tetendit
1745 1394 1820 1419 non
1837 1385 1911 1419 tam
1925 1380 2018 1420 visi-

477 1439 590 1476 bilem
609 1452 721 1490 quam
739 1438 964 1477 invisibilem
980 1439 1114 1477 lineam
1131 1452 1243 1491 super
1256 1452 1348 1477 eam.
1365 1439 1461 1490 ilinc
1475 1438 1663 1477 interdum
1678 1439 1789 1479 ducta
1803 1439 1912 1486 linea,
1927 1438 2017 1478 hinc

478 1497 627 1535 reducta
647 1502 688 1535 ut
710 1498 747 1535 in
765 1511 897 1549 sagena
915 1497 1098 1535 Ecclesiae
1116 1498 1232 1549 ipsius
1250 1498 1384 1535 electos
1402 1497 1584 1544 includat,
1602 1497 1650 1535 ab
1667 1497 1730 1535 illa
1748 1497 1927 1550 reprobos
1945 1510 2014 1549 pro

477 1555 631 1593 arbitrio
650 1555 818 1593 ducentis
840 1560 875 1593 et
899 1555 1108 1594 reducentis
1135 1556 1319 1593 excludat.
1345 1555 1405 1594 Sic
1428 1555 1490 1593 ille
1512 1559 1694 1593 terrarum
1723 1555 1892 1608 coelique
1918 1559 2018 1594 sator

478 1619 653 1665 perpetua
672 1614 814 1651 ratione
831 1614 931 1651 solus
951 1614 1075 1651 omnia
1095 1613 1262 1664 disponit
1278 1618 1314 1651 et
1330 1613 1498 1660 ordinat,
1521 1613 2016 1665 immotusquepermanens

479 1673 516 1710 in
539 1687 576 1710 se
600 1674 679 1724 ipso
700 1673 752 1710 ire
765 1673 873 1723 jubet
889 1673 1053 1724 singula,
1077 1673 1140 1710 dat
1165 1678 1296 1711 cuncta
1324 1673 1462 1710 moveri
1486 1672 1594 1723 juxta
1613 1672 1905 1724 omnipotentiae
1929 1685 2018 1720 suae

480 1735 632 1777 nutum,
659 1735 878 1769 cunctorum
908 1736 1031 1769 motus
1057 1731 1253 1770 moderans
1278 1736 1314 1769 et
1337 1744 1543 1782 processus.
1568 1731 1630 1769 Sic
1659 1730 1817 1782 singulis
1845 1727 2017 1770 dividens

480 1803 547 1841 pro
572 1803 636 1827 sua
662 1791 870 1836 voluntate,
889 1790 990 1828 hunc
1009 1795 1116 1828 vocat
1140 1795 1176 1829 et
1193 1791 1316 1842 eligit,
1336 1789 1437 1828 hunc
1454 1794 1627 1828 vocatum
1647 1789 1684 1828 in
1703 1789 1905 1828 electorum
1926 1802 2019 1829 con-

477 1848 632 1885 sortium
653 1861 727 1885 non
746 1848 916 1886 admittit.
938 1849 1006 1886 Hic
1028 1849 1094 1886 etsi
1120 1849 1228 1886 faciat
1251 1849 1288 1886 in
1318 1848 1495 1886 omnibus
1522 1847 1707 1885 mirabilia
1738 1860 1871 1899 magna
1897 1847 2017 1895 solus,

479 1920 591 1958 super
611 1920 740 1945 omnes
764 1907 859 1944 filios
887 1913 1009 1945 tamen
1029 1907 1225 1946 hominum
1252 1907 1428 1945 terribilis
1455 1907 1493 1944 in
1512 1907 1588 1945 suis
1610 1905 1776 1944 consiliis
1809 1905 2016 1944 innotescit.

477 1966 569 2014 Quis
591 1966 689 2004 enim
709 1966 851 2017 absque
870 1971 1008 2004 terrore
1026 1966 1234 2004 consideret
1251 1966 1353 2018 quod
1371 1966 1487 2017 gratia
1506 1964 1658 2003 Domini
1681 1965 1803 2003 solum
1823 1977 1843 2002 a
1861 1967 2017 2002 vocante

478 2024 712 2070 conceditur,
732 2037 805 2061 non
824 2038 867 2061 ex
894 2024 1071 2075 operibus
1094 2025 1300 2075 optinetur3
1323 2024 1425 2075 quod
1451 2023 1603 2061 indurat
1627 2035 1721 2074 quos
1745 2022 1826 2060 vult
1850 2026 1886 2060 et
1910 2022 2017 2073 cujus

477 2083 556 2119 vult
574 2082 792 2134 praestando
815 2082 847 2119 ei
868 2082 1159 2120 misericordiam
1181 2083 1386 2129 miseretur,
1405 2082 1508 2133 quod
1527 2085 1634 2119 vocat
1657 2094 1698 2118 ea
1717 2094 1812 2132 quae
1830 2093 1906 2118 non
1929 2085 2019 2118 sunt

480 2145 654 2191 tanquam
675 2154 714 2176 ea
729 2153 824 2191 quae
838 2145 936 2186 sunt,
953 2140 1099 2177 infirma
1116 2140 1246 2178 mundi
1267 2140 1405 2191 eligens
1424 2144 1466 2177 ut
1483 2139 1590 2177 sortia
1609 2152 1780 2190 quaeque
1794 2138 2016 2184 confundat3

478 2199 579 2249 quod
600 2198 665 2235 lios
690 2199 840 2235 exaltari
866 2198 1047 2249 permittit
1069 2198 1115 2236 ad
1139 2212 1286 2245 casum,
1312 2199 1404 2236 alios
1430 2211 1516 2236 vero
1540 2197 1712 2235 humiliat
1734 2197 1780 2234 ad
1802 2209 2017 2243 ascensum3

479 2257 580 2308 quod
603 2271 715 2308 super
735 2258 871 2294 occulti
895 2258 1017 2295 cordis
1042 2258 1158 2309 spatia
1186 2257 1582 2309 incomprehensibiles
1605 2255 1856 2294 dimensiones
1884 2254 2018 2305 hujus-

481 2315 580 2351 modi
602 2315 717 2352 lineae
737 2316 1012 2366 protenduntur
1029 2321 1070 2353 ut
1088 2316 1315 2367 repellantur
1332 2314 1535 2366 aliquando
1554 2314 1619 2365 qui
1645 2317 1837 2351 secuturos
1861 2326 1900 2350 se
1924 2311 2017 2350 offe-

480 2378 584 2419 runt,
611 2379 646 2411 et
670 2374 734 2424 qui
761 2375 915 2412 relaxari
942 2375 1100 2426 cupiunt
1125 2374 1393 2412 admittantur?
1412 2374 1532 2423 Hujus
1551 2371 1794 2410 dimensionis
1824 2370 2015 2408 tremenda

480 2432 608 2481 procul
636 2431 751 2468 dubio
772 2432 842 2469 hiis
856 2432 988 2469 diebus
1002 2437 1114 2483 prout
1127 2432 1306 2470 dividenti
1323 2433 1463 2483 placuit
1477 2436 1574 2469 sorte
1590 2431 1627 2468 in
1643 2434 1766 2468 nostra
1781 2428 2016 2480 promotione

479 2494 622 2540 recepta
633 2518 641 2534 .,
660 2503 778 2540 eoque
794 2489 1006 2527 terribiliori
1022 2504 1097 2541 quo
1112 2490 1320 2528 sublimiori
1335 2495 1446 2541 atque
1459 2489 1662 2528 onerosior-i
1679 2500 1790 2538 super
1803 2499 1870 2524 nos
1886 2486 2015 2524 distri-
