2184 3074
756 347 918 386 CODEX
943 348 1189 388 DUNENSIS.
1695 357 1742 394 47

902 525 1048 565 XXXV.

386 638 732 677 Recommandacion
757 652 801 678 en
826 640 963 691 favour
987 642 1031 680 de
1057 642 1155 680 deux
1179 645 1364 682 courriers
1389 645 1441 682 du
1461 658 1569 696 pape.

253 830 417 869 Dilectos
448 838 594 871 nostros
626 834 828 884 Symonem
859 841 895 873 et
924 836 1102 884 Panium,
1134 837 1267 874 latores
1298 838 1568 888 praesentium,
1597 838 1739 876 domini

204 901 322 940 papae
337 902 506 928 cursores
523 892 570 928 ad
588 905 652 930 vos
671 893 901 940 accedentes,
920 895 1061 932 caritati
1075 900 1217 932 vestrae
1230 895 1276 932 de
1289 909 1364 947 qua
1378 897 1487 947 plene
1501 897 1742 943 confidimus,

203 951 330 985 tenore
357 950 607 999 praesentium
633 950 811 989 duximus
835 954 1059 1003 propensius
1090 954 1423 1001 commendandos,
1452 968 1518 993 vos
1545 955 1743 994 affectuose

202 1011 373 1056 rogantes
390 1012 574 1058 quatenus
592 1008 692 1060 ipsos
710 1010 828 1047 nostri
847 1011 984 1048 amoris
1003 1011 1142 1049 intuitu
1162 1012 1283 1049 taliter
1305 1013 1582 1051 commendatos
1606 1014 1743 1051 habere

202 1064 322 1103 velitis
339 1066 442 1117 quod
462 1071 604 1105 nostras
623 1069 723 1119 apud
740 1081 806 1106 vos
821 1083 948 1120 preces
967 1071 1037 1108 sibi
1056 1071 1216 1108 sentiant
1234 1072 1456 1118 fructuosas,
1474 1085 1617 1124 nosque
1635 1073 1740 1111 vobis

202 1123 337 1162 exinde
355 1127 547 1162 teneamur
562 1126 764 1176 gratiarum
784 1128 920 1167 reterre
939 1129 1070 1166 uberes
1089 1129 1262 1167 actiones.

909 1252 1031 1263 -ο-οο-ι

886 1384 1050 1422 xxxvl.

263 1497 300 1535 Il
322 1502 376 1535 eet
393 1499 534 1547 permis
560 1512 638 1537 ausc
663 1499 846 1551 reliqieuoe
872 1501 916 1539 de
947 1500 1095 1539 Tkosan
1121 1502 1333 1540 d’accorder
1361 1509 1541 1554 quarante
1558 1505 1672 1555 jours

829 1560 1113 1610 d’indulqences.

243 1750 341 1789 Talis
358 1752 554 1803 episcopus
572 1753 749 1791 omnibus
767 1754 903 1792 Christi
929 1755 1103 1793 fidelihus
1122 1761 1330 1806 praesentes
1350 1756 1488 1794 litteras
1512 1757 1735 1807 inspecturis

193 1809 348 1847 salutem
367 1810 405 1847 in
426 1811 587 1849 Domino
606 1812 886 1863 sempiternam.

244 1869 427 1907 Noveritis
451 1871 554 1921 quod
573 1885 640 1909 nos
664 1872 872 1909 animarum
896 1873 1051 1909 salutem
1074 1873 1228 1910 ferventi
1259 1872 1443 1910 desiderio
1473 1874 1663 1924 cupientes
1694 1888 1735 1911 ac

196 1927 468 1966 considerantes
494 1929 682 1967 bonorum
707 1944 863 1981 operum
887 1931 1050 1968 fructum
1074 1945 1185 1982 quem
1210 1931 1394 1969 Dominus
1418 1932 1591 1982 producit
1617 1938 1652 1969 et
1675 1933 1734 1969 di-

195 1990 330 2036 gnatur
346 2000 412 2037 per
428 1988 619 2038 religiosos
637 1989 736 2027 viros
754 1990 926 2027 abbatem
946 1995 981 2027 et
998 1995 1222 2028 conventum
1241 1991 1287 2027 de
1305 1991 1452 2028 Thosan
1474 1992 1675 2027 clementer
1698 1996 1732 2027 et

198 2044 374 2082 continue
399 2047 563 2096 operari,
591 2047 829 2085 concedimus
856 2049 908 2085 eis
938 2048 984 2085 de
1014 2049 1080 2086 Dei
1114 2049 1379 2099 omnipotentis
1410 2049 1663 2086 misericordia
1689 2062 1731 2086 ac

197 2101 391 2140 beatorum
409 2104 507 2141 Petri
525 2110 561 2142 et
579 2105 682 2142 Pauli
701 2106 953 2156 apostolorum
973 2107 1052 2156 ejus
1070 2107 1199 2144 confisi
1219 2107 1421 2158 suffragiis,
1444 2107 1546 2157 quod
1566 2107 1603 2143 in
1623 2120 1731 2157 prae-

197 2160 447 2199 dicationibus
465 2164 542 2201 suis
560 2164 693 2202 diebus
711 2165 908 2202 dominicis
927 2170 963 2202 et
981 2166 1119 2203 festivis
1138 2166 1232 2203 infra
1251 2166 1307 2202 vei
1326 2170 1428 2202 extra
1447 2179 1556 2202 suum
1582 2178 1731 2202 monas-

197 2218 332 2256 terium
360 2219 542 2258 'faciendis
572 2221 638 2259 XL
665 2222 810 2260 dierum
843 2223 1092 2273 indulgentias
1124 2224 1247 2274 largiri
1281 2224 1443 2270 valeant,
1475 2237 1559 2261 cum
1587 2223 1728 2261 domini

195 2277 438 2316 Tornacensis
457 2280 620 2331 episcopi
639 2281 685 2318 ad
705 2281 776 2319 hoc
793 2283 985 2319 accesserit
1002 2283 1174 2320 voluntas
1193 2287 1228 2319 et
1246 2295 1457 2320 consensus.

902 2425 1006 2434 ⁴⁴0—
