2184 3074
428 262 501 300 ⁴260
977 259 1139 297 CODEX
1167 257 1411 296 DUNENSIS.

427 376 502 414 sint
521 378 722 423 invalidam
742 378 934 428 ommique
954 380 1103 413 careant
1120 375 1303 412 firmitate.
1322 375 1536 412 Praesentes
1554 387 1641 411 vero
1662 374 1799 411 litteras
1813 373 1961 411 extendi

428 436 602 473 nolumus
616 437 662 472 ad
675 436 864 472 ecclesiam
883 434 1130 471 cathedralem
1142 463 1151 480 a
1172 434 1220 470 ita
1235 433 1337 484 quod
1357 433 1403 470 de
1421 432 1642 470 canonicatu
1660 432 1717 469 vel
1735 432 1960 482 praebenda,

427 507 491 531 seu
510 499 707 544 personatu
727 499 790 530 aut
813 494 994 543 dignitate
1018 493 1135 543 ipsius
1158 492 1332 529 eeclesiae
1354 491 1576 528 cathedralis
1599 491 1812 528 nullatenus
1833 503 1961 528 earum

426 553 642 589 auctoritate
667 553 785 589 valeat
808 551 1013 602 providet-L,
1036 551 1292 595 decernentes,
1310 550 1340 587 si
1360 563 1466 587 secus
1483 553 1606 586 actum
1633 549 1760 596 suerit,
1782 549 1910 586 iritum
1927 553 1965 586 et
2002 563 2005 566 ·

426 611 546 648 inane.
567 612 702 648 Datum
721 611 820 661 apud
841 616 908 647 etc.

476 669 594 718 Hujus
617 669 729 720 igitur
746 668 963 706 auctoritate
982 668 1088 705 vobis
1111 667 1182 704 sub
1209 680 1328 717 poena
1351 665 1606 716 suspensionis
1623 665 1844 703 mandamus
1869 679 1966 716 qua-

426 731 530 763 tenus
549 727 792 776 personaliter
804 727 850 763 ad
869 727 988 764 dictos
1015 726 1197 763 decanum
1220 730 1256 762 et
1273 725 1480 776 capitulum
1511 723 1725 761 accedentes
1747 737 1788 761 ea
1806 736 1903 775 quae
1925 724 1963 761 in

426 785 607 835 praesenti
627 786 756 822 cedula
775 785 1015 822 continentur
1032 784 1160 834 legatis
1179 789 1215 821 et
1231 783 1424 834 exponatis
1449 782 1605 828 eisdem,
1623 786 1658 819 et
1674 795 1737 820 eos
1754 783 1812 820 vel
1833 795 1963 822 eorum

426 848 682 892 procuratores
705 843 953 894 peremptorie
976 843 1132 880 Tornaci
1153 856 1276 880 coram
1296 842 1404 879 nobis
1427 841 1564 887 citetis,
1582 841 1629 878 ad
1648 841 1777 878 seriam
1791 845 1964 892 quartam

424 907 508 952 post
525 907 670 939 octavas
689 902 785 939 beati
803 903 942 948 Lucae,
960 902 1106 938 visuros
1122 906 1228 938 testes
1242 900 1370 950 jurare
1384 913 1478 950 quos
1497 900 1619 937 dictus
1639 899 1828 938 Walterus
1853 900 1963 938 cleri-

425 973 488 996 cus
505 974 616 1011 super
634 961 708 997 vita
725 966 761 997 et
778 960 1058 998 conversatione
1081 973 1147 997 sua
1165 972 1290 996 coram
1314 958 1424 996 nobis
1443 958 1650 1009 producere
1669 958 1848 1004 intendit,
1875 970 1964 996 cum

424 1018 658 1055 intimatione
675 1018 796 1069 quod,
817 1018 894 1055 sive
914 1017 1100 1064 venerint,
1120 1018 1197 1054 sive
1217 1030 1311 1063 non,
1338 1016 1584 1054 nihilominus
1609 1029 1720 1067 super
1749 1015 1962 1067 praemissis

424 1076 661 1127 procedetur-7
681 1081 793 1127 prout
806 1077 950 1126 justum
967 1076 1088 1113 fuerit.
1106 1075 1320 1112 Inhibentes
1347 1075 1458 1112 etiam
1477 1074 1567 1125 ipsis
1585 1074 1726 1112 decano
1745 1079 1782 1111 et
1797 1074 1961 1125 capitulo

423 1135 493 1171 sub
514 1149 630 1186 poena
649 1135 903 1186 suspensionis
919 1148 965 1172 ne
983 1134 1022 1172 in
1043 1135 1170 1185 aliquo
1184 1147 1333 1171 exnunc
1347 1137 1475 1170 contra
1489 1133 1740 1184 provisionem
1754 1133 1844 1171 dicti
1854 1133 1963 1172 Wal-

424 1193 489 1230 teri
509 1194 651 1244 aliquid
670 1195 850 1231 innovent
863 1194 919 1230 vel
938 1195 1138 1230 immutent
1154 1193 1256 1244 quod
1275 1193 1323 1230 sit
1336 1193 1374 1229 in
1394 1196 1538 1230 nostrae
1558 1191 1831 1241 jurisdictionis
1853 1203 1963 1241 prae-

419 1251 621 1300 judicium,
648 1252 762 1290 immo
789 1252 912 1289 verius
936 1252 1159 1303 apostolicae
1186 1257 1222 1288 et
1254 1251 1371 1303 ipsius
1393 1251 1453 1289 W.
1471 1250 1694 1301 dampnum,
1720 1249 1897 1299 injuriam
1925 1253 1962 1286 et

421 1324 632 1361 gravamen.
654 1311 753 1359 Quid
780 1311 866 1347 inde
890 1311 1028 1347 sactum
1053 1310 1180 1356 fuerit,
1200 1310 1308 1347 nobis
1328 1309 1550 1347 rescribatis.
1568 1309 1610 1347 ln
1637 1309 1708 1346 hiis
1732 1308 1974 1359 exequendis

422 1383 519 1406 unus
538 1383 583 1406 cx
602 1369 708 1406 vobis
723 1369 838 1406 alium
856 1369 913 1405 vel
934 1369 1025 1405 alios
1039 1381 1113 1405 non
1132 1373 1328 1419 exspectet.
1345 1368 1482 1404 Datum
1497 1381 1596 1405 anno
1614 1367 1766 1406 Domini
1784 1371 1852 1413 etc,
1870 1366 1959 1404 feria

422 1429 552 1480 quinta
568 1433 651 1478 post
669 1427 765 1465 beati
785 1427 970 1477 Dyonisii.

1112 1693 1283 1730 CLXVll.

466 1810 517 1846 Le
534 1810 696 1858 chapitre
709 1810 752 1847 de
769 1811 1022 1848 Scins-Donat
1039 1824 1210 1860 repetisse
1228 1810 1363 1860 l’appel
1381 1811 1550 1861 interjele'
1562 1822 1638 1859 par
1657 1822 1706 1846 un
1724 1809 1912 1847 chanoine.

463 2013 536 2051 Nos
556 2014 678 2052 Sancti
697 2015 896 2052 Donatiani
914 2016 1114 2066 Brugensis
1132 2015 1337 2066 capitulum
1356 2015 1403 2052 ab
1426 2014 1583 2065 antiquo
1601 2013 1639 2050 in
1658 2025 1787 2050 omnes
1815 2017 1851 2050 et
1874 2011 1963 2050 sin-⁴

415 2072 520 2121 gulos
539 2072 584 2109 de
603 2073 765 2123 capitulo
781 2079 924 2120 nostro,
945 2074 982 2110 in
997 2087 1126 2111 omnes
1151 2075 1262 2111 etiam
1291 2078 1402 2122 atque
1421 2072 1588 2122 singulos
1605 2071 1815 2122 capellanos
1829 2074 1865 2108 et
1877 2070 1954 2107 cle-

414 2130 509 2167 ricos
536 2132 708 2169 ecclesiae
734 2137 879 2170 nostrae
906 2132 1207 2183 jurisdictionem
1241 2132 1418 2169 habentes
1450 2135 1497 2168 et.
1512 2130 1745 2181 possessione
1773 2129 1875 2167 illius
1891 2128 1948 2166 vel

410 2188 516 2238 quasi
535 2190 687 2239 pacifica
709 2196 744 2227 et
761 2191 886 2241 quieta
901 2191 1120 2242 gaudentes,
1139 2191 1320 2242 quoniam
1338 2203 1415 2237 vos,
1431 2193 1604 2240 magister
1615 2188 1806 2227 Johanues
1825 2187 1892 2232 de..
1905 2214 1916 2224 .
1929 2215 1951 2233 .,

413 2251 537 2283 noster
555 2248 748 2295 canonice7
771 2262 857 2286 cum
884 2250 1134 2287 controversia
1157 2254 1251 2287 esset
1273 2254 1372 2286 mota
1397 2261 1520 2286 coram
1546 2247 1655 2286 nobis
1678 2247 1775 2286 inter
1794 2258 1950 2284 venera-

412 2304 524 2342 bilem
552 2305 747 2343 dominum
767 2306 822 2352 G.7
841 2308 1136 2345 concanonicum
1155 2307 1330 2345 ecelesiae
1348 2312 1517 2353 nostrae,
1537 2320 1583 2344 ex
1597 2319 1671 2344 una
1689 2309 1813 2357 parte,
1830 2309 1867 2342 et
1883 2317 1948 2342 vos

414 2377 459 2400 ex
477 2363 609 2410 altera,
629 2368 664 2400 et
681 2364 810 2414 petitio
828 2365 925 2402 edita
955 2367 1067 2403 suerit
1087 2366 1124 2403 in
1140 2367 1224 2416 jure
1250 2366 1298 2403 ab
1315 2371 1456 2412 actore,
1473 2365 1785 2416 exceptionesque
1813 2363 1950 2400 dilato-
