2184 3074
733 307 893 346 CODEX
921 307 986 345 DU
991 306 1020 344 N
1024 306 1167 345 ENfflS.
1327 347 1334 354 ¹
1695 311 1715 346 7

173 427 427 478 suspensionis
441 431 478 464 et
489 425 888 464 excommunicationis
903 424 1170 475 promulgavit,
1185 437 1323 475 eosque
1338 424 1444 462 vitari
1462 413 1595 462 fecit-et
1610 438 1715 462 man-

172 485 287 533 davit,
309 499 453 523 necnon
473 484 639 523 inhibuit
656 497 721 522 seu
740 483 902 520 inhiberi
923 483 1010 520 fecit
1027 483 1141 534 priori
1161 495 1230 520 suo
1247 488 1284 520 et
1301 483 1500 521 conventui
1525 483 1614 521 dicti
1634 497 1716 522 mo-

174 544 322 582 nasterii
342 558 388 582 ne
406 544 580 582 alimenta
600 543 853 581 ministrarent
871 542 1010 579 eisdem
1028 547 1092 579 aut
1107 542 1145 579 in
1163 542 1290 593 aliquo
1309 543 1649 589 communicarent,
1666 544 1714 580 ita

173 602 276 654 quod
291 607 445 654 propter
457 602 720 640 alimentorum
735 601 920 638 desectum
936 605 972 637 et
985 600 1035 638 ob
1049 601 1166 638 dictas
1182 601 1483 652 provocationem
1499 607 1535 639 ct
1550 602 1715 653 appella-

175 660 314 698 tionem
334 660 612 712 prosequendas
634 659 704 711 ipsi
723 664 864 696 actores
882 658 1148 696 monasterium
1167 659 1393 696 antedictum
1413 659 1513 696 exire
1531 659 1717 710 cogeban-

175 724 246 764 tur,
269 732 353 757 cum
379 720 478 757 bona
503 732 579 756 non
606 718 803 765 haberent,
832 731 899 755 nec
925 717 1048 755 adbuc
1077 717 1238 755 babeant
1263 732 1309 755 ex
1327 718 1467 769 quibus
1491 718 1636 769 possint
1653 724 1717 755 aut

174 778 365 829 potuerint
381 778 594 816 sustentari.
613 778 659 815 Et
678 777 768 814 haec
787 777 986 827 praemissa
1008 777 1094 813 fecit
1114 776 1210 814 idem
1225 777 1340 815 abbas
1355 791 1419 814 seu
1434 777 1511 814 fieri
1527 777 1717 814 mundavit

174 836 213 874 in
226 837 394 875 elusione
408 837 592 874 dictarum
610 836 882 888 protectionum
902 841 938 873 et
956 836 1264 887 provocationum
1277 866 1286 883 ,
1304 841 1340 874 et
1357 842 1484 874 contra
1500 851 1562 874 eos
1582 842 1716 874 temere

174 895 429 946 attemptando
465 895 503 933 in
530 894 802 946 praejudicium
836 894 1021 932 dictorum
1056 894 1324 932 monachorum
1358 908 1433 933 non
1462 895 1652 932 modicum
1681 901 1713 932 et

173 967 372 1004 gravamen
387 967 429 991 ac
443 954 558 1005 patris
576 953 768 991 reverendi
789 953 984 1004 praedicti,
1005 966 1148 990 necnon
1168 958 1203 990 ct
1221 954 1346 990 curiae
1362 954 1606 991 Tornacensis
1623 967 1715 991 con-

175 1015 368 1063 temptum.
395 1012 442 1050 Et
465 1011 667 1063 praemissa
692 1012 731 1048 in
758 1011 983 1049 monasterio
1010 1011 1199 1063 praedicto
1225 1017 1260 1048 et
1287 1012 1376 1049 locis
1407 1012 1540 1050 vicinis
1570 1012 1713 1049 notoria

174 1075 278 1117 sunt,
296 1070 373 1108 sive
391 1070 603 1113 manifesta,
622 1074 658 1108 et
676 1083 788 1121 super
805 1070 856 1107 eis
879 1070 975 1107 sama
1000 1070 1070 1107 fuit
1095 1075 1130 1107 et
1151 1075 1224 1114 est,
1243 1076 1278 1107 et
1302 1084 1343 1107 ea
1367 1071 1422 1107 vel
1447 1085 1490 1108 ex
1516 1070 1568 1108 eis
1590 1070 1712 1121 aliqua

175 1127 272 1166 idem
291 1128 406 1166 abbas
425 1141 508 1165 vera
527 1141 605 1166 esse
622 1128 838 1179 recognovit
855 1132 1117 1179 competenter.

223 1186 346 1235 Quare
370 1191 503 1238 petunt
526 1191 562 1224 et
588 1186 802 1239 supplicant
825 1200 892 1237 per
912 1199 996 1233 vos,
1015 1186 1167 1223 domine
1181 1187 1318 1236 judex,
1338 1187 1515 1238 praedicti
1539 1187 1576 1224 L.
1596 1192 1632 1223 ct
1653 1186 1713 1223 W.

175 1259 287 1296 super
303 1245 534 1297 praemissis,
553 1250 665 1296 prout
685 1245 829 1296 justum
855 1250 890 1282 ct
915 1245 1136 1282 canonicum
1156 1245 1284 1292 suerit,
1303 1245 1433 1290 statui,
1452 1250 1487 1282 et
1509 1245 1714 1296 praedictas

174 1317 303 1342 eorum
324 1305 626 1356 provocationem
646 1305 723 1342 sive
741 1305 1026 1356 appellationem
1053 1309 1089 1342 et
1111 1305 1378 1354 protectionem
1405 1305 1601 1342 canonicas
1626 1318 1714 1356 pro-

175 1363 357 1410 nuntiari,
376 1376 522 1401 necnon
541 1363 739 1401 sententias
757 1361 1012 1414 suspensionis
1031 1367 1067 1400 et
1087 1363 1483 1400 excommunicationis
1507 1362 1712 1413 praedictas

174 1425 209 1459 ct
230 1420 413 1472 quicquid
435 1435 480 1458 ex
502 1421 555 1459 eis
587 1421 642 1458 vel
668 1421 718 1458 ob
745 1434 804 1458 eas
828 1425 956 1458 contra
980 1421 1098 1458 dictos
1126 1421 1328 1458 monachos
1346 1426 1521 1469 ¹secutum
1545 1426 1617 1467 est,
1638 1434 1711 1458 non

175 1484 298 1517 tenere
315 1484 352 1516 et
369 1479 416 1517 ab
435 1479 543 1517 initio
562 1493 637 1517 non
658 1480 836 1525 tenuisse,
855 1484 892 1516 et
908 1479 1017 1517 dictis
1036 1479 1224 1516 actoribus
1251 1493 1270 1516 a
1299 1481 1462 1530 praefato
1490 1480 1713 1517 monasterio

174 1551 240 1588 per
253 1551 336 1585 vos,
353 1538 506 1576 domine
519 1538 638 1589 judex
649 1567 658 1584 ,
674 1538 712 1575 in
727 1538 955 1590 praemissis,
970 1542 1083 1589 prout
1095 1538 1216 1584 decet,
1231 1538 1417 1589 provideri
1434 1538 1471 1575 in
1487 1539 1713 1589 praemissis,

174 1601 210 1634 et
227 1597 265 1634 in
281 1598 453 1648 expensis
468 1597 543 1636 litis
558 1598 663 1635 sactis
678 1602 714 1635 ct
728 1597 906 1635 faciendis
923 1602 1056 1648 petunt
1070 1603 1211 1635 actores
1226 1611 1330 1634 reum
1346 1597 1416 1634 sibi
1434 1597 1714 1647 condempnari,

175 1658 275 1695 salvo
294 1657 366 1695 sibi
386 1657 424 1694 in
442 1656 620 1694 omnibus
632 1656 729 1706 juris
748 1655 948 1702 beneficio,
969 1660 1212 1706 protestantes
1231 1655 1301 1693 sibi
1322 1656 1442 1693 valere
1462 1669 1558 1706 quae
1576 1655 1713 1706 proba-

174 1716 296 1753 verint
312 1715 359 1752 de
376 1714 598 1766 praemissis.

895 1788 1006 1799 ..ς’-

919 1936 975 1974 Vl.

281 2055 381 2092 suite
406 2054 450 2091 de
476 2054 514 2091 la
535 2057 649 2092 meme
669 2053 821 2104 plainte.
849 2053 907 2090 On
933 2053 1113 2090 demande
1139 2053 1176 2090 la
1203 2052 1399 2102 depositione
1427 2053 1471 2090 de
1497 2052 1608 2091 e’abbe'

773 2111 817 2149 de
840 2111 1114 2149 saint-pierre.

222 2310 354 2347 Coram
377 2309 502 2355 vobis,
525 2309 677 2346 domine
698 2309 835 2360 judex,
853 2309 986 2347 dicunt
1002 2315 1038 2347 et
1053 2314 1270 2360 proponunt
1287 2322 1355 2360 pro
1374 2309 1532 2346 utilitate
1564 2322 1713 2347 monas-

178 2369 258 2407 terii
271 2368 394 2407 Sancti
408 2368 505 2406 Petri
522 2369 610 2407 tales
624 2368 888 2420 monachi,pro
907 2369 1073 2419 ejusdem
1093 2368 1316 2407 monasterio
1334 2373 1462 2406 contra
1475 2368 1509 2406 J.
1527 2368 1711 2414 abbatem,

177 2428 281 2480 quod
300 2428 398 2466 idem
417 2428 532 2466 abbas
550 2442 626 2467 non
644 2429 765 2467 solum
788 2443 912 2467 rerum
936 2435 972 2467 et
993 2430 1178 2467 bonorum
1203 2429 1319 2480 ipsius
1346 2428 1556 2467 monasterii
1583 2428 1652 2465 suit
1677 2434 1711 2465 et
