2184 3074
476 254 548 291 546
1027 257 1189 294 CODEX
1217 259 1461 298 DUNENSIS.

475 371 621 408 comitis
634 377 834 409 noscantur
847 373 1002 410 minime
1016 374 1216 423 pertinere,
1234 376 1443 412 consulitur
1455 377 1564 415 nobis
1578 383 1620 414 ut
1633 384 1760 416 contra
1775 381 2010 430 injuriatores

476 429 690 479 hujusmodi
706 430 970 467 inhibitionem
990 431 1069 468 lieri
1085 445 1339 482 procuremus.
1361 433 1456 471 Hinc
1474 439 1528 472 est
1544 436 1647 486 quod
1668 437 1904 476 Reverentiae
1919 439 2009 478 Ves-

475 492 550 524 trae
568 488 734 524 notulam
753 489 955 538 quamdam
974 489 1020 526 de
1037 490 1193 527 consilio
1213 490 1296 528 talis
1309 491 1474 543 magistri
1491 494 1685 531 formatam
1704 496 2008 543 transmittimus,

473 547 665 583 humiliter
677 548 915 598 deprecantes
937 554 1138 599 quatenus,
1156 549 1186 587 si
1210 550 1318 588 vobis
1336 551 1537 602 expediens
1556 553 1738 600 videatur,
1756 555 1925 594 eamdem
1942 569 2009 607 per

473 605 634 655 aliquem
650 606 696 642 de
712 607 842 643 vestris
860 607 1001 645 faciatis
1016 621 1036 644 a
1053 607 1208 646 domino
1226 609 1438 659 praeposito
1456 611 1620 661 sigillari.

1183 735 1302 744 ψ

1163 877 1318 915 CCXXl.

463 990 585 1027 Letlre
608 980 776 1028 adr-essee
799 993 822 1028 ἀ
853 993 929 1030 Gm‘
951 993 994 1030 de
1020 994 1258 1043 Dampierre,
1293 1001 1404 1032 comte
1438 996 1483 1033 de
1515 997 1700 1043 mandre,
1732 1012 1781 1035 au
1816 1000 1912 1051 sajet
1939 1000 2002 1038 des

511 1048 770 1086 reclamations
792 1050 835 1087 de
854 1050 967 1088 l’abbe'
982 1058 1014 1089 el
1035 1052 1087 1089 du
1107 1059 1256 1090 convent
1277 1054 1320 1091 de
1334 1083 1459 1100 .....
1478 1057 1545 1106 qui
1559 1057 1818 1105 pretendaient
1829 1059 1941 1108 jouir
1956 1059 2001 1096 de

512 1106 548 1143 Ia
566 1107 663 1144 dime
687 1108 749 1145 des
769 1108 884 1158 sorece
898 1117 1146 1159 appar-tenant
1164 1125 1242 1149 aux
1258 1112 1442 1163 reliqieux
1459 1113 1504 1151 de
1506 1142 1611 1150 .....

510 1310 701 1349 praeclaro
721 1313 880 1364 principi
902 1328 943 1351 ac
962 1315 1115 1352 domino
1134 1316 1172 1353 in
1192 1317 1338 1354 Christo
1353 1317 1549 1355 karissimo
1568 1319 1631 1365 G.,
1649 1319 1717 1356 Dei
1735 1320 1850 1370 gratia
1869 1319 1995 1356 comiti

459 1370 655 1409 Flandriae
680 1378 715 1410 et
745 1374 953 1411 marchioni
985 1376 1243 1423 Namurcensi,
1268 1378 1391 1425 frater,
1416 1383 1503 1424 etc.,
1534 1379 1750 1416 devotarum
1783 1380 1993 1416 orationum

460 1429 672 1467 instantiam
698 1445 783 1468 cum
810 1433 929 1470 salute
952 1439 987 1470 et
1011 1434 1090 1484 pias
1116 1448 1223 1473 aures
1242 1436 1314 1486 piis
1332 1437 1537 1487 petentium
1555 1438 1870 1488 postulationibus
1889 1439 1992 1475 savo-

459 1488 625 1526 rabiliter
642 1490 831 1528 inclinare.

507 1546 631 1594 Quum
655 1562 699 1585 ex
726 1551 963 1601 perceptione
990 1552 1282 1602 praeteritorum,
1303 1566 1501 1590 munerum
1533 1554 1627 1590 sacta
1653 1558 1706 1590 est
1732 1554 1839 1591 nohis
1862 1555 1996 1592 certior

458 1619 500 1642 ac
521 1606 665 1644 firmior
684 1611 906 1660 exspectatio
930 1611 1155 1658 suturarum,
1176 1611 1315 1649 idcirco
1334 1613 1542 1662 praeclarae
1562 1613 1839 1650 munificentiae
1856 1618 1996 1672 vestrae

457 1663 636 1702 beneficia
661 1668 862 1705 recolentes
895 1669 931 1705 in
963 1669 1098 1707 nostris
1122 1674 1158 1706 et
1182 1674 1395 1707 nostrorum
1423 1671 1596 1722 negotiis,
1623 1671 1670 1708 ad
1698 1672 1820 1709 sinum
1854 1675 1995 1709 vestrae

457 1726 754 1764 mansuetudinis
785 1741 870 1764 cum
900 1729 1035 1765 fiducia
1066 1730 1314 1776 recurrimus,
1341 1730 1388 1767 de
1415 1730 1653 1781 benignitatis
1677 1734 1818 1767 vestrae
1845 1730 1995 1767 habun-

455 1781 580 1819 dantia
602 1785 813 1823 nullatenus
838 1786 1069 1824 haesitantes.
1096 1788 1193 1825 Sane
1211 1802 1295 1825 curn
1315 1789 1477 1839 religiosi
1499 1789 1568 1826 viri
1591 1789 1707 1826 abbas
1731 1794 1766 1825 et
1790 1793 1993 1826 conventus

455 1840 579 1879 Sancti
599 1871 752 1881 ......
779 1850 908 1882 contra
934 1846 1216 1897 privilegiorum
1244 1852 1457 1885 nostrorum
1485 1853 1651 1889 tenorem
1675 1852 1712 1885 et
1738 1848 1851 1885 totius
1877 1852 1994 1885 terrae

455 1912 690 1938 communem
724 1904 1052 1951 consuetudinem,
1080 1905 1262 1942 decimam
1289 1919 1485 1943 nemorum
1516 1919 1537 1943 a
1561 1905 1743 1957 religiosis
1773 1919 1816 1943 ae
1848 1905 1992 1943 dilectis

454 1957 492 1994 in
520 1958 667 1996 Christo
698 1961 784 1998 filiis
814 1961 948 1999 abbate
977 1968 1013 1999 et
1040 1964 1227 2001 conventu
1247 1993 1454 2002 ........
1473 1969 1692 2015 attemptent
1719 1964 1885 2014 exigere,
1916 1976 1992 2001 non

452 2022 618 2054 verentes
641 2018 741 2068 ipsos
759 2032 872 2070 super
890 2034 928 2058 re
943 2026 1017 2058 tam
1036 2021 1198 2059 dissueta
1217 2027 1253 2059 et
1271 2027 1346 2060 tam
1363 2023 1544 2073 injuriosa
1565 2023 1789 2074 importunis
1814 2023 1993 2061 molestiis

453 2075 640 2123 infestare,
666 2079 874 2128 praeclarae
894 2080 1099 2118 nobilitatis
1123 2085 1265 2119 vestrae
1289 2082 1463 2121 disertam
1490 2082 1815 2121 mansuetudinem
1833 2082 1993 2120 fiducia-

452 2133 535 2170 liter
553 2135 796 2186 imploramus
816 2138 950 2176 humili
969 2139 1169 2177 devotione
1191 2141 1412 2192 suppliciter
1435 2141 1664 2192 postulantes
1682 2146 1866 2192 quatenus
1884 2154 1993 2193 prae-

450 2192 634 2231 dictorum
675 2195 938 2245 injuriatorum
985 2203 1330 2250 praesumptuosam
1365 2200 1581 2238 violentiam
1617 2201 1696 2237 zelo
1726 2200 1893 2250 justitiae
1923 2213 1991 2251 per

448 2251 651 2290 virtuosam
679 2256 882 2304 potentiam
914 2258 1174 2308 reprimentes,
1204 2259 1428 2310 supradictis
1459 2259 1584 2296 abbati
1616 2264 1653 2296 et
1681 2259 1880 2296 conventui
1912 2271 1987 2296 non

448 2311 667 2359 permittatis
686 2313 732 2349 de
751 2319 894 2352 caetero
908 2329 1021 2366 super
1034 2317 1182 2368 negotio
1196 2317 1412 2368 hujusmodi
1431 2318 1597 2368 aliquam
1613 2317 1790 2368 injuriam
1816 2317 1988 2367 irrogari,

448 2373 511 2405 aut
528 2369 628 2419 ipsos
646 2384 758 2421 super
776 2372 846 2410 boc
865 2374 1099 2424 aliquatenus
1121 2377 1329 2423 molestari,
1353 2390 1480 2427 preces
1501 2381 1662 2423 nostras,
1677 2376 1709 2413 si
1727 2376 1865 2426 placet,
1883 2376 1986 2412 omni
