2184 3074
749 346 910 384 CODEX
939 346 1182 385 DL‘NENSlS.
1686 350 1732 386 (35

201 464 379 502 librarum
407 476 615 501 annuarum
646 462 831 500 mediante
854 462 1010 513 pecunia
1042 462 1227 513 praedicta
1256 464 1445 501 meliorem
1475 465 1601 502 fecisse
1632 478 1735 501 reco-

201 522 414 572 gnoscimus
431 526 466 559 et
485 523 654 568 fatemur,
671 534 764 572 quas
783 521 935 572 quidem
954 535 1004 558 xx
1023 522 1136 559 libras
1155 535 1296 560 annuas
1315 523 1415 560 dicto
1437 523 1591 561 donuiino
1612 553 1732 560 .....

202 594 268 619 nos
287 586 322 619 et
338 594 565 619 successores
583 581 699 618 nostri
725 581 867 618 solvere
891 585 1060 618 tenemur
1081 586 1117 618 et
1138 582 1358 628 tenebimur⁷
1383 587 1417 619 et
1444 583 1539 620 bona
1569 582 1641 619 lide
1670 595 1735 618 nos

202 639 454 689 promittimus
471 639 658 676 soluturos
679 639 786 676 annis
809 639 965 690 singulis
983 639 1106 690 quoad
1126 639 1276 686 vixerit„
1297 640 1444 677 duobus
1462 641 1627 677 terminis
1646 640 1733 676 anm

202 696 374 734 videlicet
391 697 429 734 in
450 698 540 734 sesto
559 726 739 734 .......
758 702 794 734 et
812 697 849 734 in
869 698 961 735 sesto
980 698 1254 735 Purificationis
1269 711 1336 748 pro
1356 699 1574 749 aequalibus
1594 698 1734 749 portio-

203 755 313 793 nibus
327 755 566 801 dividendasg
585 762 620 793 et
638 761 834 807 postquam
855 757 1052 794 decesserit
1071 757 1246 794 dominus
1263 787 1394 795 ......
1409 757 1627 799 antedictus
1646 756 1733 792 dare

201 818 236 851 et
250 814 392 852 solvere
410 815 662 865 promittimus
676 815 722 851 de
736 829 785 851 xx
801 815 905 852 libris
922 815 1119 866 praedictis
1134 815 1195 851 tali
1211 816 1344 852 clerico
1358 816 1422 866 qui
1438 815 1581 851 dudum
1601 813 1731 851 mansit

201 885 284 909 cum
305 872 434 910 eodem
453 873 634 924 quamdiu
657 874 693 910 in
713 873 886 910 clericatu
908 873 1142 923 praestiterit,
1163 874 1332 924 nullique
1353 887 1391 910 se
1416 872 1735 910 matrimonialiter

201 932 446 983 copulaverit,
473 947 540 970 nec
565 937 776 970 contractus
795 932 983 971 usurarios
1007 947 1070 970 seu
1094 933 1324 970 feneraticios
1343 933 1587 970 excercuerit.
1607 932 1733 968 decem

203 990 316 1028 libras
343 992 467 1042 quoad
489 992 642 1038 vixerit,
661 992 853 1029 annuatim
873 1006 989 1043 aequa
1008 992 1180 1043 portione
1206 993 1252 1029 ad
1281 993 1458 1030 terminos
1486 992 1735 1043 supradictos,

202 1050 344 1087 etiamsi
367 1050 488 1087 dictus
512 1051 693 1088 Henricus
718 1052 831 1088 vitam
858 1051 1066 1102 religiosam
1091 1065 1356 1102 quamcunque
1382 1051 1506 1088 divina
1535 1051 1737 1101 inspirante

200 1108 316 1158 gratia
341 1108 491 1146 duxerit
515 1109 741 1160 eligendam,
762 1114 797 1146 et
823 1114 912 1146 tunc
938 1109 1006 1160 ipsi
1032 1110 1255 1146 monasterio
1279 1110 1380 1160 quod
1409 1109 1575 1151 intrabit.¹
1602 1109 1656 1144 vel
1684 1107 1735 1143 illi

201 1166 262 1203 cui
285 1165 426 1204 dictum
451 1167 638 1205 redditum
664 1169 788 1219 quoad
815 1168 914 1205 vivet
935 1168 1155 1219 assignabit,
1173 1181 1240 1205 nos
1263 1169 1404 1205 solvere
1428 1167 1679 1219 promittimus
1702 1171 1735 1202 et

202 1228 380 1262 tenemur.
401 1225 456 1262 De
474 1225 631 1263 residuis
650 1239 737 1263 vero
756 1239 781 1263 x
803 1226 908 1263 libris
926 1226 1068 1263 solvere
1086 1226 1339 1276 promittimus
1361 1225 1508 1262 filiabus
1529 1223 1670 1261 domini
1692 1224 1734 1260 Η.

200 1281 247 1319 de
264 1283 358 1334 Spec
361 1311 483 1320 .....
504 1312 513 1329 ,
532 1283 705 1322 videlieet
721 1284 956 1321 Elizabethae
974 1284 1020 1321 de
1038 1284 1139 1320 Nova
1157 1284 1178 1322 J
1183 1283 1388 1320 herusalem
1404 1287 1438 1319 et
1453 1283 1675 1332 Margaretae
1690 1282 1736 1317 de

200 1340 393 1387 Market-te,
414 1354 514 1378 nunc
531 1341 755 1389 scolaribus,
772 1342 851 1379 Deo
869 1341 996 1388 dante,
1020 1341 1246 1379 monialibus
1266 1341 1415 1386 suturis,
1437 1340 1589 1377 cuilibet
1609 1353 1733 1376 earum

200 1411 240 1436 tx
258 1399 396 1436 solidos
414 1399 607 1437 annuatim
629 1400 676 1437 ad
701 1400 815 1437 vitam
844 1413 949 1437 suam
978 1400 1017 1437 in
1046 1400 1138 1438 sesto
1166 1399 1269 1437 Beati
1299 1399 1443 1436 Martini
1473 1398 1672 1449 hyemalis,
1701 1403 1735 1434 et

198 1457 433 1495 Elizabethae
447 1458 493 1495 de
506 1458 640 1510 Brugis
655 1459 808 1496 moniali
824 1458 870 1495 de
885 1458 1017 1496 Sancta
1031 1459 1212 1496 Columba
1228 1472 1270 1495 xz
1288 1458 1425 1495 solidos
1436 1487 1444 1503 7
1462 1463 1498 1494 et
1513 1458 1733 1507 Margaretae

196 1515 242 1552 de
260 1516 456 1562 Curtraco,
475 1517 633 1554 famulae
652 1517 699 1554 ad
717 1530 890 1568 praesens
908 1517 1028 1554 dictae
1048 1517 1222 1555 dominae
1240 1518 1279 1555 Ε.
1291 1546 1300 1563 ,
1326 1517 1363 1553 in
1387 1530 1612 1567 quocunque
1635 1520 1730 1552 statu

198 1573 254 1610 vel
270 1573 400 1611 habitu
420 1574 550 1622 fuerit7
570 1589 611 1612 xz
632 1575 771 1612 solidos
788 1575 913 1626 quoad
932 1575 1059 1612 vivent
1076 1575 1121 1612 ad
1141 1575 1341 1612 terminum
1360 1574 1626 1624 supradictum.

246 1631 448 1683 Postquam
464 1637 585 1670 autem
602 1633 813 1684 praedictus
834 1633 1010 1670 dominus
1032 1662 1116 1670 .......
1139 1638 1174 1670 et
1194 1647 1373 1685 personae
1397 1633 1602 1669 antedictae
1625 1632 1733 1668 debi-

197 1695 276 1726 tum
294 1691 487 1728 universae
502 1691 623 1728 carnis
637 1691 879 1738 exsolverint„
901 1705 921 1728 a
944 1692 1127 1729 solutione
1147 1706 1210 1729 seu
1226 1692 1471 1742 praestatione
1491 1690 1734 1727 liberabimur

198 1747 309 1785 totius
324 1748 491 1786 redditus
509 1749 702 1796 antedicti,
719 1754 753 1786 et
771 1749 892 1786 taliter
904 1749 1007 1800 quod
1026 1754 1109 1800 post
1123 1749 1314 1787 decessum
1335 1749 1423 1786 dicti
1441 1749 1582 1786 domini
1600 1778 1729 1785 ......

197 1807 234 1843 in
261 1811 379 1844 morte
406 1807 605 1857 cujuslibet
631 1807 902 1858 praedictarum
928 1821 1170 1858 personarum
1198 1808 1319 1859 portio
1349 1821 1412 1845 seu
1442 1822 1526 1858 pars
1548 1821 1659 1858 quam
1686 1807 1731 1843 d(-

195 1865 296 1901 totali
315 1865 461 1902 redditu
483 1866 754 1916 praedictarum
774 1881 817 1903 xx
841 1867 1021 1904 librarum
1045 1867 1208 1917 recipere
1227 1871 1484 1904 consueverat.
1502 1866 1607 1902 nobis
1627 1866 1726 1902 cedet

195 1927 230 1959 et
249 1936 359 1974 penes
374 1929 542 1961 nostrum
559 1925 823 1962 monasterium
839 1926 887 1963 ob
902 1926 1107 1963 remedium
1123 1927 1268 1963 animae
1282 1926 1459 1976 praedicti
1478 1925 1619 1962 domini
1626 1954 1726 1960 ......

195 1987 374 2032 perpetuo
389 1984 610 2029 remanebit,
625 1989 660 2022 et
674 1984 745 2022 hoc
758 1986 967 2023 servabitur
984 1986 1093 2022 etiam
1115 1986 1160 2022 de
1179 1986 1348 2036 portione
1370 1985 1516 2022 chrici
1538 1985 1725 2035 praedicti.

196 2042 241 2087 si,
257 2043 359 2093 quod
377 2043 490 2090 absit,
509 2057 546 2081 se
566 2057 640 2081 non
661 2045 819 2081 tenuerit
833 2044 940 2094 juxta
960 2046 1061 2096 quod
1081 2045 1250 2095 superius
1268 2050 1321 2082 est
1339 2058 1565 2095 expressum.

246 2101 302 2138 Ad
316 2102 515 2152 praemissa
529 2108 652 2150 autem
668 2104 839 2140 universa
858 2108 893 2141 ct
908 2104 1069 2154 singula,
1086 2109 1196 2154 prout
1212 2105 1418 2154 conscripta
1437 2108 1520 2140 sunt
1541 2103 1724 2153 superius,

196 2158 351 2196 tirmiter
369 2159 599 2209 observanda
621 2175 688 2199 nos
709 2166 745 2199 et
762 2176 989 2200 successores
1010 2167 1168 2208 nostros,
1193 2167 1437 2213 nostrumque
1462 2162 1724 2198 monasterium

197 2216 352 2254 tirmiter
365 2217 585 2268 obligamus,
601 2220 854 2258 renuntiantes
871 2234 1040 2271 expresse
1055 2221 1178 2271 quoad
1195 2220 1393 2270 praemissa
1409 2220 1584 2256 omnibns
1600 2233 1726 2269 excep-

196 2274 359 2311 tionibus
373 2275 469 2324 juris
488 2281 521 2313 et
541 2277 641 2324 facti⁷
660 2278 868 2328 exceptioni
889 2291 963 2315 non
980 2283 1192 2315 numeratae
1207 2278 1402 2328 pecuniae,
1426 2291 1498 2314 non
1521 2277 1674 2314 traditae
1693 2283 1724 2313 et

196 2345 269 2369 non
288 2338 471 2383 receptae,
495 2335 702 2385 exceptioni
719 2336 805 2381 sori,
822 2336 897 2373 doli
925 2337 1031 2381 mali,
1049 2335 1150 2372 omni
1174 2335 1381 2386 deceptioni
1402 2341 1437 2372 ct
1452 2335 1619 2379 laesioni„
1644 2348 1725 2371 om-

196 2390 309 2440 nique
333 2391 430 2440 juris
460 2393 628 2430 canonici
659 2394 801 2431 auxilio
829 2395 885 2431 vel
917 2394 1055 2440 civilis,
1085 2394 1261 2431 omnibus
1293 2394 1554 2444 indulgentiis.
1580 2394 1723 2443 gratiis.

197 2447 343 2491 litterisq
368 2449 571 2500 privilegiis
596 2455 631 2487 et
655 2451 909 2489 instrumentis
933 2466 951 2488 a
978 2451 1071 2488 Sede
1097 2452 1305 2502 Apostolica
1327 2452 1382 2488 vel
1402 2465 1628 2502 quocunque
1653 2453 1725 2488 alio

1556 2512 1578 2547 9
