2184 3074
741 332 903 371 CODEX
930 329 1175 370 DUNENSIS.
1682 332 1730 368 59

881 496 1044 535 XXVlll.
1091 539 1094 543 ¹

275 617 407 657 L’abbd
423 617 486 655 des
505 617 630 654 Dunes
647 616 837 653 reconnait
852 615 958 652 avoir
973 626 1060 662 repa
1077 612 1121 650 de
1139 612 1255 651 Gales
1273 612 1317 650 de
1333 612 1445 651 Gand
1465 613 1503 650 la
1520 626 1655 651 somme

755 673 800 711 de
816 673 915 711 deux
931 678 1027 710 cents
1045 671 1166 710 livre&

246 870 482 913 Universitati
501 874 644 907 vestrae
662 869 833 907 volumus
851 882 929 907 esse
947 872 1076 906 notum
1095 868 1196 919 quod
1215 867 1372 905 dilectus
1395 872 1519 905 noster
1542 868 1600 905 vir
1620 881 1731 906 vene-

197 929 326 967 rabilis
343 928 520 966 dominus
539 927 692 978 Egidius
710 927 756 964 de
773 927 953 964 Gandavo
974 925 1128 964 tradidit
1150 926 1258 963 nobis
1282 925 1459 963 ducentas
1486 926 1599 963 libras
1626 926 1731 964 Pari-

197 987 334 1026 sienses
347 987 386 1024 in
400 986 558 1037 pecunia
573 989 777 1032 numerata,
791 998 884 1036 quas
897 985 1074 1022 ducentas
1090 984 1202 1022 libras
1220 997 1288 1021 nos
1306 985 1486 1035 recepisse
1505 989 1540 1022 et
1559 984 1732 1022 habuisse

198 1059 241 1083 ac
258 1045 511 1083 conditionem
532 1044 647 1082 nostri
669 1044 881 1082 monasterii
906 1045 953 1081 ad
976 1045 1137 1081 valorem
1158 1044 1287 1094 viginti
1308 1044 1487 1081 librarum
1506 1057 1732 1090 annuarum,

198 1104 383 1150 mediante
400 1103 586 1154 praedicta
609 1103 786 1153 pecunia,
809 1103 998 1139 meliorem
1021 1102 1165 1147 secisse,
1192 1102 1489 1152 recognoscimus
1508 1106 1544 1138 et
1562 1102 1730 1140 fatemur.

199 1163 298 1212 Quas
312 1162 464 1213 quidem
483 1161 615 1212 viginti
634 1162 747 1199 libras
766 1175 908 1199 annuas
925 1161 1026 1199 dieto
1043 1161 1197 1199 domino
1216 1161 1348 1212 Egidio
1367 1173 1433 1198 nos
1452 1165 1487 1198 et
1505 1174 1732 1199 successores

201 1220 316 1259 nostri
332 1221 473 1258 solvere
493 1224 662 1256 tenemur
679 1224 715 1257 et
733 1221 954 1266 tenebimur,
972 1224 1008 1257 et
1025 1220 1122 1257 hona
1142 1220 1215 1256 tide
1234 1232 1300 1256 nos
1319 1219 1571 1270 promittimus
1589 1220 1734 1256 solutu-

201 1293 273 1326 ros,
291 1278 398 1316 annis
417 1278 592 1328 singulis‚
611 1278 735 1329 quoad
753 1279 901 1325 vixerit„
921 1279 1069 1316 duobus
1088 1278 1174 1315 anni
1195 1277 1380 1323 terminis,
1398 1277 1569 1314 videlicet
1588 1277 1625 1313 in
1645 1277 1734 1314 festo

201 1338 298 1376 beati
320 1337 478 1388 Remigii
503 1341 540 1374 et
563 1337 602 1374 in
629 1338 720 1374 festo
742 1337 1033 1383 Purificationis,
1053 1350 1122 1388 pro
1144 1336 1362 1387 aequalibus
1383 1335 1620 1386 portionibus
1637 1335 1735 1372 divi-

199 1396 358 1442 dendas,
379 1400 415 1433 et
426 1399 624 1446 postquam
639 1395 837 1433 decesserit
848 1396 1024 1433 dominus
1038 1395 1192 1446 Egidius
1206 1394 1413 1431 antedictus
1424 1423 1432 1439 ,
1447 1394 1534 1430 dare
1547 1398 1582 1430 et
1594 1394 1735 1431 solvere

201 1454 452 1507 promittimus
479 1454 526 1490 de
546 1454 678 1504 viginti
707 1454 812 1491 libris
837 1454 1034 1504 praedietis
1065 1453 1225 1491 Henrico
1254 1453 1331 1490 lilio
1352 1482 1475 1490 .....
1494 1452 1646 1497 clerico,
1669 1452 1734 1502 qui

201 1511 344 1549 dudum
366 1511 502 1548 mansit
525 1525 610 1548 cum
637 1511 788 1558 eodem,
810 1512 991 1562 quamdiu
1011 1512 1048 1548 in
1072 1511 1246 1548 clericatu
1271 1510 1487 1561 perstiterit,
1507 1510 1676 1560 nullique
1698 1523 1736 1547 sc

203 1570 525 1608 matrimonialiter
538 1571 782 1621 copulaverit,
798 1584 865 1608 nec
880 1575 1090 1607 contractus
1104 1570 1293 1607 usurarios
1309 1583 1372 1606 seu
1388 1569 1618 1606 seneraticios
1631 1583 1737 1607 exer-

203 1628 335 1674 cuerit,
354 1627 480 1665 decem
500 1628 614 1666 libras
633 1629 856 1666 Parisienses
868 1658 877 1675 ,
895 1628 1020 1679 quoad
1037 1628 1187 1674 vixerit,
1206 1627 1413 1671 annuatim„
1432 1641 1549 1678 aequa
1568 1628 1738 1678 portione

203 1686 249 1724 ad
269 1686 446 1724 terminos
463 1686 707 1736 supradictos.
726 1686 862 1731 Etiam,
881 1686 911 1724 si
931 1686 1053 1723 dietus
1073 1685 1255 1722 Henrieus
1269 1685 1381 1722 vitam
1399 1685 1625 1735 religiosam,
1643 1699 1737 1736 qua-

205 1756 366 1795 cumque
376 1743 502 1780 divina
519 1743 724 1794 inspirante
737 1745 865 1795 gratia,
878 1744 1028 1781 duxerit
1041 1744 1247 1794 eligendam
1259 1772 1267 1788 ,
1282 1748 1318 1780 et
1331 1748 1419 1780 tunc
1435 1743 1502 1794 ipsi
1517 1745 1738 1781 monasterio

205 1802 306 1854 quod
326 1802 497 1847 intrabit,
516 1802 572 1839 vel
593 1802 646 1838 illi
665 1803 726 1839 cui
745 1802 885 1840 dictum
906 1803 1092 1839 redditum
1111 1802 1236 1853 quoad
1255 1801 1354 1838 vivet
1371 1802 1586 1851 assignabit,
1599 1803 1740 1840 solvere

206 1860 458 1912 promittimus
471 1862 508 1897 et
521 1865 699 1898 tenemur.
714 1861 769 1899 De
783 1861 940 1899 residuis
954 1874 1041 1898 vcro
1059 1861 1184 1898 decem
1206 1860 1311 1897 libris
1329 1860 1470 1897 solvere
1489 1861 1738 1910 promittimus

207 1919 355 1957 filiabus
379 1919 556 1969 praedicti
578 1949 585 1956 .
607 1949 614 1956 .
636 1949 642 1956 .
662 1920 835 1958 videlicet
853 1921 915 1957 tali
934 1920 981 1957 de
1000 1949 1007 1957 .
1028 1949 1036 1956 .
1057 1949 1064 1956 .
1083 1923 1120 1956 et
1137 1919 1198 1956 tali
1218 1919 1264 1955 de
1341 1948 1348 1955 .
1369 1948 1378 1964 ,
1398 1932 1498 1955 nunc
1519 1920 1739 1965 scolaribus,

207 1978 285 2016 Deo
311 1977 439 2024 dante,
459 1978 684 2016 monialibus
712 1979 868 2024 futuris,
887 1978 1041 2019 cuilibet
1057 1991 1183 2015 earum
1210 1978 1271 2015 LX
1293 1977 1431 2014 solidos
1457 1978 1667 2023 annuatim,
1694 1978 1739 2015 ad

209 2037 322 2074 vitam
346 2049 471 2082 suam,
491 2036 529 2072 in
553 2037 645 2074 sesto
666 2037 740 2074 lali.
767 2035 968 2088 Postqwm
995 2042 1118 2074 autem
1146 2037 1356 2088 praedictus
1386 2036 1562 2073 dominus
1589 2037 1741 2086 Egidius

209 2099 245 2132 et
261 2106 440 2145 personae
463 2093 668 2132 antedictae
690 2094 858 2132 debitum
885 2095 1078 2132 universae
1102 2095 1223 2131 earnis
1249 2094 1491 2138 exsolverint.v
1510 2107 1529 2130 a
1557 2094 1742 2132 solutione

210 2165 274 2189 seu
295 2151 541 2202 praestatione
567 2152 811 2190 liberabimur
835 2153 947 2190 totius
973 2153 1138 2190 redditus
1169 2153 1393 2203 praenotati,
1424 2156 1460 2188 et
1490 2152 1610 2188 taliter
1638 2153 1739 2203 quod

211 2214 294 2262 post
313 2209 504 2247 decessum
526 2210 704 2260 praedicti
727 2211 869 2248 domini
888 2210 1029 2261 Egidii,
1048 2211 1085 2247 in
1106 2215 1223 2247 morte
1248 2209 1447 2259 cujuslibet
1467 2210 1739 2259 praedictarum

211 2279 454 2320 personarum
473 2269 594 2317 portio
613 2282 676 2306 seu
695 2282 800 2319 pars,
818 2282 930 2319 quam
953 2268 999 2305 de
1022 2268 1123 2305 totali
1149 2267 1295 2304 redditu
1319 2267 1590 2317 praedictarum
1613 2268 1743 2318 viginti

213 2327 393 2364 librarum
408 2326 572 2376 recipere
584 2333 866 2374 consueverant,
883 2327 991 2365 nobis
1006 2327 1110 2364 cedet
1122 2331 1158 2364 et
1171 2339 1283 2377 penes
1298 2331 1465 2363 nostrum
1482 2328 1677 2364 monasteri
1683 2341 1744 2365 um

213 2386 262 2423 ob
281 2384 486 2422 remedium
507 2385 684 2435 praedicti
703 2385 846 2422 domini
873 2385 993 2436 Egidii
1017 2390 1196 2436 perpetuo
1218 2384 1433 2421 remanebit.
1461 2383 1507 2420 Et
1532 2384 1601 2421 hoc
1623 2399 1747 2423 serva-

215 2444 318 2482 bitur
335 2442 444 2480 etiam
464 2442 511 2479 de
528 2443 698 2493 portione
718 2444 866 2481 Henrici
887 2444 1064 2495 praedicti
1077 2472 1086 2490 ⁷
1108 2443 1136 2481 si
1150 2473 1158 2488 5
1177 2443 1278 2493 quod
1304 2442 1414 2489 absit,
1433 2455 1471 2479 se
1494 2455 1567 2479 non
1591 2446 1749 2482 tenuerit
