2184 3074
716 261 877 300 conssx
902 262 1062 301 DUNEN
1068 262 1145 301 Sls.
1617 261 1687 299 585

166 382 348 422 Iohannis
372 381 572 433 Baptistae,
589 393 656 431 per
677 379 868 430 quondam
889 379 1084 417 dominum
1106 380 1287 418 Jacohum
1307 379 1353 416 de
1372 406 1501 423 ......
1520 380 1688 414 curatum

166 440 290 479 Sancti
309 439 507 479 Salvatoris
520 438 719 490 Brugensis
729 467 738 484 ,
752 438 798 475 ad
813 450 907 488 opus
921 438 1040 475 dietae
1052 438 1273 475 elemosinae
1286 438 1483 488 acquisito,
1500 432 1688 474 Elizabeth

167 501 206 537 'et'
226 499 421 536 dominum
447 498 656 537 lohannem
674 496 880 547 praedictos
897 497 1080 547 assignato
1101 497 1146 534 ad
1170 510 1282 534 unam
1310 497 1455 534 circiter
1480 504 1690 532 mensuram

169 562 285 596 terrae
303 557 369 597 ubi
387 557 562 594 situatum
582 559 659 593 erat
675 560 712 592 et
727 559 782 592 est
798 567 926 592 eorum
944 556 1170 605 pomerium,
1184 560 1218 592 et
1232 555 1277 592 ad
1293 556 1382 592 alias
1396 555 1487 591 duas
1501 562 1691 590 mensum

167 620 287 653 terrae
303 614 504 665 appellatas
523 614 582 651 die
599 612 760 663 hofstede
778 612 1016 650 adhaerentes
1028 626 1153 650 versus
1166 613 1344 650 orientem
1361 612 1476 649 fundo
1489 624 1555 649 seu
1569 607 1691 646 domi-

168 667 285 725 stagio
302 685 370 710 suo
388 677 424 709 et
442 676 558 709 terrae
577 672 754 709 heredum
773 671 990 708 Theoderici
1009 672 1096 708 dicti
1118 671 1267 709 Storens
1291 672 1338 708 ab
1355 672 1496 709 oriente
1513 675 1549 707 et
1566 673 1691 706 austro

168 734 205 768 et
225 730 272 767 ab
294 730 470 778 aquilone
487 734 603 767 terrae
629 729 840 766 monasterii
869 730 990 767 Sancti
1016 730 1113 766 Petri
1138 730 1366 775 candensis,
1385 742 1477 780 quas
1498 734 1569 765 tres
1589 739 1693 764 men·

166 801 273 826 suras
287 793 403 825 terrae
416 788 504 825 dicti
518 787 707 826 Elizabeth
721 787 896 825 dominus
909 788 1098 825 Johannes
1111 789 1161 825 rei
1178 793 1374 825 tenuerunt
1389 793 1425 824 et
1438 785 1691 838 possederunt,

169 851 206 885 et
223 848 293 899 ipsi
311 848 363 885 rei
380 852 507 885 tenent
522 852 559 884 et
572 847 762 898 possident
776 847 846 884 sub
860 860 986 884 annuo
1000 846 1146 884 redditu
1162 847 1365 897 praedicto,
1379 859 1490 896 quem
1506 844 1692 882 redditum

170 905 260 943 dicti
277 906 468 958 quondam
487 905 674 944 Elizabeth
693 911 729 942 et
745 906 920 942 dominus
938 905 1126 943 Johannes
1144 906 1259 942 dictas
1278 910 1349 942 tres
1367 916 1557 942 mensuras
1580 908 1694 939 terra·

171 976 255 1001 rum
274 969 438 1002 tenentes
457 968 493 1001 et
506 964 734 1014 possidentes
753 964 895 1001 ratione
908 963 1119 1000 earumdem
1139 964 1277 1014 pluries
1295 964 1486 1001 solverunt
1502 967 1537 999 et
1554 961 1694 998 solvere

173 1026 460 1069 consueverunt,
475 1022 612 1073 jusque
627 1023 738 1059 fuerit
751 1027 786 1059 et
800 1023 847 1059 sit
860 1023 1109 1072 procuratoris
1123 1022 1241 1059 dictae
1255 1027 1381 1073 portae
1395 1035 1458 1058 seu
1476 1018 1695 1057 elemosinae

174 1081 326 1118 nomine
340 1080 528 1131 praedicto
542 1079 708 1130 petendi,
723 1080 951 1131 percipiendi
967 1085 1003 1116 et
1015 1080 1160 1116 levandi
1174 1080 1315 1117 dictum
1329 1079 1514 1117 redditum
1529 1091 1549 1114 a
1568 1082 1696 1114 tenen·

175 1138 276 1176 tibus
302 1143 338 1176 et
366 1138 642 1190 possidentibus
671 1138 807 1175 dictam
834 1142 987 1184 terram,
1006 1138 1115 1174 etiam
1141 1151 1226 1175 cum
1258 1138 1415 1175 dimidio
1441 1137 1576 1174 relevio
1601 1146 1698 1186 quo-

176 1196 422 1246 tienscunque
456 1196 556 1246 ipsae
588 1199 703 1232 terrae
736 1195 782 1232 ad
814 1196 951 1232 novum
986 1195 1180 1232 dominum
1211 1196 1489 1240 transferantur,
1519 1194 1566 1231 ad
1595 1190 1697 1243 quod

177 1254 375 1291 dimidium
398 1254 575 1290 relevium
600 1253 815 1302 hujusmodi
842 1266 959 1290 novus
982 1253 1157 1290 dominus
1179 1253 1362 1290 dictarum
1384 1258 1562 1290 terrarum
1581 1252 1699 1289 dictae

177 1312 398 1349 elemosinae
415 1315 560 1348 tenetur
577 1323 663 1347 cum
682 1310 829 1356 effectu,
847 1316 882 1347 et
896 1311 981 1347 licet
993 1311 1102 1347 etiam
1116 1310 1205 1347 dicti
1221 1311 1271 1347 rei
1287 1311 1332 1347 ad
1346 1324 1440 1360 quos
1453 1310 1571 1346 (lictae
1586 1315 1700 1346 terrae

178 1375 266 1408 sunt
282 1370 476 1407 translatae
494 1373 671 1419 tanquam
690 1369 736 1405 ad
756 1382 894 1405 novum
913 1369 1124 1414 dominum,
1143 1374 1179 1405 et
1198 1382 1315 1405 novus
1336 1369 1511 1405 dominus
1536 1370 1698 1418 ipsarum

179 1434 359 1466 terrarum
379 1427 511 1464 effectu
530 1430 647 1463 totum
666 1426 808 1463 dictum
828 1427 1012 1477 reliquum
1041 1427 1258 1473 dimidium,
1284 1427 1453 1463 videlicet
1475 1428 1541 1464 XX
1564 1427 1700 1464 solidos

179 1486 416 1524 Flandrensis
436 1485 556 1522 bonae
580 1489 748 1522 monetae
772 1485 886 1523 actori
906 1485 1057 1522 nomine
1075 1485 1261 1535 praedicto
1283 1486 1438 1531 solvere!
1456 1490 1491 1521 et
1514 1485 1701 1521 hominem

180 1545 413 1595 capitaneum
432 1545 496 1595 qui
519 1544 565 1581 de
587 1545 686 1582 dicto
709 1545 855 1582 redditu
875 1546 1103 1595 procuratori
1123 1546 1241 1581 dictae
1259 1550 1383 1594 portae
1401 1558 1463 1581 seu
1483 1545 1702 1581 elemosinae

181 1603 403 1654 respondere
423 1602 645 1639 constituere
663 1607 872 1649 teneantur,
892 1616 975 1639 cum
995 1603 1497 1640 secundum·conventionem
1518 1604 1555 1639 in
1574 1603 1703 1653 acqui-

182 1660 314 1697 sitione
333 1659 421 1697 dicti
442 1659 606 1696 redditus
627 1660 790 1697 habitam
810 1665 845 1697 et
862 1666 997 1698 cartam
1017 1674 1128 1711 super
1146 1661 1215 1697 hoc
1234 1661 1452 1706 confectam,
1466 1675 1577 1711 quam
1594 1661 1701 1697 etiam

182 1720 386 1757 secundum
406 1732 535 1765 usum,
554 1720 669 1770 legem
695 1723 730 1756 et
752 1720 1058 1757 consuetudinem
1078 1720 1233 1770 patriam
1252 1720 1412 1769 partium
1431 1725 1466 1756 et
1484 1720 1552 1756 loci
1573 1720 1608 1755 in
1628 1733 1703 1769 quo

182 1778 301 1815 dictae
319 1782 435 1814 terrae
453 1777 675 1823 consistunt,
694 1777 960 1814 nichilominus
979 1783 1099 1814 tamen
1119 1778 1207 1813 dicti
1228 1778 1277 1813 rei
1298 1791 1363 1827 per
1381 1790 1519 1813 annum
1539 1783 1574 1813 et
1592 1777 1703 1814 dimi·
1737 1813 1740 1818 ,

183 1837 287 1874 dium
307 1836 521 1887 praeteritos
539 1835 656 1873 dictas
676 1841 748 1873 tres
766 1850 956 1873 mensuras
976 1842 1092 1872 terrae
1116 1836 1161 1872 ad
1189 1849 1250 1872 eos
1272 1836 1462 1872 devolutas
1487 1849 1570 1871 cum
1595 1849 1705 1872 onere

182 1897 351 1934 redditus
373 1900 408 1933 et
428 1896 574 1933 dimidii
605 1897 728 1933 relevii
756 1897 1029 1947 praedictorum
1061 1897 1432 1947 efficaciter'obligati
1461 1897 1496 1933 in
1523 1897 1706 1934 solutione

184 1955 398 1992 eorumdem
418 1953 584 1991 redditus
603 1959 638 1990 et
655 1954 800 1990 dimidii
821 1955 945 1991 relevii
965 1955 1178 1991 defecerunt
1200 1959 1236 1991 et
1256 1955 1378 1991 adhuc
1401 1955 1596 1998 deficiunt,
1625 1956 1707 1991 fue-

185 2017 347 2063 runtque
372 2016 408 2049 et
432 2016 520 2049 sunt
544 2011 582 2049 in
610 2025 711 2049 mora
733 2017 768 2049 et
790 2012 934 2049 defectu
952 2013 1118 2050 solvendi
1139 2013 1250 2049 actori
1272 2013 1421 2049 nomine
1439 2012 1625 2062 praedicto
1643 2012 1706 2050 Lx

185 2070 324 2109 solidos
341 2070 460 2107 dictae
472 2074 659 2112 monetae,
678 2070 716 2107 in
730 2070 868 2120 quibus
882 2069 1002 2107 dictae
1015 2071 1235 2107 elemosinae
1249 2075 1420 2107 tenentur
1434 2083 1501 2120 pro
1515 2070 1708 2120 arreragiis

187 2130 275 2167 dieti
301 2129 467 2167 redditus
490 2141 560 2179 pro
584 2129 692 2166 dictis
717 2142 814 2166 anno
839 2134 874 2166 et
899 2129 1070 2175 dimidio,
1098 2142 1241 2166 necnon
1267 2129 1397 2178 viginti
1428 2128 1564 2165 solidos
1590 2128 1709 2165 dietae

188 2191 356 2225 monetae
374 2187 412 2224 in
430 2187 568 2238 quibus
587 2191 759 2224 tenentur
775 2187 894 2224 dictae
916 2188 1136 2224 elemosinae
1161 2199 1228 2237 pro
1252 2186 1408 2222 dimidio
1433 2186 1576 2236 reliquo
1603 2199 1710 2236 prae-

188 2247 306 2294 dicto,
328 2259 370 2284 ac
395 2246 505 2284 etiam
530 2247 777 2284 constituendi
805 2247 994 2284 hominem
1019 2248 1252 2297 capitaneum
1285 2246 1331 2282 de
1360 2246 1537 2282 solvendo
1569 2245 1709 2282 dictum

188 2305 391 2350 redditum,
416 2309 452 2342 et
475 2304 540 2355 qui
570 2305 789 2355 respondeat
814 2305 860 2341 de
885 2305 1014 2342 eodem
1045 2305 1161 2342 dictas
1188 2304 1428 2355 pecuniarum
1455 2317 1617 2340 summas
1644 2316 1711 2354 pro

189 2362 296 2401 dictis
321 2362 467 2400 redditu
492 2366 528 2398 ct
555 2362 700 2412 reliquo
725 2362 884 2408 solvere,
909 2368 944 2399 et
967 2362 1107 2399 dictum
1131 2362 1363 2412 capitaneum
1390 2361 1612 2398 constituere
1637 2374 1713 2398 non

1515 2420 1563 2457 49
