2184 3074
393 265 468 304 254
945 258 1105 297 CODEX
1131 257 1378 298 DUNENSIS.

398 385 616 419 evacuantes
634 383 676 416 ut
693 378 745 415 eis
758 377 927 414 videatur
941 376 1035 414 nihil
1052 377 1242 427 potestatis
1257 388 1369 427 super
1386 376 1549 414 eccle‘siis
1563 378 1618 414 vel
1632 378 1801 429 personis
1814 379 1934 417 eccle-

398 438 554 477 siasticis
574 436 807 480 remansisse,
827 434 929 486 quod
944 434 991 471 de
1000 433 1086 484 jure
1100 434 1219 471 facere
1234 446 1309 471 non
1324 434 1518 481 deberent,
1534 433 1600 472 ubi
1616 434 1808 485 laycorum
1822 435 1932 474 etlam

401 511 475 535 non
505 499 708 547 suppetunt
733 493 938 538 facultates,
965 505 1050 529 eum
1079 491 1148 543 ipsi
1177 491 1369 530 humiliter
1388 497 1423 530 et
1445 493 1577 530 devote
1596 493 1758 544 recipere
1775 493 1937 532 debeant

400 570 484 594 cum
504 555 705 606 gratiarum
736 552 880 589 actione
903 565 998 603 quae
1016 552 1067 589 eis
1086 564 1154 602 pro
1173 552 1363 589 communi
1390 551 1549 589 utilitate
1567 552 1614 589 de
1631 552 1740 590 bonis
1763 553 1937 590 ecclesiae

401 616 649 659 conserentur,
675 612 778 663 prius
803 616 924 648 tamen
956 610 1224 648 interveniente
1250 611 1393 649 romani
1419 611 1607 662 pontilicis
1633 612 1807 658 consilio,
1831 612 1938 663 cujus

402 676 552 712 interest
565 669 829 709 connnunibus
844 668 1066 706 utilitatibus
1079 668 1285 719 providere,
1300 669 1403 720 quod
1419 669 1573 707 minime
1587 670 1744 718 faciunt,
1758 670 1823 708 sed
1836 670 1937 722 quod

401 732 453 769 eis
472 744 536 782 per
550 729 721 780 pietatem
741 740 957 765 concessum
978 731 1048 773 est,
1069 726 1104 764 in
1120 726 1207 765 cleri
1226 726 1402 778 injuriam
1416 740 1458 765 ac
1472 728 1511 765 in
1522 740 1730 779 pauperum
1744 728 1939 780 penuriam

404 789 544 827 fuciunt
572 786 792 824 redundare.
819 786 862 823 Et
886 798 971 823 cum
1001 785 1108 823 multi
1134 786 1303 824 consules
1327 786 1560 838 principum,
1584 791 1658 824 tam
1683 786 1806 825 clerici
1826 799 1939 839 quam

403 848 481 893 alii,
503 845 676 897 propriae
695 843 914 896 prudentiae
933 843 1132 882 innitentes
1155 848 1191 882 et
1218 844 1419 882 humanam
1439 844 1608 883 amittere
1629 844 1784 896 gratiam
1810 845 1942 883 formi-

404 906 548 950 dantes,
567 905 618 941 eis
637 909 733 941 recta
753 902 854 953 loqui
876 901 991 939 libere
1009 901 1293 953 pertimescunt,
1316 902 1381 953 qui
1409 902 1638 954 quandoque
1655 902 1940 942 similitudinem

404 963 604 1015 ‹lunaindani
626 961 748 1012 potius
766 974 878 1011 qutun
899 960 1089 998 veritatem
1113 960 1345 1007 discernunt,
1366 961 1482 1012 magis
1501 960 1607 999 utilia
1635 961 1829 1000 reticentes
1855 975 1940 1000 cum

405 1021 750 1060 siniilitudinariuin
770 1019 817 1056 sit
837 1032 1051 1069 expressum
1074 1018 1255 1066 veritatis,
1273 1023 1309 1056 et
1327 1019 1432 1070 quasi
1452 1019 1567 1057 sicera
1587 1019 1758 1058 inebriati
1777 1026 1814 1059 et
1831 1033 1941 1059 uvam

406 1080 575 1118 acerbam
590 1078 826 1117 comedentes
835 1105 844 1123 ,
861 1077 984 1115 minus
1000 1082 1106 1115 cauta
1118 1076 1342 1115 discretione
1354 1082 1550 1128 exponunt
1567 1076 1661 1116 illud
1673 1078 1777 1129 qued
1790 1078 1941 1118 dicunt:

406 1139 532 1177 onmia
550 1142 638 1175 sunt
651 1136 833 1188 principis
850 1135 933 1173 etei
947 1147 1078 1173 omnes
1094 1134 1272 1173 obediant
1285 1134 1427 1173 subditi
1441 1139 1478 1173 et
1489 1135 1635 1181 clerici,
1651 1140 1689 1174 et
1701 1137 1768 1187 qui
1784 1136 1947 1189 principi

409 1212 483 1236 non
502 1196 703 1239 obedierit,
722 1200 840 1233 morte
858 1194 1055 1241 moriatur,
1074 1207 1224 1232 sensum
1247 1194 1411 1232 alienum
1429 1194 1660 1233 extrinsecus
1676 1199 1714 1233 et
1727 1198 1946 1235 extraneum

409 1256 654 1308 requirentes,
674 1267 748 1291 non
767 1253 1039 1291 considerando
1057 1252 1159 1304 quod
1180 1257 1279 1290 tanta
1299 1252 1395 1290 inter
1412 1265 1516 1304 reges
1536 1257 1572 1291 et
1589 1252 1783 1304 pontifices
1807 1258 1945 1306 quanta

409 1316 505 1352 inter
527 1313 642 1352 solem
669 1317 705 1350 et
727 1313 854 1350 lunam
881 1311 1056 1350 distantia
1080 1315 1344 1362 cognoscatur,
1368 1314 1404 1349 et
1425 1311 1945 1364 constitutionesprincipum

405 1372 735 1411 constitutionibus
761 1370 1018 1409 ecclesiasticis
1044 1383 1119 1408 non
1142 1370 1413 1422 praeeminent,
1435 1374 1472 1408 et
1495 1370 1679 1422 imperiali
1701 1370 1848 1421 judicio
1867 1384 1943 1410 non

408 1436 564 1483 pessunt
577 1430 662 1481 jura
681 1430 926 1469 ecclesiastica
943 1429 1112 1475 dissolvi,
1131 1442 1216 1467 cum
1237 1429 1306 1480 ipsi
1328 1442 1403 1467 non
1422 1429 1544 1466 solum
1561 1441 1736 1481 personas
1754 1430 1947 1469 eeclesias-

410 1492 499 1528 tiens
512 1490 695 1528 seculares
712 1488 775 1527 sed
796 1489 906 1526 etiam
925 1488 1089 1526 Domino
1110 1489 1190 1526 Deo
1207 1487 1394 1526 dedicatas
1422 1489 1459 1526 in
1482 1488 1592 1526 vinea
1610 1488 1763 1526 Domini
1783 1489 1945 1528 Sabaoth

411 1549 636 1592 laborantes,
655 1546 810 1584 decimis
828 1559 871 1584 ac
883 1547 965 1585 aliis
979 1546 1135 1584 diversis
1149 1546 1407 1585 exactionibus
1423 1558 1524 1585 nunc
1539 1547 1725 1599 affligunt,
1740 1547 1839 1587 bona
1853 1547 1950 1587 Cru-

410 1607 509 1644 cilixi
527 1605 754 1658 pauperibus
769 1610 806 1642 et
822 1605 901 1642 Deo
921 1605 1168 1643 servientibus
1189 1605 1365 1656 deputata
1387 1606 1464 1644 suis
1484 1606 1615 1644 usibus
1633 1606 1882 1658 applicantes,
1901 1608 1959 1652 ita,

412 1670 452 1702 ut
474 1665 571 1703 bona
598 1663 772 1701 ecelesiae
798 1662 911 1700 victui
939 1663 1020 1701 Deo
1045 1663 1286 1701 servientium
1319 1676 1394 1702 non
1421 1664 1568 1702 valeant
1594 1664 1839 1716 respondere,
1865 1676 1950 1704 cum

410 1724 563 1762 denario
579 1722 741 1761 fraudari
763 1735 836 1760 non
857 1721 1018 1759 debeant
1031 1722 1069 1759 in
1085 1722 1192 1760 vinea
1207 1722 1361 1760 Domini
1377 1728 1590 1774 operantes,
1608 1723 1824 1775 postpositis
1841 1723 1951 1763 etiam

411 1780 655 1831 eleemosynis
673 1780 902 1832 pauperibus
917 1780 1125 1832 erogandis.
1144 1782 1239 1819 Cum
1267 1794 1343 1819 non
1367 1781 1529 1820 debeant
1554 1781 1794 1834 officemqui
1819 1782 1953 1834 huJ‘us-

413 1840 513 1877 modi
534 1839 741 1890 iniquitatis
756 1839 955 1891 participes
974 1853 1048 1877 non
1067 1839 1232 1878 existunt
1247 1845 1283 1878 et
1295 1840 1383 1892 quia
1402 1840 1581 1891 praedicti
1597 1840 1771 1879 consules
1790 1840 1952 1893 pseudo-

413 1899 615 1951 prophetae
633 1899 707 1937 dici
727 1905 899 1950 possunt,
921 1913 1006 1937 eum
1025 1900 1294 1951 scripturarum
1315 1900 1426 1938 verba
1445 1901 1552 1939 aliter
1572 1900 1762 1952 accipiunt
1777 1905 1814 1939 et
1835 1913 1954 1953 expo-

414 1965 522 2005 nunt,
553 1972 665 2010 quam
699 1960 809 1996 Sacra
841 1959 1031 2010 Scriptura
1063 1965 1186 2007 sonat,
1212 1961 1278 2012 qui
1306 1960 1519 2011 conjectura
1546 1959 1681 1998 mentis
1707 1973 1796 1998 suae
1821 1965 1954 1999 cuncta

414 2020 624 2056 futurorum
638 2018 744 2068 quasi
761 2031 844 2056 vera
860 2018 1106 2069 pronuntiant
1118 2018 1261 2070 absque
1274 2019 1491 2058 divinorum
1504 2018 1711 2057 verborum*
1721 2018 1955 2066 auctoritate,

415 2078 475 2114 illa
493 2076 789 2114 consideratione
818 2090 892 2115 non
913 2082 1054 2115 servata
1073 2082 1115 2115 ut
1134 2078 1172 2116 in
1193 2078 1266 2116 hiis
1283 2091 1382 2130 quae
1398 2077 1514 2117 dubia
1538 2077 1678 2116 fuerint
1694 2082 1759 2115 aut
1779 2077 1957 2125 obscura,

416 2135 453 2171 id
472 2134 643 2171 noverint
658 2135 920 2186 exequendum
934 2136 1037 2187 quod
1057 2149 1124 2174 nec
1143 2137 1379 2188 ewangelicis
1397 2137 1602 2189 praeceptis
1620 2136 1869 2184 contrarium,
1890 2148 1957 2175 nec

415 2193 571 2230 decretis
586 2198 798 2231 sanctorum
814 2198 961 2245 patrum
977 2194 1191 2233 inveniatur
1206 2196 1404 2234 adversum
1414 2225 1424 2243 ,
1442 2200 1578 2234 etcum
1594 2195 1684 2234 tales
1698 2194 1764 2248 qui
1778 2198 1959 2246 praeeunt

416 2256 568 2302 propter
590 2252 750 2289 savorem
777 2252 990 2304 principum
1019 2254 1202 2292 excaecati
1236 2254 1375 2292 fuerint
1399 2258 1436 2292 et
1460 2254 1543 2293 aliis
1569 2254 1747 2292 ducatum
1770 2257 1958 2307 praestare

417 2309 622 2360 coeperint,
641 2310 752 2347 ambo
771 2310 808 2347 in
830 2311 974 2348 foveam
1001 2311 1238 2359 dilabuntur,
1257 2313 1358 2351 unde
1376 2313 1558 2365 psalmus:
1578 2311 1838 2351 Obscurentur
1855 2311 1954 2350 oculi

417 2381 545 2406 eorum
566 2381 612 2405 ne
630 2368 793 2413 videant,
814 2374 849 2406 et
867 2369 1019 2407 dorsum
1038 2383 1167 2408 eorum
1186 2384 1334 2422 semper
1350 2371 1515 2409 incurva.
1536 2370 1583 2409 Et
1599 2370 1706 2422 quia,
1725 2373 1830 2421 pater
1846 2382 1955 2408 sanc-

2177 2162 2184 2225 i]

2180 2248 2184 2301 ε
