2184 3074
484 279 557 317 576
1039 277 1201 315 CODEX
1227 277 1470 317 DUNENSIS.

487 395 760 432 Dominationis
783 394 991 444 benignitas
1017 393 1308 439 condescendat,
1331 393 1437 431 vobis
1459 394 1668 432 describere
1689 397 1862 436 volumus
1881 403 2016 437 statum

486 455 576 504 ejus.
597 454 688 490 Cum
708 453 807 490 enim
828 465 948 502 nuper
961 453 1007 488 ad
1022 452 1190 489 eamdem
1205 452 1395 489 ecclesiam
1411 466 1519 490 causa
1533 454 1772 503 visitationis,
1786 457 1881 495 sicut
1894 463 2017 496 nostra

487 514 651 558 interest,
680 511 923 555 venissemus,
955 510 1121 546 eamdem
1134 539 1143 557 ,
1162 510 1247 547 licet
1265 510 1303 546 in
1323 510 1579 561 spiritualibus
1605 515 1960 562 commendabilem,
1978 516 2017 554 in

487 571 753 622 temporalibus
771 575 893 607 tamen
914 570 1017 606 omni
1036 569 1280 620 prosperitate
1299 570 1436 608 nudam
1448 600 1457 617 ,
1474 571 1670 609 alienatam
1689 573 1913 621 redditibus,
1926 588 2018 613 usu—

484 643 609 667 rarum
628 642 669 666 ac
687 629 898 665 debitorum
919 628 1092 678 voragine
1111 628 1401 665 circumventam
1422 629 1652 676 invenimus3
1670 635 1706 668 et
1723 631 1753 669 si
1773 645 1940 683 unquam
1959 646 2018 671 res

486 701 656 738 perverse
679 700 717 724 se
740 686 890 732 habuit,
916 699 1017 723 nune
1042 699 1146 723 error
1171 686 1396 724 novissimus
1414 688 1538 738 priore
1561 688 1722 726 deterior
1742 691 2017 741 comprobatur.

487 746 623 783 Verum
650 745 764 794 abbas
790 749 827 781 et
852 749 1057 781 conventus
1083 744 1202 781 dictae
1229 744 1417 791 ecclesiae,
1443 746 1513 782 sub
1538 747 1678 797 potenti
1698 761 1812 784 manu
1837 748 2016 786 Altissimi

485 805 658 841 fiduciam
678 804 908 850 obtinentes,
928 808 1078 854 sperant
1100 803 1202 854 quod
1228 817 1271 841 eo
1298 809 1505 854 praestante
1529 819 1595 856 per
1617 810 1736 844 vestra
1755 811 1790 844 et
1812 808 2017 858 proborum

484 861 656 911 suffragia
675 875 751 898 non
770 861 911 912 absque
935 874 1064 898 eorum
1083 862 1297 911 gravamine
1322 867 1360 899 et
1382 863 1653 901 substractione
1679 865 1846 902 victuum
1875 870 2019 917 tempo-

484 919 616 956 ralium
632 919 791 956 debeant
808 919 973 956 relevari.
994 919 1098 957 Unde
1118 920 1391 957 Dominationis
1410 921 1560 959 Vestrae
1577 923 1734 973 gratiam
1752 936 1861 974 prece
1879 928 2017 976 quanta

481 991 679 1028 possumus
706 991 902 1014 exoramus
926 977 1102 1028 quatinus
1125 978 1245 1015 eidem
1270 979 1443 1016 ecclesiae
1469 984 1505 1016 et
1527 981 1694 1031 personis
1720 981 1846 1018 animo
1872 982 2017 1033 pietatis

483 1036 744 1073 habundanter
770 1036 880 1073 bonis
914 1050 1061 1087 semper
1091 1037 1387 1074 condescendere
1413 1043 1590 1075 consueto
1617 1039 1876 1077 miserabiliter
1905 1041 2018 1078 mise·-

482 1101 602 1132 rentes
620 1096 761 1146 placeat
778 1095 884 1132 vobis
910 1095 1013 1146 quod
1040 1096 1111 1132 sub
1129 1096 1262 1133 umbra
1281 1097 1521 1146 protectionis
1539 1103 1678 1135 vestrae
1696 1099 1848 1136 latentes
1864 1099 1910 1136 ad
1929 1099 2015 1137 bos-

482 1154 718 1206 pitalitatem,
738 1168 823 1191 cum
844 1154 945 1190 unde
964 1167 1039 1191 non
1059 1154 1234 1200 habeant,
1253 1168 1296 1191 ex
1317 1155 1466 1205 speciali
1485 1161 1604 1193 vestra
1624 1157 1849 1194 inhibitione
1863 1157 2017 1195 minime

483 1218 692 1259 teneantur,
718 1213 896 1263 quodque
923 1226 942 1249 a
961 1213 1037 1250 suis
1056 1213 1302 1251 creditoribus
1320 1218 1440 1250 vestra
1468 1213 1729 1252 intercessione
1749 1215 1870 1253 media
1888 1216 2016 1254 saltem

483 1285 601 1322 usque
626 1271 671 1308 ad
698 1272 806 1308 talem
830 1271 1030 1308 terminum
1050 1277 1238 1322 respectus
1258 1271 1348 1322 ipsis
1365 1272 1484 1309 valeat
1502 1273 1706 1323 indulgeri,
1725 1287 1793 1324 pro
1811 1273 2016 1311 certissimo

480 1330 708 1367 attendentes
725 1329 827 1380 quod
845 1329 991 1366 interim
1011 1343 1077 1379 per
1093 1329 1305 1380 aliquorum
1325 1330 1510 1367 bonorum
1528 1344 1681 1368 suorum
1700 1331 1953 1369 venditionem
1976 1345 2014 1370 se

482 1388 641 1425 finaliter
657 1387 814 1424 liberare
832 1392 1049 1437 proponunt
1066 1387 1112 1424 ab
1131 1388 1233 1424 omni
1252 1401 1364 1425 onere
1381 1388 1604 1425 debitorum.

1215 1512 1306 1521 ⁴00—-

1169 1665 1335 1703 CCLVll.

612 1780 827 1816 Revocation
858 1780 901 1816 de
933 1780 1203 1817 l’autorisation
1233 1781 1372 1818 donne'e
1401 1793 1479 1817 auae
1511 1781 1721 1831 reliqieuses
1752 1782 1889 1819 d’Aaeel

1028 1838 1072 1875 de
1101 1838 1264 1876 s'elablir
1293 1838 1458 1876 ailleurs.

531 2032 632 2069 Licet
657 2033 827 2070 ecclesias
853 2038 969 2070 terrae
996 2039 1142 2071 nostrae
1168 2039 1204 2071 et
1232 2035 1439 2085 specialiter
1464 2039 1605 2071 vestrae
1633 2034 1873 2085 professionis
1900 2035 2014 2072 animi

482 2091 640 2140 puritate
669 2091 877 2141 diligimus,
907 2097 957 2134 et,
979 2097 1161 2143 quantum
1192 2107 1276 2130 cum
1304 2094 1382 2130 Deo
1411 2106 1628 2144 possumus,
1653 2092 1912 2139 confovemus,
1939 2105 2014 2130 non

482 2154 620 2193 tamen,
637 2163 656 2185 a
679 2150 758 2186 Deo
788 2151 912 2187 favore
937 2152 1112 2202 prosequi
1140 2165 1266 2188 earum
1295 2151 1475 2202 quasdam
1503 2151 1732 2188 intendimus
1750 2156 1792 2188 ut
1809 2151 1858 2188 ob
1877 2151 1915 2187 id
1933 2151 2014 2188 aliis

481 2221 676 2257 gravamen
696 2222 758 2245 seu
778 2210 888 2246 laesio
907 2216 1112 2260 generetur.
1132 2211 1225 2248 Cum
1245 2211 1359 2261 igitur
1376 2211 1555 2248 moniales
1572 2211 1618 2247 de
1634 2211 1764 2256 Axele,
1780 2209 1892 2247 vestri
1910 2209 2014 2246 ordi—

481 2265 549 2311 nis,
568 2266 705 2303 litteras
726 2269 841 2304 nostri
861 2281 1062 2306 consensus
1089 2269 1334 2306 obtinuerunt
1351 2274 1393 2306 ut
1418 2269 1463 2306 de
1489 2269 1570 2306 loco
1589 2269 1654 2306 ubi
1674 2269 1852 2306 hactenus
1881 2267 2013 2304 extite-

481 2328 585 2370 runt,
611 2338 649 2361 se
675 2327 870 2363 transferre
889 2327 1032 2377 possint
1050 2332 1085 2364 et
1103 2328 1249 2365 valeant
1267 2328 1338 2365 sub
1357 2332 1484 2365 nostro
1503 2328 1673 2365 districtu
1692 2328 1739 2364 ad
1753 2327 1868 2364 alium
1888 2327 2010 2363 locum

480 2383 531 2420 eis
550 2384 665 2433 magis
690 2385 817 2421 utilem
845 2391 880 2422 et
906 2400 1098 2434 securum,
1117 2401 1258 2438 nosque
1284 2387 1523 2438 postmodum
1551 2386 1841 2424 intellexerimus
1859 2385 1962 2436 quod
1980 2385 2009 2422 si
