2184 3074
443 297 518 334 5-24
546 310 551 315 ·
993 291 1157 331 conEx
1184 291 1429 330 DUNENS1S.

441 427 565 451 remus
590 412 779 458 camdem,
794 412 914 448 donec
931 424 1045 462 super
1067 410 1139 447 hoe
1161 410 1258 447 eirca
1281 422 1362 446 eam
1388 409 1490 446 aliud
1514 409 1722 455 ordinaret,
1739 410 1976 460 postmodum

441 476 562 508 tamen
583 484 649 521 per
666 469 756 506 alias
772 482 857 506 suas
881 469 1022 506 litteras
1042 468 1151 506 nobis
1175 467 1341 517 injunxit
1361 472 1403 504 ut
1425 467 1456 504 si
1481 480 1527 504 ex
1552 466 1623 504 boe
1645 467 1787 506 dietum
1805 466 1978 519 impediri

419 534 421 536 ’
443 529 631 579 negotium
654 533 690 565 et
714 541 837 578 regem
865 527 985 577 ipsum
1011 526 1254 564 scandalizari
1272 531 1309 562 et
1325 525 1468 563 turbari
1496 525 1741 576 contingeret,
1765 538 1834 575 nos
1856 525 1979 576 ipsum

442 587 607 624 decimae
626 585 815 636 negotium
835 586 959 636 quoad
982 598 1160 637 personas
1182 584 1329 622 easdem
1348 584 1392 621 ad
1413 597 1497 621 eum
1517 589 1652 622 statum
1675 584 1852 622 reducere
1872 597 1981 621 eura-

442 658 565 682 remus
589 645 626 681 in
653 657 729 694 quo
756 649 834 680 erat
858 643 1078 694 priusquam
1100 642 1310 694 praedictae
1335 655 1423 680 suae
1449 643 1592 680 litterae
1614 647 1848 688 emanarent,
1870 647 1981 693 prout

442 703 654 740 continetur
673 702 710 739 in
730 702 862 739 litteris
880 715 1039 753 quarum
1065 708 1171 739 tenor
1188 702 1343 738 inferius
1361 707 1570 739 annotatur.

491 762 615 809 Quum
635 761 760 812 itaque
781 761 898 812 ipsius
916 761 1108 812 praedicto
1125 761 1220 812 regis
1241 761 1390 812 negotio
1407 766 1579 812 sumptus
1600 774 1695 811 pene
1717 761 1981 799 inestimabiles

443 820 628 869 exigente,
658 819 781 870 ipsum
805 833 874 869 pro
899 819 1139 857 intollerabili
1170 819 1315 856 defectu
1336 819 1516 870 pecuniae
1543 833 1617 856 non
1644 820 1766 857 solum
1792 819 1981 871 impediri,

442 891 572 915 verum
602 878 712 915 etiam
744 878 820 914 noti
857 878 1067 915 exterminii
1105 878 1278 929 periculo.
1300 877 1493 929 subjacere
1522 878 1708 924 videmus,
1733 883 1771 916 et
1798 892 1863 916 rex
1880 891 1982 930 prac—
2011 880 2013 883 ’

444 936 564 973 dictus
581 949 624 972 ex
645 935 861 985 hujusmodi
884 936 1120 987 exemptione
1141 936 1414 987 praedictarum
1437 950 1680 987 personarum
1698 951 1718 974 a
1734 937 1983 988 praestatione

445 994 609 1031 decimae
631 995 866 1045 supradictae
885 995 941 1031 vel
966 995 1090 1032 verius
1114 1009 1158 1032 ex
1183 995 1361 1032 dilatione
1385 995 1582 1033 solutionis
1604 996 1770 1045 ejusdem
1797 996 1983 1034 scandali-

445 1058 551 1090 zatur
578 1052 781 1090 enormiter
807 1058 843 1089 et
866 1053 1028 1102 graviter
1058 1053 1322 1098 conturbatur,
1347 1053 1444 1090 sieut
1472 1053 1633 1104 propriis
1661 1053 1824 1092 vidimus
1848 1054 1982 1101 oculis,

446 1114 643 1161 antequam
669 1124 734 1147 rex
761 1111 839 1161 ipse
858 1111 903 1147 ad
932 1117 1053 1162 partes
1079 1111 1227 1149 Siciliae
1247 1103 1286 1149 se
1311 1113 1509 1156 conterret,
1528 1117 1564 1149 et
1581 1112 1660 1161 ejus
1675 1118 1932 1163 procuratores
1949 1117 1986 1150 et

448 1169 569 1206 nuntii
589 1169 698 1206 nobis
718 1169 943 1207 incessanter
956 1175 1211 1221 exposuerunt
1228 1174 1414 1220 oportune
1427 1170 1657 1221 requirentes
1671 1175 1705 1208 et
1722 1171 1832 1208 etiam
1851 1171 1986 1222 impor·

451 1233 539 1265 tune
555 1233 597 1264 ut
616 1227 830 1264 mandatum
855 1228 1035 1279 praedicti
1058 1229 1201 1265 domini
1229 1229 1428 1266 Clementis
1455 1229 1592 1266 factum
1622 1229 1730 1266 nobis
1757 1243 1823 1280 per
1839 1229 1986 1267 easdem

451 1286 556 1324 Sedis
575 1286 714 1323 litteras
732 1299 985 1337 exequamur:
1007 1300 1074 1324 nos
1096 1287 1217 1338 ipsum
1237 1287 1403 1324 decimae
1419 1288 1607 1338 negotium
1627 1288 1673 1325 ad
1692 1301 1777 1325 eum
1792 1293 1928 1326 statum
1947 1288 1985 1326 in

451 1358 526 1395 quo
549 1350 627 1381 erat
650 1349 848 1395 antequam
874 1345 1016 1396 primae
1039 1346 1180 1383 litterae
1206 1346 1415 1396 praedictae
1438 1346 1591 1397 praefati
1618 1346 1761 1383 domini
1788 1347 1988 1384 Clementis

451 1407 679 1446 emanarent,
704 1403 922 1440 auctoritate
946 1417 1018 1454 qua
1041 1405 1234 1455 fungimur
1253 1405 1489 1450 reducentes,
1507 1404 1721 1441 discretioni
1741 1410 1883 1442 vestrae
1905 1405 1983 1443 dis—

453 1461 558 1498 tricte
576 1461 840 1512 praecipiendo
860 1462 1080 1500 mandamus
1099 1469 1283 1514 quatenus
1299 1463 1345 1499 ad
1353 1492 1984 1502 ..................

453 1549 831 1557 ...........
860 1551 868 1565 ,
893 1521 1164 1572 Lingonensem
1187 1522 1518 1559 Autisidoriensem
1539 1527 1574 1559 et
1589 1522 1872 1560 Cabilonensem
1889 1523 1986 1574 dyo-

454 1593 570 1624 ceses,
597 1580 840 1630 personaliter
865 1581 1079 1617 accedentes
1104 1581 1149 1617 ad
1177 1581 1328 1618 abbates
1353 1594 1415 1618 seu
1448 1594 1576 1618 eorum
1609 1581 1731 1618 locum
1761 1587 1941 1628 tenentes,
1959 1583 1988 1619 si

454 1638 604 1674 abbates
626 1638 795 1675 absentes
820 1639 976 1682 suerint,
1003 1652 1044 1676 ac
1067 1645 1272 1677 conventus
1297 1639 1462 1690 ipsorum
1489 1640 1797 1676 monasteriorum
1819 1654 1990 1692 peremp-

455 1697 548 1733 torie
563 1710 609 1733 ex
627 1701 731 1746 parte
750 1703 872 1733 nostra
897 1697 1033 1742 citetis,
1054 1703 1094 1734 ut
1111 1698 1140 1734 si
1161 1712 1227 1748 per
1244 1698 1435 1749 privilegia
1451 1698 1556 1735 Sedis
1577 1699 1808 1749 Apostolieae
1827 1700 1882 1736 vel
1902 1700 1991 1738 alias

455 1755 618 1805 legitime
636 1768 654 1791 a
675 1756 921 1805 praestatione
939 1756 1106 1792 decimae
1127 1757 1362 1807 supradictae
1388 1771 1426 1793 se
1448 1762 1483 1794 et
1505 1757 1674 1794 ordinem
1694 1771 1803 1795 suum
1823 1758 1992 1796 eredide-

456 1814 529 1850 rint
549 1814 733 1852 excusari.
754 1827 822 1864 pro
848 1828 886 1851 se
909 1820 943 1850 et
966 1815 1098 1851 ordine
1121 1828 1188 1852 suo
1211 1821 1449 1866 compareant
1473 1829 1538 1866 per
1556 1829 1594 1852 se
1613 1817 1668 1853 vel
1688 1830 1753 1867 per
1770 1816 1995 1854 sufficientes

457 1877 714 1923 procuratores
740 1886 825 1908 eum
852 1873 989 1909 eisdem
1021 1873 1224 1923 privilegiis
1250 1879 1286 1911 et
1317 1874 1558 1912 munimentis
1586 1875 1762 1911 omnibus
1789 1875 1907 1926 prima
1932 1875 1993 1912 die

458 1930 628 1967 instantis
650 1931 770 1967 martii
798 1932 958 1968 l‘arisius
978 1945 1101 1968 eoram
1128 1933 1235 1969 nobis
1255 1933 1300 1969 de
1320 1933 1535 1982 hujusmodi
1558 1947 1622 1970 sua
1642 1939 1678 1970 et
1694 1934 1836 1971 ordinis
1856 1934 1993 1971 immu-

460 1990 589 2033 nitate,
604 1989 633 2026 si
653 1994 842 2040 poterunt..
858 1991 1042 2028 ostensuri
1059 2005 1100 2028 ac
1121 1993 1302 2042 recepturi
1319 2006 1431 2043 super
1446 1992 1515 2029 hoe
1533 1993 1633 2043 quod
1647 1993 1791 2042 justitia
1806 1991 1992 2040 suadebit,

459 2048 624 2098 alioquin
654 2053 792 2085 extunc
823 2049 1004 2086 decimam
1024 2050 1071 2086 ab
1092 2050 1163 2087 illis
1186 2051 1282 2087 sieut
1299 2064 1318 2087 a
1337 2051 1489 2088 caeteris
1509 2051 1602 2102 exigi
1624 2051 1817 2095 faciemus,
1845 2052 1947 2102 quod
1963 2053 1992 2090 si

458 2106 730 2156 praedictorum
751 2107 928 2144 abbatum
951 2109 1005 2144 vel
1027 2122 1155 2145 eorum
1176 2109 1254 2146 loca
1271 2110 1476 2146 tenentium
1496 2115 1530 2146 et
1549 2115 1995 2161 conventuumpraesen-

459 2165 546 2200 tiam
561 2165 729 2201 obtinere
751 2166 992 2216 nequiveritis
1023 2168 1076 2204 vel
1106 2168 1209 2204 adire
1234 2181 1358 2205 coram
1386 2168 1540 2205 testibus
1559 2174 1595 2205 et
1611 2168 1802 2218 aliquibus
1827 2168 1994 2219 personis

460 2223 623 2273 ipsorum
645 2226 971 2262 monasteriorum.
993 2231 1029 2262 et
1055 2227 1083 2263 si
1110 2227 1246 2264 intrare
1267 2241 1340 2264 non
1360 2227 1530 2264 valebitis
1555 2233 1639 2263 ante
1662 2232 1785 2277 portas
1809 2227 1993 2277 ipsorum,

460 2281 608 2331 publice
626 2294 748 2318 eoram
770 2283 924 2320 testibus
943 2298 1038 2334 quos
1057 2285 1101 2320 ad
1123 2285 1193 2321 hoc
1207 2299 1340 2322 vocare
1358 2292 1392 2322 et
1410 2286 1454 2322 ad
1475 2285 1698 2322 veniendum
1718 2299 1784 2335 per
1799 2298 1993 2323 censuram

461 2339 761 2385 ecelesiasticam,
793 2341 821 2376 si
855 2355 948 2391 opus
981 2336 1108 2389 ffierlt,
1140 2344 1313 2393 compelli
1350 2344 1540 2389 volumus,
1567 2344 1679 2380 citare
1700 2344 1807 2393 juxta
1836 2344 1992 2381 formam

460 2410 571 2446 quam
588 2397 840 2447 praediximus
859 2400 1053 2447 studeatis,
1069 2402 1241 2439 facientes
1256 2416 1368 2452 super
1381 2402 1554 2439 citatione
1569 2402 1783 2451 hujusmodi
1801 2402 1991 2452 publicum
