2184 3074
440 331 511 368 128
752 332 754 336 ’
989 328 1151 366 CODEX
1176 328 1423 367 DUNENSlS.

1103 503 1314 541 LXXXVII.

438 622 570 660 L’abbe'
593 623 636 660 de
664 623 811 659 Thosan
835 620 1013 658 demando
1036 619 1308 657 l'autorisation
1332 620 1376 664 de
1403 621 1539 658 vendre
1557 622 1733 660 certaines
1751 628 1865 660 terres
1878 635 1976 672 pour

761 679 941 717 reme'dier
958 679 981 715 ἀ
999 679 1095 715 l'e'tat
1112 678 1156 715 de
1173 678 1330 715 ddtresse
1346 679 1390 715 de
1406 692 1443 716 ce
1460 681 1674 717 monastero.

488 876 581 912 Cum
598 875 749 912 eeclesia
766 878 891 911 nostra
905 887 951 910 ex
966 874 1127 910 fortuitis
1143 873 1403 910 incendiorum
1423 873 1606 910 incendiis
1619 877 1655 910 et
1667 874 1813 911 diutina
1825 887 1977 921 suorum

440 935 692 986 subtractione
717 934 903 970 bonorum
931 933 970 969 in
995 933 1165 984 partibus
1191 932 1403 979 Zelandiae,
1429 932 1629 983 praecipue
1653 933 1719 970 ubi
1746 932 1866 983 major
1893 946 1980 984 pars

441 1007 592 1031 suarum
612 994 846 1030 fortunarum
867 992 1052 1037 consistit,
1077 991 1179 1028 dirae
1202 991 1463 1028 amaritudinis
1489 991 1602 1028 calice
1622 991 1671 1028 sit
1691 995 1816 1041 potata
1829 1020 1838 1038 ,
1866 995 1903 1029 et
1927 991 1980 1040 ob

441 1052 641 1103 praemissa
659 1057 694 1088 et
713 1052 783 1088 alia
803 1051 841 1087 in
861 1055 961 1088 tanta
979 1050 1194 1087 debitorum
1211 1062 1324 1087 onera
1342 1049 1538 1096 corruerit,
1557 1049 1755 1087 mobilium
1773 1050 1979 1088 substantia

442 1111 590 1161 penitus
598 1110 796 1156 denudata,
811 1110 913 1160 quod
927 1109 1040 1146 variis
1054 1108 1302 1146 creditoribus
1313 1108 1531 1158 urgentibus
1543 1108 1720 1145 continue
1729 1108 1978 1146 satisfaciendi

442 1181 517 1205 non
543 1168 631 1205 assit
656 1169 826 1214 facultas,
846 1167 1073 1218 possibilitas
1097 1167 1200 1203 nulla
1225 1166 1461 1217 relinquatur
1482 1166 1632 1217 penitus
1650 1166 1722 1204 nisi
1744 1167 1980 1217 possessiun-

441 1228 542 1264 culas
559 1228 702 1278 aliquas
719 1227 900 1265 distrahat
917 1231 952 1263 et
968 1239 1007 1264 se
1021 1227 1157 1263 relevet
1174 1226 1292 1277 pretio
1315 1226 1545 1271 earumdem,
1563 1225 1786 1263 reverendae
1805 1226 1974 1276 paterni-

443 1286 507 1323 tati
527 1291 667 1323 vestrae
682 1286 878 1322 humilime
893 1285 1147 1335 supplicamus
1166 1289 1350 1335 quatenus
1367 1297 1414 1321 ne
1432 1297 1475 1320 ex
1496 1283 1714 1334 impotentia
1731 1283 1980 1321 satisfaciendi

442 1345 689 1382 creditoribus
713 1345 908 1382 antedictis
937 1349 1084 1382 nostrae
1109 1344 1282 1381 ecclesiae
1309 1344 1425 1390 fama,
1445 1356 1541 1394 quae
1565 1343 1743 1380 hactenus
1766 1343 1863 1380 clara
1889 1343 1980 1389 fuit,

441 1404 545 1454 quod
563 1404 679 1448 absit,
692 1404 730 1440 in
749 1403 877 1454 aliquo
897 1403 1139 1454 deprimatur,
1149 1402 1336 1439 alienandi
1351 1402 1397 1438 de
1412 1402 1569 1439 consilio
1582 1401 1775 1439 reverendi
1788 1402 1903 1453 patris
1916 1401 1980 1439 do-

442 1463 535 1500 mini
550 1463 694 1500 abbatis
708 1463 754 1499 de
766 1462 906 1509 Dunis,
920 1462 1036 1512 patris
1049 1461 1194 1499 abbatis
1210 1461 1345 1507 nostri,
1359 1461 1539 1512 quasdam
1554 1465 1668 1498 terras
1682 1460 1807 1498 minus
1821 1460 1930 1498 utiles
1944 1465 1980 1498 et

441 1522 626 1572 proficuas
642 1526 793 1572 propter
806 1521 944 1558 fiscalia
959 1534 1071 1558 onera
1086 1534 1181 1571 quae
1195 1521 1455 1566 exsolvuntur,
1470 1519 1658 1556 licentiam
1674 1519 1838 1556 tribuere
1852 1519 1979 1569 digne-

441 1580 548 1626 mini,
565 1580 638 1626 vel,
652 1580 681 1616 si
697 1580 812 1630 magis
827 1579 1075 1625 credideritis,
1092 1592 1112 1615 a
1129 1579 1282 1616 domino
1297 1578 1529 1615 Cisterciensi
1545 1583 1686 1615 vestrae
1701 1578 1978 1615 intercessionis

441 1638 581 1675 auxilio
596 1639 804 1688 impetrare.
819 1638 893 1675 Nos
907 1638 1027 1683 enim,
1046 1650 1131 1674 cum
1151 1637 1279 1674 divina
1293 1636 1487 1673 clementia
1501 1640 1678 1686 operante
1694 1636 1796 1673 Deus
1814 1640 1979 1685 nostram

373 1695 375 1697 ’
441 1697 632 1734 ecclesiam
662 1696 966 1743 refortunaverit,
991 1696 1030 1732 in
1056 1695 1299 1732 haereditates
1324 1695 1414 1732 alias
1432 1695 1625 1732 liberiores
1648 1699 1683 1732 et
1709 1694 1980 1732 commodiores

441 1756 623 1792 dictarum
643 1760 823 1792 terrarum
843 1755 1006 1805 pretium
1026 1755 1187 1791 totaliter
1208 1758 1478 1791 convertemus.

489 1815 782 1852 Insinuationem
798 1828 911 1865 quam
930 1814 1154 1851 venerabilis
1172 1814 1333 1850 coabbas
1349 1817 1474 1850 noster
1492 1817 1528 1849 et
1549 1816 1754 1850 conventus
1771 1812 1819 1849 de
1832 1812 1980 1862 Capella

441 1887 552 1924 super
570 1878 666 1910 statu
684 1874 898 1910 monasterii
919 1874 976 1910 sui
996 1877 1032 1909 et
1050 1873 1264 1909 necessitate
1282 1871 1508 1909 reverentiae
1524 1877 1665 1908 vestrae
1683 1870 1836 1917 direxit,
1853 1883 1980 1907 veram

439 1947 534 1979 esse,
547 1933 651 1984 quod
672 1946 747 1970 non
769 1934 911 1983 absque
928 1933 1050 1970 cordis
1065 1932 1314 1969 amaritudine
1335 1931 1546 1978 referimus,
1562 1934 1792 1975 attestantes,
1811 1942 1979 1967 reveren-

439 1993 506 2028 dae
525 1992 735 2042 paternitati
758 1996 899 2029 vestrae
919 1991 1058 2042 pariter
1083 2003 1168 2027 cum
1187 1990 1325 2027 eisdem
1353 1989 1531 2026 duximus
1556 1988 1748 2025 humiliter
1766 1987 1978 2038 supplican-

439 2052 527 2088 dum
551 2056 733 2101 quatenus
756 2052 803 2088 ad
826 2055 962 2088 statum
984 2055 1020 2087 et
1041 2050 1293 2087 necessitatem
1315 2048 1533 2086 eorumdem
1558 2046 1827 2097 compassionis
1846 2050 1882 2083 et
1898 2046 1980 2097 pie·

440 2111 522 2147 tatis
540 2111 667 2147 oculos
692 2109 891 2161 dirigentes
917 2109 1087 2159 petitioni
1114 2109 1280 2159 ipsorum
1299 2120 1491 2145 assensum
1511 2105 1718 2156 dignemini
1735 2105 1977 2142 favorabilem

440 2168 632 2218 impartiri.
1689 2165 1694 2170 ”
