2184 3074
739 322 902 360 CODEX
926 321 1174 361 DUNENSlS.
1466 347 1469 350 <
1675 328 1723 363 93

189 439 401 478 denuntiari
427 452 502 477 non
527 438 688 478 debeant
708 443 772 476 aut
795 438 956 485 moneri,
982 450 1096 489 quam
1118 438 1148 475 si
1169 437 1398 487 conjunctim
1425 439 1482 475 vel
1509 439 1722 490 singulatim

189 497 484 549 praetenderint,
509 497 629 535 citetis
653 497 754 547 ipsos
777 496 1028 547 peremptorie
1058 508 1182 533 coram
1215 495 1323 534 nobis
1354 495 1400 533 ad
1428 496 1527 534 diem
1555 509 1619 534 seu
1645 496 1723 534 dies

189 560 438 607 competentes
451 567 521 606 pro
534 555 725 592 voluntate
739 553 847 591 latori
862 553 1112 605 praesentium
1127 553 1387 604 assignandam
1398 583 1408 600 ,
1422 553 1559 591 dictam
1575 567 1721 592 causam

189 618 402 652 ostensuros
419 618 455 652 et
467 613 545 664 juri
563 617 747 664 quantum
766 611 965 650 debuerint
982 611 1120 663 pariter
1137 616 1172 649 et
1190 611 1227 648 in
1247 611 1320 649 hiis
1338 612 1579 663 exequendis,
1599 618 1666 650 etc.

907 853 1032 893 LXVI.

189 967 422 1011 Mandement
443 972 494 1010 du
515 972 633 1022 doyen
657 977 691 1009 et
713 972 765 1009 du
790 970 954 1020 chapiaere
971 970 1015 1007 de
1037 970 1214 1019 Tournay
1234 970 1365 1019 relatis
1382 982 1460 1007 auae
1476 969 1593 1007 dimes
1612 969 1721 1007 leudes

583 1041 684 1079 pour
699 1027 894 1067 combattre
910 1027 1084 1065 Fre'ddric
1100 1027 1288 1078 d’Araqon
1304 1030 1324 1064 ¹.

236 1221 408 1260 Decanus
423 1226 459 1260 et
471 1222 675 1272 capitulum
690 1221 864 1259 ecclesiae
877 1221 1121 1258 Tornacensis
1131 1220 1309 1266 vacantis,
1324 1220 1506 1258 universis
1519 1226 1555 1257 et
1566 1221 1722 1271 singulis

188 1278 407 1326 abbatibus,
434 1280 647 1326 abbatissis,
673 1281 880 1332 prioribus,
907 1280 1112 1331 priorissis,
1136 1279 1372 1330 praepositis,
1401 1279 1550 1316 decanis
1576 1284 1612 1316 et
1640 1278 1721 1316 aliis

188 1337 426 1376 ecclesiarum
445 1338 635 1390 capitulis,
654 1338 819 1389 collegiis
837 1343 873 1375 et
891 1337 1153 1384 conventibus,
1174 1336 1401 1387 caeterisque
1417 1336 1593 1373 omnibus
1611 1349 1722 1386 regu-

187 1395 347 1443 laribus,
365 1397 811 1448 secularibus,·exemptis
830 1401 866 1434 et
884 1409 960 1433 non
978 1395 1159 1446 exemptis
1182 1394 1220 1431 in
1244 1394 1391 1431 civitate
1408 1399 1444 1431 et
1460 1394 1609 1444 dyocesi
1628 1394 1721 1431 Tor-

189 1455 336 1492 nacensi
356 1455 585 1502 constitutis,
603 1455 759 1493 salutem
779 1455 817 1492 in
837 1455 1000 1492 Domino
1018 1453 1293 1504 sempiternam.

236 1511 434 1550 Piscatoris
448 1513 620 1551 navicula
637 1527 706 1551 suo
724 1513 878 1552 exordio
894 1526 1041 1563 semper
1058 1511 1229 1562 pacifica,
1243 1510 1379 1548 Christi
1398 1511 1577 1561 sanguine
1595 1510 1721 1547 rubri-

189 1574 280 1616 cata,
290 1584 391 1608 mare
405 1571 596 1622 navigans,
606 1572 780 1623 procellis
794 1572 905 1610 variis
918 1576 1115 1609 ventorum
1130 1570 1281 1607 turbine
1295 1569 1428 1620 agitata
1443 1583 1542 1606 nunc
1557 1569 1720 1614 fluctuat,

188 1627 285 1666 sicut
303 1628 481 1666 hactenus
499 1629 721 1680 dampnatae
739 1629 940 1667 memoriae
959 1628 1145 1666 Frederici
1163 1627 1352 1679 quondam
1373 1627 1606 1677 imperatoris
1628 1632 1723 1663 tem-

187 1686 343 1736 poribus
361 1687 572 1735 fluctuavit,
591 1701 687 1739 quae
705 1701 891 1740 nusquam
910 1687 1060 1733 defecit,
1080 1691 1235 1724 testante
1253 1685 1405 1722 veritate
1424 1698 1520 1736 quae
1539 1685 1590 1722 ait
1607 1700 1615 1721 ε
1642 1686 1722 1734 1390

183 1756 256 1793 pro
274 1750 306 1782 te
322 1746 468 1796 roqavi,
487 1746 606 1793 Petra,
624 1753 665 1784 ul
680 1759 755 1784 mm
772 1746 917 1797 deficiat
927 1746 1018 1797 fides
1032 1751 1105 1783 tua.
1121 1744 1260 1790 Nostis,
1275 1743 1478 1789 karissimi,
1493 1742 1595 1793 quod
1617 1755 1720 1779 mens

190 1815 286 1852 quae
303 1802 404 1841 intus
421 1816 611 1852 concussa,
629 1805 660 1842 si
679 1805 771 1856 quid
789 1804 1004 1856 perdiderit,
1022 1803 1120 1840 foras
1133 1816 1171 1840 se
1186 1815 1252 1852 per
1267 1801 1447 1839 desideria
1465 1801 1721 1838 innumerabi-

191 1860 275 1898 liter
296 1862 455 1912 spargit,
474 1876 559 1900 nam
579 1864 646 1915 qui
671 1863 842 1901 examine
867 1861 1100 1900 discretionis
1123 1864 1266 1906 carent,
1285 1873 1305 1897 a
1327 1859 1461 1910 judicii
1484 1859 1541 1896 sui
1560 1858 1722 1896 sessione

190 1920 398 1971 pelluntur,
417 1926 459 1959 ut
476 1923 541 1973 qui
569 1936 676 1974 agere
701 1923 927 1966 dissimulat,
952 1925 1065 1959 certet
1087 1925 1129 1957 ut
1152 1920 1292 1957 nesciat
1316 1919 1408 1969 quid
1431 1923 1523 1969 agat.
1547 1918 1721 1955 Seductio

190 1979 326 2017 etenim
344 1981 466 2019 cordis
484 1982 731 2020 amarissimas
751 1982 991 2032 cogitationes
1012 1980 1149 2031 gignit,
1170 1991 1266 2029 quae
1286 1978 1324 2015 in
1344 1978 1487 2015 actione
1504 1977 1721 2014 omnimodo

191 2037 420 2076 denudatur:
452 2044 542 2077 tunc
572 2041 671 2078 enim
702 2041 786 2078 vilis
816 2041 855 2078 in
886 2039 1131 2078 ostentatione
1156 2037 1393 2087 cognoscitur
1416 2035 1568 2086 quando
1596 2035 1719 2085 quieta

190 2095 295 2144 prius
312 2109 445 2147 magna
462 2098 676 2148 putabatur.

240 2153 362 2191 Nostis
374 2183 383 2201 ,
402 2154 603 2203 karissimi,
622 2156 725 2208 quod
743 2156 808 2207 qui
826 2155 979 2193 rationis
997 2166 1146 2192 sensum
1167 2166 1242 2190 non
1263 2152 1417 2197 habent,
1435 2151 1524 2188 ssent
1541 2156 1577 2187 et
1598 2151 1722 2188 rident

191 2210 238 2247 ad
255 2210 422 2257 libitum,
441 2217 619 2264 tantoque
636 2214 676 2251 in
694 2227 826 2266 magna
844 2213 1069 2251 exultatione
1085 2225 1124 2249 se
1147 2211 1304 2248 dilatant
1323 2214 1464 2260 quanto
1485 2209 1718 2247 insensibiles

192 2269 331 2306 malum
347 2283 413 2320 per
427 2272 530 2322 quod
543 2273 765 2323 puniuntur,
780 2273 961 2324 ignorant.
976 2271 1159 2309 Fidelium
1174 2282 1399 2320 quemquam
1418 2269 1529 2305 latere
1547 2280 1622 2305 non
1641 2281 1721 2305 cre-

230 2385 239 2400 “
261 2385 387 2412 Ετόἀότίε
400 2386 532 2422 d'Aragon
545 2389 618 2415 avait
630 2389 672 2415 ete
692 2390 826 2425 proclam&
843 2391 884 2417 roi
902 2391 936 2417 de
985 2391 1080 2425 appela
1094 2389 1204 2415 Charles
1217 2387 1250 2414 de
1265 2388 1354 2414 Valois
1369 2395 1403 2413 en
1423 2387 1499 2413 italie
1517 2394 1586 2421 pour
1606 2386 1630 2412 le
1651 2393 1722 2411 eom-

192 2430 272 2457 Sieile
288 2431 312 2458 le
326 2431 363 2458 513
377 2440 447 2459 mars
463 2433 544 2461 1296.
561 2433 602 2461 On
614 2435 666 2462 snit
676 2443 728 2470 que
739 2436 864 2463 Bonisace
874 2437 935 2463 vn!
986 2437 1082 2463 baure.
