2184 3074
746 317 908 356 CODEX
934 317 1177 357 DUNENSlS.
1680 321 1728 359 89

194 434 407 485 obligando.
434 434 676 472 Renuntiavit
702 434 812 471 etiam
835 434 874 471 in
902 433 1137 485 praescriptis
1163 433 1339 471 omnibus
1365 434 1486 471 dictus
1512 439 1730 485 procurator

194 493 450 545 procuratorio
464 493 615 530 nomine
628 492 716 530 dicti
731 493 874 530 domini
890 493 1035 530 abbatis
1052 493 1156 530 omni
1167 492 1264 542 juris
1278 497 1313 530 et
1328 493 1450 543 legum
1467 493 1608 531 auxilio
1622 506 1729 531 cano·

195 551 269 590 nici
287 555 323 588 et
338 551 476 596 civilis,
494 551 773 598 consuetudini,
792 555 944 595 statuto,
963 551 1158 602 privilegio
1180 551 1268 598 sori,
1283 551 1464 589 beneficio
1486 552 1729 590 restitutionis

195 610 234 647 in
262 610 467 661 integrum,
489 609 745 647 constitutioni
771 609 818 647 de
841 609 988 647 duabus
1013 609 1122 647 dietis
1148 609 1295 647 concilii
1324 609 1524 660 generalis,
1551 610 1727 648 omnibus

195 668 406 719 apostolicis
431 667 579 714 litteris,
607 668 848 719 indulgentiis
872 673 908 705 et
919 668 1009 706 aliis
1030 667 1321 719 quibuscunque
1346 681 1366 705 a
1395 668 1488 705 Sede
1515 668 1726 719 Apostolica

196 725 400 777 impetratis
421 739 463 763 ac
488 727 598 764 etiam
625 727 886 778 impetrandis,
913 731 950 763 et
970 727 1072 763 omni
1095 726 1320 777 exceptioni,
1346 727 1500 774 actioni,
1518 727 1725 764 defensioni

195 798 237 823 ac
257 785 310 823 rei
336 798 431 836 quae
449 785 562 836 objici
585 786 701 837 possit
725 790 853 824 contra
872 786 942 823 hoc
965 785 1254 823 instrumentum
1282 787 1339 823 vel
1369 787 1517 823 sactum.
1546 786 1587 823 ln
1615 786 1726 836 hujus

195 843 320 895 itaque
345 843 398 881 rei
423 844 676 882 testimonium
705 850 741 881 et
761 844 984 882 evidentiam
1010 843 1215 895 pleniorem
1241 857 1414 895 praesens
1438 844 1726 882 instrumentum

194 902 315 940 dictus
330 906 550 953 procurator
565 915 632 939 suo
650 902 772 952 sigillo
790 902 990 940 roboravit.

245 961 376 998 Actum
391 960 562 998 Laterani
579 972 703 997 coram
718 959 791 997 hiis
806 960 961 997 testibus
976 959 1115 996 scilicet
1129 960 1208 1006 tali,
1227 960 1308 1007 tali,
1323 965 1390 997 etc.
1410 960 1455 998 Et
1467 973 1535 1012 ego
1549 960 1725 998 Noclerus

194 1018 410 1056 auctoritate
428 1017 610 1068 imperiali
629 1018 826 1056 scrivarius
849 1017 1047 1069 praedictis
1069 1018 1244 1056 omnibus
1267 1018 1416 1056 interfui
1437 1023 1472 1055 et
1493 1018 1564 1056 hoc
1585 1019 1726 1056 instru-

195 1081 361 1114 mentum
387 1076 518 1126 scripsi
543 1080 579 1113 et
605 1076 787 1127 complevi
814 1080 974 1127 rogatus.

903 1323 1026 1361 LXIV.

225 1437 389 1488 Enquete
411 1451 480 1476 sur
504 1438 554 1477 les
571 1439 693 1477 eludes
712 1440 820 1490 faites
840 1440 862 1476 ἀ
883 1439 1041 1490 Boloqne
1058 1452 1143 1477 sous
1162 1439 1194 1477 le
1210 1439 1358 1477 docteur
1374 1440 1568 1478 Marsilius
1588 1443 1597 1460 ¹
1619 1453 1695 1490 par

517 1497 773 1535 Bonaventure
789 1498 833 1535 de
850 1499 978 1543 Rome,
997 1497 1174 1535 chanoine
1190 1498 1234 1535 de
1252 1499 1404 1549 Bruqes.

240 1687 364 1725 Testes
386 1688 521 1739 recepti
545 1701 611 1738 per
631 1702 689 1726 me
706 1689 902 1726 dominum
921 1690 1120 1727 Mascarem
1144 1689 1329 1726 notarium
1350 1689 1626 1739 infrascriptum
1654 1688 1724 1725 sub

191 1747 360 1784 examine
386 1746 534 1784 discreti
558 1747 628 1783 viri
652 1747 804 1794 Leonis,
830 1748 958 1785 vicarii
984 1747 1175 1785 reverendi
1203 1748 1318 1798 patris
1343 1747 1486 1784 domini
1513 1746 1723 1792 Octaviani,

190 1804 258 1841 Dei
271 1804 399 1854 gratia,
412 1804 659 1843 Bononiensis
673 1805 850 1857 episcopi,
866 1806 1103 1844 currentibus
1117 1806 1224 1843 annis
1241 1805 1393 1843 Domini
1409 1805 1460 1842 Μο
1474 1805 1547 1842 CC⁰
1563 1805 1723 1851 LXXX0,

191 1861 394 1899 indictione
420 1863 551 1912 quinta
582 1863 744 1911 decima,
772 1865 832 1902 die
857 1865 1002 1902 veneris
1027 1865 1364 1914 vicesimo-quarto
1391 1863 1528 1900 mensis
1561 1863 1723 1900 octobris

191 1932 303 1970 super
322 1919 418 1957 infra
435 1920 572 1972 scripta
591 1921 814 1970 intentione,
833 1923 939 1972 cujus
958 1927 1065 1960 tenor
1084 1923 1165 1959 talis
1184 1926 1238 1959 est
1254 1937 1261 1958 :

240 1978 372 2016 Coram
388 1979 494 2016 vobis
509 1979 662 2017 domino
677 1980 817 2027 Leone,
836 1981 974 2019 vicario
989 1981 1212 2018 venerabilis
1226 1979 1341 2030 patris
1355 1978 1497 2015 domini
1513 1978 1722 2025 Octaviani,

191 2037 257 2075 Dei
274 2038 391 2087 gratia
411 2038 659 2077 Bononiensis
682 2040 864 2091 episcopi,
885 2041 1046 2078 intendit
1068 2040 1227 2090 probare
1247 2037 1422 2075 dominus
1444 2037 1724 2083 Bonaventura,

189 2095 390 2134 canonicus
403 2096 728 2148 Brugensis,quod
744 2111 842 2136 anno
858 2099 1008 2136 Domini
1024 2098 1152 2136 M⁰CC⁰
1166 2096 1358 2142 Lxxxw,
1369 2094 1572 2131 indictione
1581 2095 1726 2145 quinta-

191 2154 334 2192 decima
351 2154 397 2192 de
414 2167 540 2192 mense
551 2155 650 2206 junii
670 2157 709 2194 in
728 2158 820 2195 sesto
839 2158 941 2195 Beati
961 2158 1059 2195 Petri
1078 2161 1112 2194 et
1128 2161 1212 2194 ante
1229 2169 1295 2206 per
1309 2166 1472 2191 mensem
1487 2158 1523 2190 et
1540 2153 1637 2190 ultra
1656 2154 1725 2191 suit

191 2213 383 2250 Bononiae
401 2212 440 2249 in
458 2213 582 2251 studio
596 2213 693 2263 juris
711 2215 897 2261 canonici,
915 2215 1015 2252 dicto
1033 2214 1157 2252 studio
1178 2213 1369 2256 insistens3
1384 2211 1430 2248 ad
1443 2211 1545 2262 quod
1560 2212 1725 2262 proban-

191 2270 282 2308 dum
301 2275 409 2308 testes
427 2270 680 2322 infrascriptos
699 2274 893 2324 producit,
911 2287 1007 2324 quos
1025 2273 1117 2324 petit
1138 2271 1251 2321 recipi
1271 2275 1305 2308 et
1323 2269 1526 2307 examinari
1545 2274 1581 2307 et
1598 2270 1726 2321 publi-

228 2389 238 2403 ¹
259 2389 392 2416 Marsilius
413 2390 446 2417 dc
465 2390 572 2418 Paduue
593 2391 633 2418 fut
650 2392 703 2419 l’un
724 2393 770 2419 des
787 2394 848 2428 plus
865 2393 935 2420 ce'le-
986 2394 1122 2420 plusieurs
1135 2393 1168 2419 de
1181 2401 1222 2419 ses
1238 2398 1368 2426 ouvrages
1381 2394 1429 2417 out
1443 2389 1484 2417 ete
1499 2390 1642 2425 imprimes.

192 2434 252 2462 brcs
265 2435 389 2463 doeteurs
403 2437 438 2464 du
453 2443 679 2466 commencement
701 2440 737 2466 du
755 2440 830 2466 XlV‘
847 2441 934 2467 siecle.

1531 2485 1577 2520 ¹2
