2184 3074
691 290 853 329 CODEX
878 290 1121 329 DUNENSIS.
1604 290 1670 327 251

144 417 274 455 tolicae
307 413 410 454 Sedis
445 412 552 464 legati
587 410 861 450 communicato
896 409 1052 447 consilio
1087 423 1107 446 a
1141 409 1292 447 cacteris
1327 413 1361 446 te
1393 409 1677 448 difficultatibus

143 474 332 526 explicans
349 472 397 509 ad
413 469 639 508 veniendum
654 468 693 506 in
707 468 868 506 Ytaliam
887 473 1066 519 apparatu
1086 467 1181 518 regis
1199 467 1402 518 accingaris
1424 473 1460 505 et
1477 467 1626 506 festines
1645 472 1678 504 te

143 533 189 570 ad
203 531 456 583 apostolorum
479 528 608 566 limina
627 527 704 564 Deo
723 526 817 563 duce
835 527 1002 563 conferre
1021 525 1176 573 ibidem,
1199 526 1295 563 circa
1315 526 1448 564 festum
1471 526 1678 564 Nativitatis

143 589 362 628 Dominicae
375 587 547 639 proximo
562 591 777 631 venturum,
796 589 1010 635 recepturus
1024 585 1278 635 sollempniter
1290 584 1338 622 de
1351 585 1524 623 manibus
1544 585 1679 623 nostris

146 647 297 700 imperii
319 646 514 696 dyadema.
537 645 586 683 Ut
611 648 733 681 autem
760 643 882 680 omnis
906 643 1101 694 praecedat
1124 643 1456 695 circunspectionis
1480 643 1679 695 prudentia

145 706 291 758 gressus
308 709 408 751 tuos,
426 703 542 754 aliqui
564 703 634 740 viri
661 701 858 754 prudentia
877 707 912 739 et
929 702 1146 740 auctoritate
1170 702 1381 753 praesignes
1399 706 1486 740 sunt
1503 702 1541 739 in
1560 706 1681 753 partes

145 765 289 803 Y'taliae
305 762 584 816 praemittendi,
598 762 663 813 qui
682 762 780 799 viam
804 765 889 799 ante
911 761 1042 798 faciem
1065 766 1165 799 tuam
1191 761 1350 799 strenuis
1373 761 1682 813 dispositionibus

146 827 406 876 praeparantes
424 822 463 860 in
484 821 706 873 recipiendis
728 819 916 858 fidelitatis
937 826 973 858 et
992 820 1074 858 aliis
1092 821 1314 870 juramentis
1332 821 1480 858 interim
1495 820 1614 857 vicem
1629 819 1681 857 tui

147 882 310 921 nominis
322 884 565 933 exequantur.
573 880 779 926 Caeterum,
789 891 874 916 cum
889 891 1021 916 manus
1033 878 1182 916 Domini
1197 884 1231 916 te
1240 884 1408 930 potenter
1422 879 1556 917 exaltet
1571 884 1611 916 ut
1619 891 1685 930 per

147 942 301 979 devotae
322 939 540 984 humilitatis
562 938 785 990 obsequium
811 937 907 975 hanc
930 937 1224 984 vicissitudinem
1243 939 1321 976 Deo
1340 938 1520 990 rependas
1542 937 1683 975 auctori

147 999 251 1051 quod
278 997 541 1036 habundanter
570 996 699 1034 affluas
731 996 1028 1034 mansuetudinis
1052 996 1172 1047 regiae
1197 997 1392 1034 clementia
1422 997 1518 1034 circa
1540 1009 1700 1041 omnes„

149 1070 236 1096 cura
259 1069 362 1108 ergo,
379 1059 623 1106 quaesumus,
650 1054 843 1093 karissime
864 1054 935 1101 fili,
954 1067 1201 1105 quoscunque
1220 1055 1344 1092 studio
1363 1069 1439 1106 quo
1459 1054 1613 1106 poteris,
1639 1053 1685 1091 ad

149 1121 250 1154 tuam
272 1114 561 1152 benivolentiam
588 1118 624 1151 et
644 1114 799 1164 gratiam
818 1113 1040 1164 quantocius
1067 1126 1238 1151 revocare
1263 1113 1473 1152 miserendo
1491 1114 1629 1165 pariter
1650 1117 1686 1150 et

152 1173 355 1226 parcendo,
375 1173 426 1211 ita
446 1173 550 1224 quod
569 1177 603 1210 te
620 1173 761 1210 malum
779 1172 818 1210 in
835 1172 936 1210 bono
953 1172 1125 1209 vincente
1145 1177 1182 1209 et
1198 1172 1237 1209 in
1262 1172 1403 1210 meritis
1427 1172 1539 1209 etiam
1558 1172 1684 1209 muni-

154 1232 322 1270 ficentiae
341 1235 424 1269 tuae
441 1231 640 1282 pollicente
661 1230 910 1277 clementiam,
932 1230 979 1267 ad
1000 1235 1034 1267 te
1057 1230 1110 1268 tui
1134 1226 1259 1267 venire
1283 1235 1464 1281 cogantur
1485 1229 1685 1268 adversarii

156 1291 261 1329 tracti
275 1290 443 1328 funiculo
455 1289 577 1340 regiae
589 1289 776 1327 bonitatis.
793 1289 930 1326 Datum
949 1289 1148 1340 Anagniae.

863 1410 983 1422 ψ’

860 1556 997 1594 CLXll.

344 1673 473 1712 L’abbe'
489 1673 533 1711 de
553 1672 700 1710 Thosan
713 1678 765 1710 est
781 1673 944 1710 autorise'
961 1673 983 1709 ιὶ
1002 1673 1104 1709 cre'er
1122 1672 1183 1709 des
1201 1678 1320 1710 rentes
1337 1674 1512 1723 viaqeres.

210 1878 494 1916 Considerantes
520 1877 623 1928 quod
649 1877 775 1927 gravia
802 1877 1006 1915 infortunia
1030 1882 1066 1914 et
1094 1877 1284 1928 inopinata
1304 1877 1498 1927 dispendia
1518 1882 1691 1914 vestram.

163 1938 266 1990 quod
294 1936 554 1988 compatiendo
587 1935 800 1982 referimus,
828 1936 866 1972 in
893 1940 1037 1973 tantum
1065 1935 1267 1973 afflixerint
1293 1936 1500 1981 ecclesiam,
1533 1936 1695 1972 Domino

161 1998 415 2050 permittente,
434 1997 537 2048 quod
561 1996 607 2033 de
625 1996 754 2034 vestris
773 1997 1016 2047 proventibus
1034 1996 1080 2033 ad
1099 2009 1272 2048 praesens
1291 2009 1358 2033 nec
1375 1996 1573 2033 sustentari
1594 2009 1698 2033 com-

165 2057 289 2104 mode,
307 2069 375 2094 nec
392 2055 522 2094 vestris
537 2060 789 2107 competenter
803 2055 972 2094 sufficere
990 2055 1237 2094 creditoribus
1256 2056 1424 2100 valeatis,
1445 2068 1527 2102 nos,
1544 2055 1613 2093 viis
1631 2068 1697 2092 ex-

165 2115 313 2167 quisitis
331 2119 367 2152 et
384 2114 505 2152 modis
523 2113 786 2165 quibus.vobis
804 2118 839 2151 et
857 2119 997 2152 vestrae
1015 2114 1188 2151 ecclesiae
1207 2114 1324 2164 possit
1341 2113 1470 2151 utilius
1478 2113 1698 2159 ,subvenit-i,

166 2174 272 2212 vobis
297 2173 344 2210 ad
369 2172 549 2209 humilem
575 2176 734 2210 vestram
754 2178 963 2223 requestam
982 2172 1199 2209 auctoritate
1223 2176 1378 2222 paterna
1401 2171 1640 2210 concedimus
1657 2178 1699 2210 ut

166 2234 212 2270 de
230 2236 436 2270 vestrorum
461 2230 650 2268 seniorum
677 2230 834 2268 consilio
852 2235 888 2268 et
905 2244 1057 2269 assensu
1077 2230 1274 2282 pensiones
1298 2230 1344 2268 ad
1362 2230 1477 2268 vitam
1504 2230 1699 2269 hominum

166 2303 286 2342 usque
311 2289 357 2327 ad
387 2301 572 2327 summam
600 2288 657 2326 CC
688 2289 869 2327 librarum
902 2290 1094 2326 annuatim
1125 2289 1311 2326 vendendi
1347 2288 1513 2327 habeatis
1546 2289 1700 2342 liberam

166 2349 393 2395 facultatem,
419 2347 669 2399 praesentium
701 2348 914 2386 testimonio
942 2348 1148 2397 litterarum
1173 2348 1312 2399 quibus
1340 2351 1508 2385 nostrum
1537 2347 1700 2398 sigillum

168 2407 345 2446 duximus
364 2405 642 2458 apponendum.
1625 2401 1628 2402 ⁷
