2184 3074
713 282 874 320 CODEX
901 282 1146 322 DUNENSlS.
1622 285 1694 322 237

158 406 268 445 tores,
293 401 589 452 perturbatores,
621 399 863 451 impedientes
891 403 926 436 et
957 399 1164 450 praedictae
1195 404 1352 437 temerae
1379 399 1692 450 praesumptionis

155 464 454 511 praesumptores
473 463 515 496 ut
537 459 632 495 infra
647 462 785 509 septem
806 458 884 495 dies
903 463 987 508 post
1004 463 1161 495 vestram
1190 459 1433 495 monitionem
1465 458 1631 495 redditus
1657 462 1690 494 et

151 519 236 569 jura
253 518 377 556 debita
396 518 443 555 ab
461 517 512 555 eis
533 522 661 554 curato
680 516 869 567 praedicto
887 517 1033 554 solvant
1047 522 1081 553 et
1095 517 1268 563 reddant,
1283 522 1318 554 et
1339 517 1510 554 eumdem
1530 516 1690 567 presby-

155 583 274 615 terum
290 576 451 628 gaudere
468 575 622 627 pacifice
639 575 856 626 permittant
880 574 1036 621 eisdem2
1064 580 1176 625 prout
1197 575 1349 621 debent,
1368 575 1586 626 dictumque
1601 587 1689 624 spo-

154 636 322 674 liatorem
338 639 380 671 ut
393 634 516 685 ipsum
531 638 700 670 curatum
716 633 762 670 ad
778 633 914 670 dictam
931 647 1035 670 suam
1051 634 1320 684 possessionem
1331 634 1386 671 vel
1401 634 1506 685 quasi
1522 633 1687 670 restituat

154 697 407 744 competenter
423 696 459 729 et
477 692 659 729 fructibus
682 696 799 743 terrae
823 692 1031 742 praedictae
1056 693 1218 742 gaudere
1245 693 1398 743 pacifice
1417 693 1595 744 patiatur,
1615 696 1650 728 et
1669 705 1687 727 a

154 753 436 805 perturbatione
467 756 503 789 et
531 751 799 802 impedimento
825 752 1023 802 praedictis
1049 765 1135 789 cum
1167 752 1299 789 effectu
1326 752 1492 795 desistatff
1520 750 1687 801 alioquin

153 814 276 864 ipsum
296 825 358 850 seu
379 811 480 862 ipsos
498 811 564 862 qui
584 814 730 847 nostrae
760 810 956 847 monitioni
989 810 1199 860 praedictae
1229 810 1519 862 contempserint
1537 809 1690 847 obedire

153 884 217 909 seu
235 883 375 922 parere,
393 882 479 906 cum
494 869 625 906 effectu
640 868 970 905 excommunicetis
986 868 1023 905 in
1038 869 1198 919 generali
1214 869 1335 920 palam
1354 875 1389 906 et
1409 869 1559 920 publice
1577 873 1613 904 et
1629 880 1688 904 ex-

153 928 445 966 communicatos
463 926 701 964 denuntietis.
720 927 763 964 Et
779 927 808 963 si
823 926 960 964 dictam
975 927 1370 965 excommunicationis
1384 927 1603 964 sententiam
1622 938 1690 975 per

152 986 382 1038 quindenam
402 998 477 1022 non
497 985 778 1022 formidaverint
798 985 994 1031 sustinere,
1017 999 1081 1022 vos
1103 986 1270 1023 eamdem
1290 984 1687 1023 excommunicationis

155 1044 374 1082 sententiam
395 1044 433 1081 in
459 1057 544 1081 eum
563 1044 620 1081 vel
653 1057 715 1081 eos
745 1043 902 1094 singulis
920 1044 1052 1082 diebus
1078 1045 1276 1083 dominicis
1294 1050 1329 1082 et
1349 1045 1502 1090 festivis,
1525 1044 1688 1081 candelis

154 1102 334 1149 accensis,
354 1102 543 1153 campanis
562 1102 730 1154 pulsatis,
751 1102 788 1139 in
805 1103 897 1140 facie
910 1107 1114 1140 vestrarum
1129 1104 1365 1141 ecclesiarum
1382 1104 1476 1140 infra
1492 1103 1687 1140 missarum

154 1161 375 1212 sollempnia
393 1161 576 1198 innovetis
593 1165 630 1198 et
644 1161 848 1211 aggravetis
877 1161 913 1197 in
934 1161 1082 1198 eosdem
1106 1175 1169 1199 seu
1197 1162 1234 1199 in
1259 1161 1418 1199 eundem
1449 1162 1485 1198 in
1511 1161 1688 1211 generali.

155 1220 368 1257 intimantes
386 1219 523 1257 eisdem
539 1233 604 1257 seu
622 1219 742 1256 eidem
763 1219 799 1256 in
815 1220 975 1270 generali
996 1220 1025 1257 si
1045 1220 1182 1257 dictam
1197 1219 1594 1257 excommunicationis
1611 1231 1691 1255 sen·

155 1279 306 1316 tentiam
325 1278 364 1315 in
382 1291 420 1315 se
438 1277 673 1329 permiserint
691 1290 755 1314 seu
773 1277 984 1327 permiserit
1003 1278 1171 1315 innovari
1191 1292 1256 1315 seu
1274 1278 1481 1329 aggravari,
1500 1277 1602 1327 quod
1622 1290 1688 1314 nos

151 1341 278 1375 contra
297 1349 359 1374 eos
372 1349 437 1374 seu
450 1340 578 1373 contra
592 1348 677 1372 eum
691 1339 833 1386 quanto
850 1335 972 1372 acrius
989 1336 1036 1372 de
1049 1336 1134 1386 jure
1148 1336 1368 1387 poterimus,
1383 1349 1449 1386 per
1463 1335 1583 1385 majus
1597 1348 1687 1371 ana-

153 1396 276 1434 thema
294 1395 350 1432 vel
378 1408 445 1445 per
461 1394 614 1431 modum
635 1393 908 1444 inquisitionis,
926 1399 1039 1444 prout
1052 1395 1196 1444 justum
1216 1394 1341 1439 suerit2
1366 1394 1628 1445 procedemus..
1653 1397 1689 1430 et

154 1467 248 1507 quos
266 1453 471 1504 culpabiles
489 1452 722 1490 inveniemus
741 1457 918 1502 tanquam
938 1453 1141 1491 haereticos
1157 1459 1191 1490 et
1211 1453 1259 1490 de
1275 1453 1348 1491 fide
1366 1458 1555 1503 suspectos
1569 1452 1690 1489 taliter

154 1513 355 1565 puniemus
377 1511 480 1562 quod
503 1511 565 1549 alii
585 1515 723 1548 terrore
740 1523 880 1561 poenae
898 1513 1071 1549 coarctati
1098 1517 1315 1563 attemptare
1333 1512 1467 1549 similia
1488 1524 1562 1547 non
1581 1523 1689 1561 prae-

151 1575 309 1610 sument.
339 1571 376 1609 Si
409 1583 497 1607 vero
527 1570 728 1620 quisquam
758 1569 853 1606 alius
887 1582 907 1606 a
937 1569 1037 1607 dicto
1069 1571 1287 1621 presbytero
1320 1571 1358 1607 in
1391 1570 1572 1607 fructibus
1614 1574 1689 1606 ter-

154 1643 215 1668 rae
233 1629 442 1681 praedictae
459 1629 663 1679 quicquam
683 1627 779 1678 juris
805 1628 877 1665 sibi
895 1629 1055 1666 voluerit
1075 1629 1290 1676 vendicare,
1315 1629 1522 1680 praedictos
1546 1629 1688 1665 fructus

152 1701 264 1740 penes
277 1687 460 1725 decanum
480 1715 488 1723 .
509 1715 517 1724 .
535 1686 748 1737 sumptibus
763 1687 979 1724 eorumdem
998 1688 1187 1725 fructuum
1203 1687 1241 1724 in
1258 1701 1370 1724 manu
1388 1691 1575 1738 sequestra
1597 1686 1685 1736 poni

150 1746 325 1783 volumus
342 1750 378 1782 et
396 1745 635 1791 mandamus,
655 1745 826 1782 invocato
843 1746 967 1795 quoad
987 1746 1072 1790 hoc,
1090 1747 1120 1783 si
1140 1746 1252 1783 fuerit
1273 1750 1521 1796 oportunum,
1547 1745 1687 1781 auxilio

91 1840 94 1846 ,
150 1803 294 1842 brachii
311 1803 504 1851 secularis⁷
523 1808 559 1841 et
577 1803 726 1841 eosdem
753 1803 805 1840 sic
838 1809 1085 1854 sequestratos
1108 1817 1257 1841 manere
1283 1804 1455 1841 volumus
1473 1803 1591 1840 donec
1609 1802 1688 1838 dis-

150 1875 299 1900 cussum
314 1862 426 1899 suerit
442 1875 510 1913 per
527 1875 596 1900 nos
613 1862 660 1899 ad
677 1875 790 1913 quem
811 1862 923 1900 iidem
942 1863 1083 1900 fructus
1101 1863 1147 1899 de
1161 1863 1246 1912 jure
1259 1862 1419 1899 debeant
1433 1861 1627 1912 pertinere.
1643 1860 1687 1897 Et

150 1934 191 1958 ea
209 1933 306 1972 quae
323 1920 368 1958 de
386 1921 600 1972 praemissis
618 1925 697 1958 acta
716 1921 871 1968 fuerint7
891 1922 1000 1959 nobis
1016 1922 1236 1959 rescribatis.

1493 2439 1515 2475 01

1519 2439 1540 2473 :A
