2184 3074
727 265 889 304 CODEX
917 264 1156 306 DUNENSlS.
1633 263 1703 300 ¹25

172 383 392 430 Duacensis,
419 382 687 420 Attrebatensis
715 382 905 433 dyocesis,
935 397 978 421 ac
1006 383 1162 421 Michael
1195 384 1244 421 As
1273 383 1494 428 Clockettes,
1526 381 1704 419 canonice

171 440 462 488 Cameracensis,
479 439 623 478 domini
643 452 778 492 papae,
797 442 1004 493 capellano,
1018 441 1163 492 judiees
1183 442 1259 479 sive
1276 445 1508 487 executores,
1528 453 1601 478 una
1619 442 1704 477 cum

173 499 376 540 venerabili
401 499 480 537 viro
506 497 674 536 Arnoldo
701 498 748 536 de
775 499 1018 547 Liedekerke,
1043 499 1271 537 thesaurario
1301 498 1512 545 Lutosensi,
1533 499 1707 536 Camera-

173 557 293 597 censis
312 557 489 604 diocesis,
507 569 594 595 cum
620 556 683 594 illa
708 557 873 596 clausula
897 558 1004 596 vobis
1026 563 1063 596 et
1085 558 1239 595 cuilibet
1256 563 1419 596 vestrum
1439 558 1477 595 in
1499 556 1662 595 solidum
1687 571 1706 594 a

174 616 269 658 Sede
285 615 498 669 Apostotioe
515 615 681 667 deputati
700 629 767 666 per
789 617 926 655 litteras
947 617 1112 667 ejusdem
1137 616 1241 655 Sedis
1263 616 1370 654 vobis
1395 616 1572 662 directas,
1597 629 1710 667 super

175 675 367 715 moderato
379 674 550 713 subsidio
563 674 779 725 pecuniario
793 674 840 712 ad
854 688 948 726 opus
963 675 1180 713 reformatae
1195 675 1296 727 pacis
1309 675 1405 713 inter
1419 675 1709 714 illustrissimum

178 734 386 787 principem
407 739 444 772 ot
465 734 663 774 dominum
689 734 928 785 Philippum,
947 734 1175 772 Francorum
1200 747 1338 786 regern,
1361 748 1406 772 ex
1431 748 1505 772 una
1529 738 1650 785 parte,
1676 739 1711 772 et

178 793 343 832 nobilem
372 807 415 831 ac
444 794 684 845 magnificum
715 793 838 831 virum
864 792 1062 830 dominum
1088 796 1257 830 nostrum
1285 793 1511 839 Robertum,
1539 793 1711 830 comitem

179 853 375 892 Flandriae
401 857 512 904 atque
533 866 639 900 suos,
657 867 702 891 ex
723 853 854 899 altera,
873 852 942 903 ipsi
965 851 1120 889 domino
1142 851 1266 889 comiti
1293 856 1327 889 et
1350 852 1428 890 suis
1449 851 1671 903 praestando
1693 864 1712 889 a

179 913 278 950 clero
295 911 353 950 sui
373 911 586 958 comitatus,
605 916 678 949 tam
698 915 870 961 exempto
888 923 1000 961 quam
1016 923 1092 947 non
1105 914 1293 960 exempto,
1306 923 1535 961 quamquam
1549 924 1594 948 ex
1613 915 1715 962 parte

180 969 481 1008 cisterciensium
507 983 575 1021 per
600 969 817 1008 comitatum
842 968 1073 1020 praedictum
1099 968 1146 1006 de
1165 969 1331 1019 gentium
1351 974 1387 1006 et
1402 969 1611 1019 specialiter
1628 969 1717 1006 reli·

180 1028 372 1081 giosorum
389 1029 556 1066 virorum
576 1029 623 1067 de
641 1029 779 1075 Dunis,
797 1028 844 1066 de
863 1028 1114 1074 Claromonte,
1132 1028 1179 1065 dc
1199 1028 1342 1075 Laude,
1367 1027 1414 1065 de
1437 1028 1586 1066 'rhosan
1612 1032 1647 1065 et
1671 1028 1718 1065 de

183 1088 325 1127 Bodelo
342 1088 519 1126 abbatum
533 1088 700 1139 ejusdem
715 1088 858 1126 ordinis
872 1092 908 1125 et
921 1087 1137 1125 eorumdem
1153 1087 1319 1124 locorum
1335 1090 1604 1132 conventuum,
1620 1086 1716 1123 idem

183 1148 360 1187 dominus
373 1161 496 1186 comes
510 1153 545 1186 et
559 1161 625 1186 vos
641 1161 729 1186 suae
746 1148 884 1199 gratiae
900 1147 977 1185 sive
995 1146 1247 1197 indulgentiae
1261 1146 1406 1196 judices
1421 1159 1486 1183 seu
1504 1149 1717 1183 executores

186 1206 324 1261 pluries
349 1207 518 1258 requisiti
546 1207 708 1251 fueritis,
734 1211 773 1244 et
795 1206 902 1244 vobis
927 1206 1090 1244 extiterit
1114 1205 1306 1243 humiliter
1329 1205 1578 1256 supplicatum
1604 1209 1646 1241 ut
1674 1204 1720 1241 ab

185 1265 378 1304 exactione
403 1265 563 1303 subsidii
591 1265 808 1316 hujusmodi
836 1264 997 1302 habendi
1021 1264 1068 1301 ab
1093 1264 1183 1315 ipsis
1205 1263 1251 1301 ad
1277 1263 1380 1314 quod
1398 1263 1534 1300 virtute
1558 1262 1720 1300 mandati

186 1323 380 1374 apostolici
399 1323 445 1360 ad
463 1336 529 1361 vos
547 1323 677 1361 directi
698 1337 811 1375 super
828 1337 871 1361 eo
890 1323 1044 1360 minime
1061 1323 1277 1374 obligantur
1298 1327 1334 1359 et
1354 1335 1373 1359 a
1400 1321 1723 1372 compulsionibus

188 1381 293 1419 factis
309 1381 368 1419 vel
387 1381 566 1419 faciendis
584 1386 779 1434 propterea
797 1382 939 1419 velletis
958 1395 1101 1419 cessare
1117 1381 1292 1429 omnino,
1310 1386 1352 1418 ut
1373 1380 1579 1426 debebatis,
1599 1385 1633 1417 et
1657 1380 1725 1417 ab·

187 1439 324 1478 stinere
345 1445 538 1491 praetextu
560 1440 650 1478 dicti
669 1440 832 1478 mandati
858 1440 1034 1478 adversus
1052 1440 1152 1492 ipsos
1171 1453 1236 1477 seu
1255 1439 1420 1491 ipsorum
1442 1438 1646 1490 quemlibet
1663 1443 1725 1476 aut

190 1497 335 1536 indulta
352 1498 424 1536 sibi
443 1502 479 1536 et
493 1511 561 1536 suo
579 1498 755 1536 universo
774 1498 898 1536 ordini
916 1498 1125 1550 privilegia,
1145 1499 1183 1536 in
1202 1511 1278 1549 quo
1295 1498 1447 1549 quidem
1467 1497 1642 1535 mandato
1660 1510 1726 1548 per

189 1556 318 1594 eadem
336 1556 408 1594 sibi
427 1569 599 1595 concessa
617 1556 811 1608 privilegia
832 1569 907 1594 non
926 1561 1134 1594 noscuntur
1151 1556 1409 1594 Cistercienses
1426 1556 1542 1607 aliqui
1557 1569 1728 1606 compre-

192 1614 304 1654 hendi
316 1644 325 1662 ,
343 1619 496 1666 propter
513 1615 765 1653 obedientiam
784 1615 869 1653 Scdi
889 1615 1123 1666 Apostolicae
1142 1620 1178 1652 ct
1197 1615 1286 1652 dicti
1312 1614 1455 1653 ordinis
1479 1615 1517 1651 in
1537 1614 1605 1651 hac
1627 1618 1729 1665 parte

192 1673 414 1724 privilegiati
429 1676 671 1711 reverentiam
690 1674 742 1711 nil
760 1674 1013 1725 attemptaturi
1033 1674 1188 1711 ulterius
1204 1674 1262 1711 vel
1281 1673 1413 1711 facturi
1431 1673 1533 1724 quod
1554 1673 1592 1710 in
1610 1672 1729 1710 dictae

193 1733 299 1772 Sedis
318 1733 553 1784 Apostolicae
576 1737 850 1785 contemptum,
871 1733 1057 1771 dictorum
1081 1733 1339 1785 religiosorum
1363 1733 1510 1770 cederet
1534 1732 1728 1782 injuriam.

192 1797 231 1829 et
247 1791 360 1831 totius
378 1791 629 1830 Cisterciensis
642 1792 786 1830 ordinis
800 1792 1072 1843 praejudicium
1087 1797 1123 1829 et
1133 1805 1342 1843 gravamen.
1363 1790 1586 1841 Hujusmodi
1602 1790 1730 1841 requi-

193 1850 392 1888 sitionibus
410 1855 447 1888 et
463 1850 816 1902 supplicationibus,
830 1864 924 1902 quas
940 1851 987 1888 de
1000 1850 1085 1900 jure
1098 1851 1288 1888 debebatis
1303 1855 1339 1887 et
1352 1849 1578 1887 tenebamini
1593 1849 1728 1886 admit-

194 1913 284 1956 tere,
294 1908 482 1946 obauditis
495 1913 531 1946 et
543 1909 692 1960 spretis,
706 1909 981 1960 praedictarum
997 1909 1203 1946 litterarum
1217 1913 1408 1960 praetextu
1424 1908 1529 1945 vobis
1542 1908 1589 1945 ab
1602 1906 1729 1944 eadem

195 1966 291 2005 Sede
309 1967 522 2018 Apostolica
539 1967 786 2015 directarum,
803 1981 900 2019 quae
917 1968 1042 2019 quoad
1062 1967 1277 2018 hujusmodi
1300 1967 1515 2018 petitionem
1542 1970 1576 2003 et
1601 1978 1732 2003 conse-

197 2025 384 2064 cutionem
403 2026 562 2064 subsidii
580 2027 755 2065 virtutem
775 2041 850 2065 non
875 2028 1030 2074 habent,
1050 2041 1118 2065 nec
1135 2027 1271 2064 habere
1291 2030 1466 2078 possunt,
1484 2039 1569 2063 cum
1589 2025 1636 2062 de
1653 2026 1735 2063 Cis-

198 2084 368 2122 terciensi
385 2084 517 2122 ordine
534 2090 570 2123 et
587 2086 818 2136 indulgentia
837 2086 907 2137 ipsi
926 2085 1051 2123 ordini
1071 2087 1183 2132 sacta,
1202 2090 1379 2138 utpatct,
1399 2084 1557 2122 intuenti
1581 2084 1734 2122 cuilibet

201 2142 341 2180 nullam
367 2143 514 2194 plenam
540 2150 576 2182 et
599 2158 831 2196 expressam,
856 2149 900 2182 ut
925 2146 1019 2182 foret
1043 2144 1288 2190 conveniens,
1319 2143 1455 2181 saciant
1485 2143 1732 2181 mentionem.

202 2201 410 2252 praedictos
427 2201 597 2250 abbates,
615 2208 820 2241 conventus
837 2207 874 2241 et
890 2203 1111 2241 monasteria
1129 2215 1171 2239 ac
1195 2201 1412 2239 eorumdem
1438 2202 1516 2239 loca
1542 2206 1578 2239 et
1598 2202 1735 2239 Cister-

202 2261 343 2298 cienses
357 2260 546 2310 quoslibet
562 2275 630 2312 per
641 2261 854 2299 Flandriam
873 2275 958 2299 cum
977 2261 1058 2298 aliis
1078 2261 1280 2307 involvere,
1295 2260 1402 2311 quasi
1420 2259 1640 2312 privilegiati
1661 2274 1735 2298 non

203 2323 325 2357 essent
341 2323 377 2356 et
394 2319 441 2356 ab
459 2319 511 2356 eis
528 2319 575 2356 de
592 2319 704 2367 sacto,
722 2333 807 2357 cum
826 2319 873 2357 de
886 2319 971 2369 jure
989 2332 1064 2356 non
1083 2319 1247 2370 possitis,
1263 2331 1331 2356 nec
1347 2317 1506 2364 debetis,
1521 2318 1737 2369 hujusmodi

204 2377 350 2428 exigere
371 2377 582 2415 subsidium
606 2382 643 2415 et
663 2377 832 2415 obtinere
850 2377 1136 2415 immoderatum
1155 2378 1278 2429 potius
1296 2390 1409 2428 quam
1429 2377 1678 2423 moderatum,
1699 2381 1738 2415 ut
