2184 3074
442 265 515 302 562
992 262 1152 300 CODEX
1179 262 1424 301 DUNENSIS.

443 386 567 419 noster
584 386 619 418 et
636 381 811 418 dominus
829 380 874 417 ad
893 380 1127 417 devotionem
1147 379 1315 416 fidelium
1334 385 1452 417 terrae
1469 385 1616 418 nostrae
1637 386 1673 417 et
1698 381 1787 418 alibi
1813 381 1971 418 aliorum

442 439 538 476 fided
544 439 714 489 ignorum
730 439 795 489 qui
810 438 881 489 piis
894 443 982 475 sunt
996 437 1342 474 conversationibus
1355 441 1392 474 et
1404 437 1719 475 familiaritatibus
1731 438 1840 475 nobis
1850 437 1971 488 juncti

440 497 639 548 respiciens
655 501 777 547 speret
793 510 859 547 per
876 496 1043 546 ipsorum
1062 496 1248 533 orationes
1270 495 1436 533 assiduas
1465 509 1561 534 onus
1589 496 1660 534 sibi
1688 495 1970 534 commissarum

440 555 735 592 sollicitudinum
767 559 986 605 supportare
1019 554 1206 591 salubrius
1239 567 1282 591 ac
1312 554 1446 601 levius,
1477 559 1514 592 et
1544 568 1637 606 quas
1664 555 1848 592 orationes
1873 554 1972 592 idem

440 613 614 650 dominus
639 617 764 650 noster
787 617 910 650 nostra
933 612 1101 663 diligenti
1132 612 1307 650 instantia
1324 613 1405 650 vult
1421 613 1583 664 requiri,
1613 614 1804 664 cupientes
1831 613 1870 650 in
1901 613 1972 650 hoc

440 672 559 708 eidem
576 676 721 721 gratum
739 671 976 721 gratitudinis
1002 671 1176 708 exhibere
1199 671 1408 719 servitium,
1434 672 1624 709 caritatem
1643 676 1800 709 vestram
1825 671 1972 708 attentis

440 730 478 767 in
498 730 659 766 Domino
678 729 850 779 precibus
872 729 1099 779 requirimus
1127 734 1163 766 et
1190 742 1363 779 rogamus
1385 730 1488 767 omni
1514 730 1647 767 affectu
1670 743 1747 781 quo
1773 742 1972 781 possumus

439 788 614 838 quatinus
633 787 862 824 considerata
883 788 1000 838 ipsius
1018 788 1154 824 summi
1174 787 1362 838 pontificis
1386 792 1511 825 sancta
1530 792 1566 825 et
1586 787 1764 825 laudabili
1782 788 1974 825 voluntate

438 859 608 897 quaeque
637 846 683 883 ad
714 851 851 883 vestras
882 846 1067 883 orationes
1084 860 1210 897 gerere
1240 859 1278 884 se
1307 846 1512 897 cognoscit,
1543 846 1704 884 offeratis
1733 851 1770 883 et
1797 845 1919 883 offerri
1951 858 1972 882 a

437 905 566 942 vestris
585 904 746 941 subditis
763 904 904 942 faciatis
923 917 1049 955 preces
1067 904 1214 941 sedulas
1237 904 1355 942 Jhesu
1371 904 1536 949 Christo,
1554 909 1597 941 ut
1615 905 1694 955 ipse
1712 917 1800 942 suae
1822 903 1973 942 virtutis

438 962 694 1012 magnitudine
719 963 898 1000 concedat
919 963 1020 1000 dicto
1039 963 1272 1000 sanctissimo
1291 963 1386 1013 patri
1405 967 1532 1001 nostro
1558 963 1611 1000 sic
1627 976 1754 1013 regere
1769 961 1972 1000 Ecclesiam

437 1026 599 1058 sanctam
619 1035 723 1058 suam
739 1035 781 1058 ac
798 1022 979 1072 populum
998 1022 1214 1059 universum
1230 1021 1454 1058 catholicum
1470 1026 1506 1058 et
1520 1022 1559 1058 in
1575 1035 1662 1059 cura
1675 1020 1971 1058 sollicitudinum

437 1080 507 1116 sibi
528 1080 825 1117 incumbentium
845 1086 918 1117 tam
938 1094 1113 1131 prospere
1127 1093 1213 1117 suos
1227 1085 1330 1117 actus
1346 1080 1506 1131 dirigere
1519 1080 1621 1131 quod
1639 1080 1746 1116 cedat
1762 1079 1808 1116 ad
1823 1078 1970 1116 laudem

435 1144 470 1176 et
500 1139 678 1176 honorem
704 1140 883 1177 Altissimi
914 1153 956 1177 ac
984 1140 1244 1177 exaltationem
1273 1139 1436 1177 nominis
1457 1139 1666 1185 christiani,
1688 1139 1863 1189 ipseque,
1884 1143 1970 1189 post

436 1200 638 1249 praesentis
656 1200 752 1236 vitae
770 1200 955 1238 miseriam
975 1206 1010 1238 et
1029 1201 1194 1238 laborem
1212 1200 1378 1251 requiem
1407 1199 1592 1237 felicitatis
1615 1203 1815 1250 perpetuae
1841 1210 1972 1235 conse-

436 1258 501 1308 qui
534 1263 729 1295 mereatur.
1991 1266 1993 1268 ’

487 1315 533 1353 Ut
549 1316 658 1352 etiam
684 1317 806 1354 dictus
833 1322 937 1368 pater
963 1321 1086 1354 noster
1113 1316 1365 1354 sanctissimus
1391 1316 1430 1353 in
1450 1316 1580 1353 vestris
1598 1316 1669 1366 piis
1687 1314 1920 1352 orationibus
1937 1318 1973 1351 et

436 1374 581 1424 pietatis
612 1375 788 1425 operibus
818 1375 1014 1427 specialius
1044 1375 1336 1421 commendetur,
1360 1388 1379 1411 a
1407 1374 1514 1412 vobis
1540 1373 1701 1425 petimus
1728 1387 1796 1424 pro
1819 1385 1971 1410 munere

436 1433 584 1483 speciali
603 1439 645 1470 ut
659 1434 835 1471 omnibus
852 1439 1016 1471 vestrum
1038 1438 1072 1471 et
1090 1433 1247 1484 singulis
1261 1433 1369 1483 juxta
1387 1436 1522 1469 statum
1541 1432 1742 1482 cujuslibet
1758 1445 1853 1469 onus
1870 1431 1970 1468 salu-

437 1499 512 1530 tare
539 1506 581 1529 ac
604 1494 828 1531 conveniens
846 1494 1042 1531 missarum
1071 1498 1107 1531 et
1125 1493 1352 1544 psalmorum
1383 1505 1466 1528 cum
1486 1492 1567 1528 aliis
1584 1491 1656 1542 piis
1674 1495 1710 1528 et
1727 1490 1869 1528 devotis
1886 1503 1970 1527 ora-

437 1552 601 1589 tionibus
620 1566 687 1602 pro
707 1552 787 1603 ipso
806 1556 842 1589 et
858 1552 929 1589 sibi
949 1552 1156 1589 commissis
1175 1549 1492 1589 sollicitudinibus
1510 1549 1718 1600 specialiter
1721 1577 1899 1586 ........

485 1609 573 1646 Item
594 1610 681 1660 quia
699 1623 767 1661 pro
787 1610 894 1647 firmo
913 1623 1103 1661 speramus
1121 1614 1158 1647 et
1174 1608 1362 1647 credimus
1380 1607 1480 1658 apud
1498 1620 1564 1644 vos
1581 1619 1708 1658 preces
1727 1610 1869 1643 nostras
1887 1605 1970 1642 feli-

435 1669 525 1706 citer
553 1669 738 1716 exaudiri,
762 1683 826 1706 vos
854 1683 1027 1721 rogamus
1053 1675 1095 1707 ut
1120 1669 1222 1721 quod
1249 1668 1295 1705 de
1322 1666 1534 1718 praemissis
1567 1666 1743 1712 feceritis,
1770 1665 1880 1703 nobis
1905 1664 1971 1716 pe'r

434 1731 573 1765 vestras
595 1732 759 1778 patentes
777 1729 916 1766 litteras
931 1729 1150 1767 remandare
1168 1727 1317 1766 curetis.

484 1787 621 1824 Datum
642 1801 740 1824 anno
758 1788 909 1824 Domini
930 1790 981 1826 Μ0
995 1790 1067 1826 CC⁰
1081 1787 1196 1826 Lxxo
1212 1786 1393 1832 secundo,
1412 1784 1473 1822 die
1493 1784 1603 1821 lunae
1621 1789 1705 1834 post
1717 1784 1969 1822 Reminiscm.
