2184 3074
762 307 922 346 CODEX
949 308 1192 348 DUNENSlS.
1677 318 1741 354 1-27

883 482 1077 522 Lxxxvl.

259 599 309 636 Le
333 599 508 638 cardinal
530 599 576 637 de
599 599 1000 640 Sainee-Pudeneienne
1026 606 1035 621 ’
1062 603 1219 640 νόοὶαιηε
1244 603 1294 641 les
1317 606 1461 654 price-es
1487 605 1531 642 de
1557 605 1695 643 Fon-dra.»

858 659 902 696 cle
930 660 1098 697 Citeauae.

258 848 354 887 Viris
373 849 660 901 religiosissimis
677 855 714 889 et
733 852 901 902 patribus
917 853 956 890 in
973 853 1122 892 Christo
1142 854 1345 893 karissimis
1362 857 1418 894 vel
1440 857 1743 895 reverentissimis

206 906 361 947 domino
377 937 509 946 ......
527 908 654 947 abbati
667 909 919 957 cisterciensi,
933 912 1163 963 caeterisque
1176 912 1256 963 ejus
1271 914 1516 952 coabbatibus
1531 915 1568 952 in
1582 916 1742 966 generali

205 964 370 1016 capitulo
392 966 494 1018 apud
523 965 744 1004 cistercium
770 969 1016 1019 congregatis,
1041 970 1154 1008 frater
1171 970 1227 1017 N.‚
1246 971 1482 1009 miseratione
1507 972 1632 1010 divina
1655 978 1743 1010 tune

205 1023 362 1062 Sanctae
382 1023 636 1062 pudentianae
658 1025 855 1076 presbyter
872 1026 1086 1074 cardinalis,
1105 1029 1279 1075 salutem,
1298 1035 1334 1067 et
1353 1029 1401 1067 de
1422 1030 1624 1081 praesentis
1648 1031 1742 1068 vitae

204 1082 438 1120 volubilitate
453 1083 588 1121 misera
601 1083 649 1121 ad
662 1084 900 1123 stabilitatem
913 1099 1113 1136 supernam
1127 1088 1148 1126 J
1153 1087 1359 1126 herusalem
1383 1089 1540 1127 civitatis
1559 1102 1742 1140 supernae

205 1139 361 1179 feliciter
377 1141 582 1192 pervenire.

254 1199 424 1238 Altitudo
448 1199 598 1238 divinae
621 1201 823 1253 sapientiae
841 1202 879 1240 in
898 1203 1194 1255 peregrinatione
1217 1205 1420 1256 praesentis
1437 1206 1622 1244 Ecclesiae
1639 1207 1740 1244 mili-

202 1257 313 1296 tantis
338 1257 529 1310 religiosos
555 1259 655 1298 viros
681 1260 869 1298 ordinavit
893 1266 930 1299 et
957 1262 1083 1312 posuit
1108 1263 1206 1300 sicut
1230 1264 1354 1301 stellas
1380 1277 1457 1302 non
1483 1264 1655 1302 erraticas
1675 1265 1738 1302 sed

203 1316 296 1354 fixas
313 1316 353 1354 in
370 1329 440 1354 suo
457 1317 693 1356 firmamento
711 1324 753 1356 ut
770 1323 806 1356 et
822 1331 952 1357 eorum
970 1321 1261 1359 conversationis
1284 1322 1468 1359 luminosa
1493 1322 1638 1360 claritas
1657 1336 1741 1360 cac·-

203 1378 301 1412 teros
317 1373 358 1412 in
375 1374 542 1419 inferiori
565 1380 670 1426 parte
687 1377 828 1427 positos
847 1377 1075 1415 illuminaret
1097 1383 1133 1416 et
1151 1378 1366 1426 instrueret,
1392 1384 1428 1417 et
1454 1385 1495 1417 ut
1521 1380 1739 1418 mediatores

202 1437 324 1470 essent
348 1433 446 1471 inter
467 1433 590 1472 Deum
616 1439 653 1472 et
683 1434 854 1472 homines
880 1434 977 1473 circa
1008 1436 1280 1475 volubilitatem
1305 1438 1437 1475 mundi
1463 1443 1662 1489 occupatos
1692 1440 1736 1476 ad

203 1490 520 1530 reconciliandum
538 1505 602 1530 eos
617 1493 698 1530 Deo
716 1497 752 1530 et
772 1492 1004 1531 offerendum
1022 1507 1091 1545 pro
1110 1494 1200 1546 ipsis
1218 1496 1417 1546 placabiles
1437 1496 1574 1534 hostias
1596 1502 1632 1534 et
1653 1510 1738 1535 ora—

203 1549 322 1588 tiones
339 1549 510 1597 devotas,
530 1555 571 1588 ut
586 1550 690 1602 quod
710 1550 787 1588 suis
805 1563 881 1588 non
901 1557 1058 1602 possunt
1076 1553 1234 1598 meritis,
1255 1567 1384 1591 eorum
1404 1554 1576 1605 precibus
1595 1556 1737 1593 valcant

202 1608 303 1659 apud
320 1607 553 1646 Altissimum
576 1609 787 1661 impetrare.
805 1609 898 1647 Cum
919 1609 1044 1660 igitur,
1064 1615 1186 1662 patres
1203 1605 1519 1659 reverendissimi,
1538 1613 1739 1663 praesentis

202 1666 335 1704 mundi
362 1665 583 1705 instabilitas
607 1667 789 1718 praedicit
814 1680 890 1705 non
918 1668 1037 1706 littera
1068 1669 1132 1706 sed
1159 1670 1290 1708 effectu
1317 1670 1378 1708 hic
1405 1684 1472 1709 nos
1501 1683 1575 1708 non
1605 1670 1740 1708 habere

202 1729 412 1763 manentem
430 1725 616 1764 civitatem
636 1726 701 1764 sed
719 1726 883 1764 suturam
906 1726 1042 1764 debere
1067 1728 1275 1778 inquirere,
1296 1729 1542 1767 necessarium
1567 1734 1621 1767 est
1646 1729 1739 1766 ‹luc-

201 1789 299 1823 tores
323 1789 360 1822 et
382 1784 570 1835 adjutores
592 1784 730 1823 habere
751 1785 790 1822 in
809 1786 1067 1836 praesentibus
1086 1787 1246 1825 tenebris
1264 1788 1310 1825 ad
1329 1788 1427 1825 viam
1445 1787 1564 1825 dictae
1582 1788 1738 1825 civitatis

201 1842 464 1894 inquirendam
489 1847 526 1880 et
549 1848 730 1895 perpetuo
756 1844 1031 1894 possidendam.
1060 1845 1183 1893 Quare
1213 1846 1319 1884 vobis
1344 1846 1522 1884 duximus
1549 1846 1739 1884 humiliter

202 1901 508 1953 supplicandum,
526 1901 660 1940 affectu
677 1915 753 1953 quo
767 1915 966 1953 possumus
980 1903 1151 1954 ampliori
1168 1909 1336 1955 rogantes
1351 1910 1534 1955 quatenus
1547 1918 1615 1955 pro
1630 1904 1737 1941 nobis

203 1959 438 2011 interpellare
455 1960 576 1997 Deum
594 1959 800 2011 dignemini
820 1965 861 1998 ut
876 1960 984 1998 nobis
998 1961 1173 2012 dignetur
1186 1963 1311 1999 lumen
1325 1962 1463 2013 gratiae
1475 1976 1562 2000 suae
1575 1962 1735 1999 clemen·

205 2024 259 2057 ter
276 2018 474 2056 infundere
489 2018 535 2055 ad
549 2031 635 2056 vere
652 2019 947 2070 cognoscendam
965 2024 1002 2057 et
1018 2021 1239 2058 currendam
1259 2022 1355 2058 viam
1374 2021 1532 2058 civitatis
1550 2021 1607 2058 sui
1627 2021 1734 2058 habi-

203 2077 332 2124 taculi,
358 2077 412 2115 sic
436 2077 580 2128 agendo
605 2077 644 2115 in
671 2077 740 2115 hac
768 2078 842 2115 vita
867 2082 910 2115 ut
934 2077 1026 2115 illud
1059 2092 1255 2128 possumus
1289 2080 1417 2117 vestris
1446 2079 1734 2129 suffragantibus

203 2136 434 2174 orationibus
453 2136 741 2174 misericorditer
758 2137 925 2188 adipisci.

241 2255 247 2268 ¹
271 2254 479 2281 Prubablcmcnt
492 2256 515 2281 le
528 2255 647 2282 cardinal
658 2255 764 2282 ,Νι-ὀψο
776 2257 922 2288 Asculano,
937 2257 1032 2291 depuis
1045 2264 1112 2291 pape
1126 2264 1187 2282 sous
1202 2256 1225 2281 Ιι·
1241 2264 1300 2282 nom
1312 2256 1344 2282 dc
1360 2255 1463 2282 Nicolas
1477 2256 1521 2282 lV.

921 2377 1020 2387 ⁴...-
