2184 3074
709 258 868 296 conssx
894 257 1140 296 DUNENSlS.
1623 260 1693 297 383

166 378 410 415 iun-summum
429 376 643 428 pontificem
661 379 873 426 assumptus
898 373 1037 420 extitit,
1063 373 1205 424 quique
1230 374 1277 411 ad
1304 374 1484 412 honorem
1502 375 1587 421 Dei,
1607 376 1693 414 lidei

165 435 506 478 corroborationem
523 447 565 472 ac
583 433 852 471 haereticorum
866 431 1129 471 exterminium
1150 432 1284 470 multas
1301 432 1419 470 edidit
1431 433 1694 479 sanctiones,et

165 496 238 531 tam
254 493 292 531 in
307 493 529 531 celebrando
542 493 738 533 missarum
753 491 973 542 sollempnia
986 490 1179 541 etreliqua
1194 490 1319 533 divina
1334 491 1455 529 officia
1473 493 1690 537 exercendo,

163 564 276 602 quam
292 552 330 589 in
343 550 693 602 praedicationibus,
701 549 859 600 aliisque
871 549 980 586 bonis
993 549 1169 600 operibus
1183 549 1358 587 faciendis
1372 549 1476 600 signa
1489 550 1691 589 catholicae

165 611 352 664 religionis
369 611 423 648 sic
440 611 591 662 publice
607 609 774 647 noscitur
789 609 1012 652 ostendisse,
1030 621 1072 646 ac
1094 612 1168 646 tam
1191 614 1275 646 ante
1287 622 1400 660 quam
1420 615 1504 660 post
1518 624 1689 662 assump-

165 668 301 706 tionem
321 668 536 718 hujusmodi
555 668 594 705 in
613 667 774 718 praefata
793 667 894 704 curia
909 671 945 704 et
960 667 1069 704 etiam
1087 671 1189 704 extra
1203 680 1282 704 eam
1298 672 1373 704 ,tam
1389 668 1426 704 in
1443 668 1552 706 dictis
1567 669 1688 719 regnis

163 724 340 764 hannoiae
352 730 389 767 et
401 726 555 777 Angliae
567 738 679 777 quam
694 725 776 762 aliis
789 725 946 763 diversis
959 725 1090 762 mundi
1105 725 1291 775 partibus,
1305 731 1504 776 antequam
1520 740 1688 765 summus

162 784 328 835 pontifex
352 784 475 830 lieret,
498 797 584 822 cum
610 784 700 821 viris
725 783 951 820 auctoritatis
975 782 1133 820 eximiae
1155 782 1346 820 catholicis
1371 789 1408 821 et
1435 785 1688 823 ecclesiasticis

162 847 417 889 conversatus,
443 843 628 880 alumnus·
641 841 815 880 ecclesiae
836 841 1056 886 catholicae,
1079 846 1190 891 prout
1207 841 1423 892 apparebat,
1440 844 1688 882 communiter

161 910 306 951 semper
317 900 427 947 vixit,
441 899 628 951 praedicta
642 899 794 938 veritate
807 899 948 938 subniti
971 899 1180 936 nullatenus
1194 899 1436 937 crederemus.
1454 901 1549 948 Quia
1564 906 1685 941 tamen

161 958 300 996 crimen
323 958 532 1005 haereseos,
557 958 661 1008 quod
685 963 741 996 est
766 957 862 1005 inter
882 962 1001 995 cetera
1021 958 1177 994 erimina
1201 958 1284 1008 plus
1303 958 1551 1006 horrendum,
1569 962 1686 1012 magis

161 1017 384 1063 execrabile,
403 1017 595 1068 magisque
608 1017 823 1054 detestabile
836 1030 878 1053 ac
890 1017 1155 1067 dampnosum,
1170 1022 1296 1054 eontm
1311 1017 1451 1055 dictum
1467 1019 1685 1069 praedeces-

160 1084 280 1112 sorem
295 1079 462 1112 nostrum
476 1075 707 1126 oppositum,
722 1074 992 1112 dissimulando
1002 1074 1251 1112 indiscussum
1266 1075 1427 1126 relinqui
1444 1089 1520 1114 non
1537 1077 1682 1122 debeat,

160 1130 204 1170 a'c
226 1132 379 1183 praelati
400 1132 514 1182 regis,
537 1132 772 1183 aliorumque
797 1132 982 1169 nobilium
1005 1132 1279 1182 praedictorum
1300 1133 1492 1179 instantia,
1516 1139 1552 1171 et
1575 1148 1622 1172 ne
1645 1136 1684 1173 in

160 1191 396 1229 Sacrosancta
410 1191 575 1228 Romana
588 1190 766 1236 Ecclesia,
790 1203 886 1241 quae
903 1194 1019 1227 mater
1031 1195 1086 1227 est
1097 1195 1315 1227 cunctorum
1330 1190 1628 1230 christifidelium
1647 1200 1685 1231 et

160 1249 351 1300 magistra,
365 1262 536 1299 quaeque
552 1248 694 1286 cunctis
710 1248 911 1286 catholicae
928 1248 1116 1299 religionis
1135 1248 1267 1285 tribuit
1280 1262 1467 1295 normam,
1482 1263 1682 1301 veramque

158 1304 364 1345 doctrinam
389 1306 475 1344 fidei
493 1306 738 1353 orthodoxae,
755 1306 950 1344 videamur
967 1307 1153 1357 negligere
1168 1306 1270 1357 quod
1290 1306 1328 1343 in
1353 1307 1434 1344 aliis
1452 1308 1563 1345 debet
1581 1309 1682 1346 dirae

159 1379 335 1404 censurae
357 1364 555 1402 acerbitate
581 1364 794 1415 dampnari,
819 1365 909 1402 dum
940 1365 1063 1402 adhuc
1085 1378 1170 1401 cum
1192 1365 1378 1415 praedicta
1400 1366 1502 1403 curia
1528 1367 1686 1405 Pictavis

158 1437 338 1471 essemus,
361 1423 533 1474 praefatis
557 1423 835 1474 oppositoribus
859 1423 1085 1461 audientiam
1111 1423 1287 1461 duximus
1314 1424 1607 1471 concedendam,
1634 1427 1686 1463 eis

159 1483 317 1534 primam
337 1482 437 1519 diem
451 1481 652 1531 juridicam
672 1486 755 1532 post
773 1482 906 1519 festum
925 1481 1198 1519 Purificationis
1217 1483 1350 1519 Beatae
1372 1482 1506 1519 Mariae
1523 1482 1685 1534 Virginis

159 1541 330 1592 proximo
343 1541 422 1591 jam
436 1543 702 1579 transacturam
720 1540 767 1577 ad
781 1540 1072 1590 comparendum
1086 1553 1209 1577 coram
1225 1540 1333 1577 nobis
1348 1540 1529 1577 Avinione
1539 1570 1549 1587 ,
1563 1554 1684 1591 quan-

160 1603 239 1636 tum
259 1602 295 1635 et
311 1601 421 1648 prout
439 1601 532 1634 esset
548 1597 594 1634 de
609 1597 694 1646 jure
712 1596 750 1634 in
770 1597 850 1647 ipso
868 1597 1015 1647 negotio
1029 1597 1305 1648 procedendum
1328 1598 1565 1648 assignantes.
1587 1600 1681 1647 Quia

159 1669 245 1693 vero
263 1659 414 1706 propter
431 1654 574 1692 labores
597 1655 771 1692 itinerum
796 1659 830 1692 et
857 1655 927 1692 alia
952 1655 1204 1692 incumbentia
1224 1657 1368 1706 negotia
1395 1669 1490 1707 quae
1518 1662 1683 1707 postmo-

160 1714 250 1751 dum
270 1713 504 1763 ingruerunt,
522 1716 558 1749 et
574 1712 788 1763 praesertim
807 1718 958 1763 propter
975 1726 1146 1763 magnam
1169 1713 1508 1764 distemperantiam
1534 1715 1627 1752 aeris
1649 1722 1683 1752 et

161 1771 425 1822 impedimenta
443 1770 585 1807 nivium
605 1775 641 1807 et
658 1784 838 1821 aquarum
851 1800 860 1817 ,
884 1784 952 1808 nos
971 1776 1059 1808 tunc
1076 1771 1184 1808 dictis
1212 1772 1292 1808 loco
1315 1777 1351 1809 et
1372 1772 1529 1809 termino
1550 1774 1683 1823 nequi—

160 1830 282 1867 vimus
301 1829 476 1867 interesse
485 1858 495 1875 ,
507 1832 660 1879 propter
671 1830 774 1880 quod
787 1829 928 1867 dictum
945 1830 1144 1867 terminum
1159 1830 1258 1879 juste
1270 1830 1426 1879 contigit
1438 1831 1681 1870 circumduci.

161 1887 275 1925 nichil
301 1888 463 1932 volentes
481 1887 577 1937 juris
599 1887 804 1938 exigentiae
830 1888 868 1925 in
899 1887 968 1925 hac
994 1892 1096 1937 parte
1121 1887 1353 1934 subtrahere,
1376 1887 1438 1924 sed
1463 1888 1532 1926 iter
1558 1889 1682 1939 potius

160 1948 317 1998 aperire,
333 1946 610 1997 infrascriptum
629 1946 783 1983 modum
810 1947 949 1984 citandi
967 1947 1186 1997 praemissos
1203 1952 1239 1983 et
1263 1960 1392 1984 omnes
1414 1947 1508 1984 alios
1527 1948 1593 1999 qui
1612 1961 1682 1999 op-

160 2004 334 2056 ponendo
358 2005 416 2041 vel
445 2004 679 2042 defendendo
703 2018 769 2041 sua
794 2005 1008 2055 putaverint
1032 2005 1220 2051 interesse,
1251 2005 1297 2042 de
1321 2005 1506 2042 dictorum
1526 2006 1680 2044 fratrum

161 2067 370 2100 nostrorum
397 2062 552 2100 consilio
577 2062 753 2113 eligentes
778 2067 905 2100 tenore
934 2063 1202 2113 praesentium,
1228 2068 1418 2114 praesente
1444 2064 1682 2102 multitudine

160 2120 307 2171 copiosa
325 2119 507 2166 fidelium,
525 2120 682 2158 citamus
699 2121 868 2168 eosdem',
885 2126 927 2158 ut
944 2121 1014 2172 ipsi
1032 2126 1068 2159 et
1085 2134 1213 2159 eorum
1235 2121 1396 2172 quilibet
1412 2121 1496 2172 qui,
1517 2127 1557 2159 ut
1576 2136 1683 2172 prae-

159 2177 333 2224 mittitur,
359 2178 584 2228 opponendo
605 2179 663 2216 vel
689 2179 923 2216 defendendo
946 2192 1013 2217 sua
1034 2179 1246 2230 putaverint
1271 2180 1461 2225 interesse,
1481 2179 1600 2229 prima
1622 2179 1682 2217 dic

156 2235 317 2286 juridica
339 2241 423 2287 post
447 2235 672 2274 dominicam
699 2237 738 2274 in
760 2237 1042 2288 quadragesima
1066 2238 1238 2288 proximo
1262 2238 1383 2275 sutura
1413 2250 1487 2288 qua
1512 2242 1683 2276 cantatur

158 2294 400 2339 Remini-scere
417 2307 530 2345 quam
547 2294 600 2332 eis
617 2308 685 2345 pro
714 2295 962 2345 peremptorio
986 2296 1144 2333 termino
1165 2296 1412 2346 assignamus,
1431 2308 1554 2332 coram
1574 2295 1682 2333 nobis

161 2352 354 2389 ammoniti
378 2352 539 2402 legitime
555 2353 714 2390 debeant
738 2366 951 2404 comparere
974 2353 1019 2390 ad
1047 2353 1322 2403 procedendum
1349 2353 1387 2390 in
1412 2353 1512 2390 dicto
1534 2354 1681 2403 negotio
