2184 3074
728 301 888 340 conssx
916 301 1164 351 DUNENSIS.
1647 303 1719 341 283

177 421 314 472 capella
334 420 484 471 propriu
511 419 766 469 sollempniter
787 418 1036 464 celebrarunt,
1068 431 1110 454 ac
1136 431 1245 455 suum
1269 431 1430 455 errorem
1457 423 1544 455 tunc
1573 419 1720 469 penitus

179 480 389 530 ignorantes
417 478 543 522 divina
572 478 682 515 etiam
711 482 836 528 postea
864 477 1101 515 celebrarunt
1128 478 1266 523 officia,
1295 478 1543 514 confessiones
1566 478 1720 515 audive-

180 541 282 584 runt,
310 538 594 575 immiscuerunt
620 551 658 575 se
684 537 822 574 divinis
846 542 881 574 ct
908 537 946 574 in
975 537 1051 574 suis
1076 537 1272 574 ordinibus
1304 538 1412 574 ctiam
1446 537 1720 574 ministrarunt.

179 610 408 648 quamquam
439 596 508 648 ipsi
536 597 706 643 demum,
739 601 937 647 postquam
968 610 1130 634 errorem
1163 596 1379 646 hujusmodi
1410 596 1672 647 cognoverint,
1701 611 1718 633 n

183 654 430 694 celebratione
449 655 664 693 divinorum
688 655 911 693 cessaverint
934 660 1159 701 reverenter,
1188 668 1262 692 non
1286 655 1518 693 advertentes
1535 655 1720 693 comitissa

182 718 219 752 ct
239 714 418 766 capellani
447 714 649 765 supradicti
684 714 811 751 eadem
835 714 961 751 divina
989 714 1173 752 submissa
1197 727 1285 751 voce
1312 715 1489 751 celebrari
1523 715 1658 752 debere
1684 715 1720 751 in

183 772 420 810 concessione
439 772 639 823 apostolica
664 773 864 819 contineri,
888 786 1000 823 super
1018 773 1158 823 quibus
1176 773 1273 810 dicta
1293 774 1478 810 comitissa
1506 773 1721 810 eorumdem

184 831 459 882 capellanorum
480 830 666 882 provideri
689 831 797 868 saluti
817 844 836 867 a
863 831 972 868 nobis
993 831 1185 868 humiliter
1208 832 1416 882 postulavit.
1441 833 1496 870 Dc
1515 838 1575 869 tua
1595 831 1720 882 itaque

185 889 503 941 circunspectione
533 889 680 940 plenam
705 888 741 926 in
766 889 928 926 Domino
950 889 1124 926 fiduciam
1149 889 1359 927 obtinentes
1381 890 1630 941 praesentium
1657 890 1723 927 tibi

187 948 404 985 auctoritate
424 947 664 985 concedimus
685 952 725 984 ut
742 960 827 984 cum
847 947 986 984 eisdem
1001 947 1201 998 capellanis
1219 948 1284 998 qui
1306 948 1389 985 sacti
1411 948 1647 985 immemores
1667 947 1722 985 vel

184 1005 280 1055 juris
300 1005 435 1056 ignari,
455 1018 529 1042 non
550 1009 672 1042 tamen
692 1004 730 1042 in
750 1009 1006 1056 contemptum
1026 1005 1207 1051 clavium,
1226 1006 1354 1043 divina
1369 1005 1446 1056 ipsa
1465 1006 1670 1043 celebrasse
1686 1020 1728 1043 ac

188 1065 277 1116 ipsis
299 1077 337 1102 se
364 1063 626 1110 immiscuisse,
648 1063 833 1101 audivisse
860 1063 1110 1100 confessiones
1137 1078 1177 1100 ac
1204 1064 1240 1100 in
1269 1064 1346 1102 suis
1372 1064 1571 1101 ordinibus
1596 1064 1729 1102 minis-

189 1129 302 1161 trasse
333 1123 526 1169 dicuntur,
555 1123 720 1173 injuncta
750 1123 801 1160 eis
831 1136 899 1174 pro
926 1123 1039 1161 modo
1067 1124 1197 1174 culpae
1225 1123 1452 1174 poenitentia
1483 1124 1730 1175 competenti,

189 1181 295 1219 liceat
308 1179 376 1219 tibi
404 1182 450 1218 de
469 1181 722 1219 misericordia
748 1195 844 1232 quae
869 1181 1118 1232 superexaltat
1137 1181 1298 1232 judicio,
1319 1195 1431 1234 super
1446 1182 1730 1233 irregularitate,

189 1241 219 1278 si
237 1253 352 1292 quam
371 1240 506 1278 exinde
524 1240 797 1287 contraxerint,
817 1245 930 1292 prout
942 1254 1072 1278 eorum
1091 1241 1200 1278 saluti
1219 1241 1395 1292 expedire
1410 1241 1563 1287 videris,
1578 1241 1731 1292 dispen-

190 1312 287 1345 sare,
307 1312 383 1337 non
399 1299 570 1338 obstante
588 1298 819 1350 indulgentia
840 1313 914 1351 qua
936 1300 1004 1337 tibi
1024 1300 1080 1337 vel
1099 1300 1222 1337 ordini
1243 1305 1306 1338 tuo
1324 1300 1462 1338 dicitur
1485 1313 1562 1338 esse
1580 1313 1733 1338 conces-

191 1362 273 1395 sum
292 1357 394 1408 quod
414 1371 489 1395 non
508 1357 708 1395 teneamini
723 1371 788 1396 vos
807 1358 1052 1396 intromittere
1065 1359 1111 1395 dc
1130 1358 1202 1396 hiis
1220 1373 1316 1410 quae
1334 1359 1440 1397 vobis
1459 1373 1477 1395 a
1498 1359 1591 1396 Sede
1614 1359 1733 1409 Apos-

192 1415 302 1453 tolica
319 1415 616 1453 committuntur.
639 1416 773 1453 Datum
791 1416 950 1464 Romae,
969 1421 1035 1454 etc.

242 1473 551 1525 Comparentibus
583 1474 696 1526 igitur
725 1488 848 1513 coram
879 1476 987 1514 nobis
1018 1475 1127 1514 dictis
1163 1477 1204 1514 St
1223 1507 1230 1513 .
1249 1507 1255 1514 .
1274 1507 1307 1514 ..
1338 1477 1381 1514 ll.
1412 1482 1446 1514 et
1477 1477 1522 1518 J„
1551 1476 1733 1527 praefatae

193 1534 367 1572 dominae
391 1534 600 1572 comitissae
621 1535 842 1586 capellanis,
868 1535 967 1573 idem
995 1536 1175 1587 capellani
1199 1542 1448 1588 proponentes
1474 1549 1598 1572 coram
1627 1535 1735 1572 nobis

195 1594 244 1631 ita
261 1607 340 1631 esse
357 1598 470 1644 prout
487 1593 526 1631 in
545 1594 676 1632 litteris
693 1595 906 1646 apostolicis
924 1595 1156 1643 continetur,
1182 1602 1218 1633 et
1236 1596 1339 1647 quod
1361 1596 1430 1646 ipsi
1450 1594 1630 1646 capellani
1651 1600 1737 1645 post

195 1651 332 1690 dictam
350 1651 515 1703 vigiliam
533 1652 635 1691 Beati
651 1653 822 1704 Dyonisii
841 1655 968 1692 divina
987 1655 1217 1692 celebrarant
1234 1661 1269 1692 et
1286 1669 1323 1693 sc
1343 1655 1416 1692 illis
1436 1655 1734 1698 immiscuerunt,

197 1710 446 1748 consessiones
464 1710 683 1749 audiverant
700 1717 736 1750 et
756 1713 794 1750 in
814 1713 890 1750 suis
905 1713 1104 1751 ordinibus
1123 1714 1438 1759 ministraverant,
1464 1713 1534 1750 sub
1553 1711 1738 1763 praestitis

198 1768 245 1805 ab
263 1767 314 1806 eis
328 1767 550 1819 juramentis
571 1770 727 1808 firmiter
749 1776 951 1809 asserentes
976 1771 1079 1823 quod
1106 1785 1181 1810 non
1211 1772 1248 1809 in
1273 1776 1530 1822 contemptum
1559 1771 1737 1815 clavium,

199 1827 263 1864 sed
277 1827 374 1876 juris
394 1827 531 1879 ignari,
558 1828 685 1866 divina
704 1829 783 1880 ipsa
804 1830 1079 1867 celebraverant
1097 1844 1161 1868 seu
1181 1844 1218 1868 se
1238 1831 1310 1868 illis
1330 1830 1624 1875 immiscuerant,
1648 1842 1740 1865 con-

202 1886 376 1924 sessiones
394 1887 612 1925 audiverant
629 1901 670 1925 ac
690 1888 728 1925 in
747 1889 824 1926 suis
843 1889 1039 1926 ordinibus
1065 1890 1382 1933 ministraverant,
1413 1889 1521 1926 nobis
1549 1887 1740 1925 humiliter

202 1946 460 1997 supplicarunt
479 1953 663 1998 quatenus
684 1962 796 1999 super
822 1949 1108 2000 irregularitate,
1127 1950 1156 1987 si
1179 1963 1292 1999 quam
1313 1949 1448 1986 exinde
1471 1947 1738 1985 contraxerint.

202 2017 327 2042 secum
349 2006 566 2044 auctoritate
589 2006 697 2044 nobis
723 2007 761 2044 in
781 2007 849 2044 liae
865 2012 968 2058 parte
994 2008 1190 2045 commissa
1214 2007 1503 2044 misericorditer
1526 2005 1740 2055 dispensare

204 2075 429 2100 curaremus.

253 2121 327 2159 Nos
345 2126 467 2159 autem
482 2123 756 2160 considerantes
776 2123 859 2160 facti
875 2124 1150 2160 circunstantiis
1169 2129 1205 2160 et
1222 2124 1303 2160 aliis
1320 2137 1416 2174 quae
1434 2124 1530 2159 circa
1550 2122 1639 2159 haec
1659 2123 1742 2159 suc-

207 2185 294 2218 runt
312 2181 550 2227 attendenda,
575 2182 741 2231 injuncta
773 2182 824 2219 eis
853 2195 921 2232 pro
948 2182 1060 2219 modo
1085 2183 1216 2233 culpae
1245 2182 1469 2232 poenitentia
1498 2181 1740 2231 competenti.

205 2253 291 2277 cum
310 2239 448 2276 eisdem
474 2240 700 2290 presbyteris
721 2241 920 2291 capellanis
942 2254 1054 2291 super
1074 2241 1362 2291 irregularitate,
1392 2241 1420 2277 si
1440 2254 1552 2291 quam
1571 2253 1614 2277 ex
1635 2254 1742 2291 prae-

207 2298 328 2336 missis
346 2299 616 2345 contraxerint,
646 2300 863 2337 auctoritate
881 2300 1081 2350 apostolica
1110 2299 1217 2336 nobis
1235 2300 1429 2336 commissa
1446 2299 1552 2348 juxta
1572 2298 1742 2335 traditam

209 2356 315 2394 nobis
347 2357 503 2393 sormam
536 2357 823 2395 misericorditer
852 2358 1148 2408 dispensavimus
1183 2362 1219 2395 et
1247 2358 1356 2394 ctiam
1390 2357 1670 2408 dispensamus..
1703 2357 1742 2393 ln

210 2413 316 2464 cujus
334 2414 384 2452 rei
406 2415 674 2460 testimonium,
701 2421 767 2453 etc.

924 2483 1038 2493 7⁴⁴0—‚
