2184 3074
461 357 535 393 476
1010 357 1171 394 CODEX
1197 355 1444 395 DUNENSIS..

463 474 528 510 ubi
547 478 699 524 propter
718 474 788 511 hoc
814 473 926 510 fuerit
942 472 1208 517 accedendum,
1234 477 1309 509 tam
1327 472 1469 509 dictum
1491 471 1731 509 baurentium
1755 485 1869 522 quam
1886 485 1996 523 prae-

464 532 556 569 fatos
575 531 745 568 scabinos
765 535 801 568 et
824 531 989 567 lai'calem
1005 530 1185 580 justitiam
1203 529 1401 580 diligenter
1418 529 1598 567 moneatis
1615 529 1738 580 primo
1750 558 1759 576 ,
1776 530 1941 567 secundo
1962 535 1997 567 et

464 591 587 636 tertio,
601 603 677 627 uno
694 589 943 640 peremptorio
956 603 1025 640 pro
1039 589 1215 627 omnibus
1226 619 1235 635 ,
1250 594 1292 626 ut
1305 589 1459 626 indilate
1473 593 1558 639 post
1574 593 1733 626 vestram
1752 589 1995 627 monitionem

463 649 533 686 sibi
553 649 684 685 sactatn
705 662 724 684 a
742 648 940 698 praedictis
965 647 1179 695 vexatione,
1206 647 1478 694 molestatione,
1497 647 1620 684 talliae
1648 647 1874 694 extortione,
1892 647 1992 694 nisu,

463 707 737 757 adjornatione,
752 707 788 743 in
809 719 955 743 causam
976 707 1171 753 tract-ione,
1189 719 1382 757 processu,
1398 706 1630 752 cohertione,
1649 705 1824 752 factione,
1843 719 1997 757 oppres-

463 766 583 812 sione,
603 765 815 816 fatigatione
833 769 869 802 et
885 778 1013 801 eorum
1034 765 1294 815 prosecutione
1310 769 1452 802 cessent
1471 764 1618 815 penitus
1637 769 1673 801 et
1688 764 1884 811 desistant,
1903 778 1943 802 ea
1962 770 1998 802 et

464 823 644 874 quicquid
670 837 714 859 ex
737 823 788 859 eis
813 823 870 859 vel
892 822 941 859 ob
963 835 1024 859 eos
1048 827 1175 859 contra
1200 823 1341 860 dictum
1368 823 1539 860 abbatem
1567 827 1603 860 et
1623 822 1703 872 ejus
1730 823 1996 861 monasterium

465 882 629 918 indebite
646 886 814 918 secutum
840 885 894 918 est
917 885 952 918 et
968 885 1108 927 actum,
1131 886 1305 918 revocent
1329 885 1366 919 et
1381 882 1594 928 annullent,
1617 882 1780 919 revocari
1805 886 1842 919 et
1858 883 1995 920 annul-

462 940 528 977 lari
563 940 699 977 faciant
734 944 769 976 et
783 944 998 989 ‘procurent
1027 939 1106 976 sine
1142 944 1248 977 custu
1280 944 1316 976 et
1341 939 1505 990 dampno
1537 938 1703 989 ejusdem
1733 939 1878 978 abbatis
1912 953 1997 978 cum

463 998 610 1045 effectu,
629 1003 741 1048 prout
759 998 881 1044 decet,
901 997 1067 1047 alioquin
1083 997 1182 1048 ipsos
1202 999 1363 1035 monitos
1381 1011 1476 1048 quos
1489 1011 1601 1048 super
1614 997 1825 1047 praemissis
1839 997 1998 1036 interro-

461 1058 570 1108 getis,
597 1058 625 1094 si
652 1057 852 1108 praemissa
876 1061 1180 1107 recognoscentes
1203 1057 1321 1093 facere
1346 1069 1421 1093 non
1444 1055 1655 1093 curaverint
1677 1060 1742 1092 aut
1762 1055 1869 1093 vobis
1887 1070 1999 1108 super

463 1117 514 1154 eis
533 1117 756 1168 respondere
772 1116 1023 1153 recusaverint
1038 1129 1103 1152 seu
1123 1115 1326 1161 noluerint,
1345 1115 1541 1165 dictaeque
1556 1115 1752 1152 monitioni
1768 1128 1843 1152 non
1862 1129 1998 1166 parue-

463 1177 538 1213 rint
562 1189 646 1212 cum
666 1175 817 1221 effectu,
836 1187 931 1225 quos
950 1179 1103 1225 propter
1122 1174 1192 1211 hoc
1212 1174 1251 1210 in
1270 1174 1342 1211 hiis
1364 1174 1511 1225 scriptis
1531 1173 1913 1220 excommunicamus,
1931 1187 1998 1211 ex—

462 1235 753 1271 communicatos
777 1233 974 1279 nuntietis,
995 1233 1065 1270 nisi
1085 1246 1232 1270 eausam
1253 1245 1376 1270 coram
1395 1232 1502 1270 vobis
1519 1232 1795 1283 praetenderint
1812 1232 1997 1271 efficacem

462 1307 576 1344 quare
595 1293 666 1330 hoc
684 1293 802 1329 facere
822 1305 897 1328 non
916 1296 1111 1328 teneantur
1128 1291 1185 1328 vel
1205 1305 1281 1328 non
1308 1291 1439 1338 velint,
1466 1304 1579 1342 quam
1598 1291 1629 1328 si
1649 1291 1925 1342 praetenderint
1941 1291 1999 1328 vel

463 1352 662 1402 praemissa
686 1351 918 1402 negaverint,
947 1350 1066 1387 citetis
1091 1350 1190 1400 ipsos
1214 1350 1462 1400 peremptorie
1485 1349 1642 1386 Tornaci
1667 1362 1792 1386 coram
1818 1349 1927 1386 nobis
1952 1348 1999 1386 ad

463 1411 590 1448 seriam
614 1410 784 1460 quintam
807 1413 890 1460 post
908 1410 1042 1446 festum
1063 1408 1194 1445 Beatae
1213 1408 1349 1445 Mariae
1367 1407 1604 1458 Magdalenae
1625 1412 1752 1444 contra
1771 1407 1913 1444 dictum
1931 1407 2000 1444 ab—

463 1470 585 1507 batem
605 1482 667 1506 seu
687 1468 766 1517 ejus
785 1472 1062 1518 procuratorem
1081 1466 1218 1503 dictam
1238 1479 1385 1503 causam
1405 1470 1618 1502 ostensuros
1635 1470 1672 1502 et
1689 1469 1998 1515 prosequuturos,

465 1541 609 1565 necnon
630 1540 743 1577 super
759 1525 971 1576 praemissis
990 1529 1025 1561 et
1048 1538 1088 1561 ea
1111 1524 1366 1574 tangentibus,
1385 1524 1414 1560 si
1434 1537 1529 1574 opus
1555 1523 1686 1569 suerit,
1704 1536 1946 1574 responsuros
1964 1528 2000 1563 et

464 1599 720 1637 processuros,
744 1590 856 1636 prout
882 1585 928 1621 de
945 1585 1033 1634 jure
1063 1584 1175 1621 suerit
1200 1583 1489 1634 procedendum.
1515 1583 1562 1620 Et
1585 1582 1784 1619 inhibeatis
1803 1582 1999 1633 praedictis

464 1645 615 1682 monitis
634 1648 669 1681 et
686 1643 805 1680 citatis
820 1656 862 1679 ac
879 1643 961 1679 aliis
980 1642 1155 1679 omnibus
1175 1646 1211 1678 et
1235 1641 1391 1691 singulis
1414 1640 1460 1677 de
1483 1640 1621 1691 quibus
1647 1640 1791 1677 fueritis
1811 1640 1999 1691 requisiti,

465 1703 535 1740 sub
549 1715 667 1753 poena
682 1700 1077 1738 excommunicationis
1090 1713 1132 1736 ac
1146 1700 1247 1736 omni
1263 1712 1382 1750 poena
1397 1699 1592 1745 canonica,
1608 1712 1654 1735 ne
1669 1698 1890 1744 monitione,
1908 1698 2000 1740 cita-

466 1761 583 1806 tione,
610 1761 685 1806 die,
714 1759 956 1804 inhibitione,
983 1759 1046 1795 lite
1073 1762 1109 1794 et
1135 1771 1244 1796 causa
1269 1757 1520 1808 pendentibus
1546 1769 1670 1794 coram
1699 1756 1828 1803 nobis,
1859 1755 2000 1806 aliquid

466 1825 593 1857 contra
619 1820 760 1856 dictum
787 1819 958 1855 abbatem
985 1821 1049 1854 aut
1075 1818 1155 1867 ejus
1183 1817 1450 1854 monasterium
1480 1817 1674 1862 innovent,
1698 1815 1910 1861 immutent,
1927 1819 2002 1852 sta-

467 1883 586 1925 tuant,
611 1878 796 1928 judicent,
823 1877 1045 1922 decernant,
1075 1876 1114 1912 in
1142 1875 1269 1926 aliquo
1295 1874 1514 1925 procedant,
1544 1874 1749 1924 quicquam
1779 1873 1916 1910 faciant
1945 1873 2001 1914 vel

467 1940 699 1987 attemptent,
713 1935 815 1986 quod
830 1935 878 1972 sit
894 1935 952 1971 vel
967 1947 1045 1971 esse
1058 1934 1176 1984 possit
1194 1934 1232 1970 in
1251 1932 1520 1984 praejudicium
1538 1932 1596 1968 vel
1613 1935 1867 1982 contemptum
1886 1932 2003 1968 ecele-

467 1995 633 2033 siasticae
664 1993 843 2030 libertatis
876 1998 911 2030 et
942 1997 1087 2029 nostrae
1114 1991 1405 2041 jurisdictionis,
1430 1990 1596 2041 dictique
1626 1989 1770 2027 abbatis
1797 1989 2000 2040 dampnum

469 2069 533 2093 seu
551 2067 767 2105 gravamen,
786 2057 822 2090 et
844 2066 883 2090 ea
909 2066 1004 2103 quae
1029 2052 1075 2088 de
1095 2051 1306 2102 praemissis
1325 2055 1404 2088 acta
1423 2050 1578 2096 fuerint,
1598 2049 1861 2099 dictorumque
1878 2049 2002 2086 moni-

470 2118 593 2150 torum
613 2117 647 2149 et
664 2113 860 2149 citatorum
877 2111 1136 2161 responsiones
1155 2110 1263 2147 nobis
1282 2109 1425 2160 liquide
1442 2107 1669 2154 rescribatis,
1689 2107 1737 2143 ita
1755 2106 1859 2157 quod
1873 2105 1910 2143 in
1930 2106 2001 2143 hiis

470 2170 697 2221 exequendis
723 2183 822 2207 unus
839 2174 1002 2206 vestrum
1025 2169 1138 2206 alium
1159 2169 1212 2205 vel
1232 2168 1323 2205 alios
1346 2180 1422 2204 non
1441 2170 1636 2216 exspectet.

519 2231 655 2266 Datum
676 2242 773 2266 anno
795 2228 959 2274 Domini,
979 2233 1045 2265 etc.
1765 2245 1790 2259 ,ρ
