2184 3074
721 346 884 383 CODEX
913 346 1155 385 DUNENSlS.
1641 351 1699 387 171

170 462 304 500 Mariae
317 463 364 500 de
376 463 544 510 Thosan,
559 463 816 514 procuratorio
832 463 982 500 nomine
998 465 1161 513 ipsorum
1177 469 1211 501 et
1220 478 1287 515 pro
1302 465 1391 516 ipsis
1404 471 1581 503 eteorum
1597 466 1709 503 eccle-

169 522 237 569 sia,
251 522 400 573 sibique
414 521 702 559 adhaerentibus
716 526 751 559 et
765 521 964 559 adhaerere
977 523 1188 560 volentibus
1203 523 1240 560 in
1255 528 1456 574 posterum,
1471 524 1507 561 in
1523 524 1591 562 liae
1607 530 1709 576 parte

169 579 253 618 dico
277 585 312 617 et
338 593 508 632 propono
531 584 659 618 contra
682 580 819 617 litteras
845 581 1064 630 apostolicas
1082 581 1287 632 praedictas
1307 595 1518 633 processum
1539 583 1708 633 praedie-

170 645 249 677 tum
270 668 276 676 .
298 669 304 676 .
326 668 333 676 .
355 667 361 676 .
381 639 590 690 praedictos
611 668 618 676 .
639 669 646 676 .
668 669 675 676 .
698 669 704 675 .
724 639 896 676 dominos
919 639 1239 691 archiepiscopum
1259 641 1535 678 Narbonensem
1558 641 1705 678 Petrum

169 697 216 735 de
237 697 518 744 Bella-pertica,
542 697 699 734 electum
727 697 1074 744 Autisidiorensem,
1100 703 1135 735 et
1167 699 1384 748 magistrum
1414 701 1495 745 W.,
1521 700 1708 737 archidia-

169 769 306 808 conum
331 756 580 806 praedictum,
598 769 802 807 omnesque
823 761 858 793 et
885 756 1050 806 singulos
1075 770 1170 807 quos
1195 758 1313 809 tangit
1334 762 1369 794 et
1392 763 1540 808 tangere
1564 758 1706 795 dietum

169 814 376 865 negotium,
407 814 509 865 quod
546 814 745 865 praemissa
780 814 905 851 omnia
936 818 972 851 et
1005 814 1165 865 singula,
1196 820 1231 852 et
1262 816 1422 853 maxime
1452 817 1490 854 in
1525 822 1706 866 quantum

138 882 148 891 ·
169 871 394 910 abbatemet
411 877 637 910 conventum
659 873 790 910 Beatae
809 873 942 910 Mariae
961 873 1007 909 de
1024 873 1192 920 Thosan,
1212 887 1340 911 eorum
1359 876 1549 912 eeclesiam
1569 876 1709 913 adhae-

169 937 290 971 rentes
305 938 342 971 et
358 933 559 971 adhaerere
577 934 742 971 volentes
760 933 988 984 praedictos,
1009 947 1082 970 non
1103 934 1317 980 valuerunt,
1337 948 1458 986 neque
1481 936 1619 980 valent,
1642 948 1708 971 nec

169 992 248 1030 fieri
276 992 487 1030 debuerunt
511 1005 579 1030 nec
604 997 823 1043 potuerunt,
849 1006 915 1029 nec
935 993 1044 1030 etiam
1065 993 1142 1030 lieri
1164 999 1335 1044 possunt,
1356 1008 1477 1046 neque
1494 994 1646 1039 debent,
1673 999 1709 1030 et

169 1050 271 1101 quod
296 1050 343 1087 de
370 1051 465 1088 facto
494 1051 688 1088 dumtaxat
720 1051 813 1087 sacta
846 1055 933 1088 sunt
958 1056 1084 1088 contra
1106 1052 1168 1102 jus
1195 1057 1227 1089 el
1250 1052 1450 1101 justitiam,
1469 1066 1510 1089 ae
1535 1053 1643 1089 etiam
1670 1052 1706 1088 in

169 1108 441 1160 praejudicium
459 1109 604 1146 abbatis
622 1113 657 1146 et
674 1114 878 1146 conventus
893 1109 1179 1159 praedictorum.
1195 1111 1379 1157 Quoniam
1399 1111 1427 1147 si
1447 1110 1589 1147 decima
1609 1124 1708 1161 prae-

169 1166 283 1212 dicta,
297 1180 317 1204 a
333 1167 448 1204 felicis
466 1165 732 1204 reeordationis
746 1167 900 1204 domino
920 1167 1120 1205 Benedieto
1139 1182 1232 1219 papa
1249 1169 1437 1219 praedicto
1455 1169 1608 1206 domino
1625 1197 1631 1204 .
1649 1198 1656 1204 .
1674 1197 1681 1204 .
1698 1197 1704 1204 .

170 1225 245 1276 regi
265 1238 436 1264 concessa
454 1226 594 1271 extitit,
614 1226 684 1263 hoc
703 1227 770 1263 fuit
793 1227 864 1264 sub
887 1227 1101 1265 conditione
1122 1233 1157 1265 et
1178 1242 1262 1265 cum
1292 1234 1437 1265 moneta
1458 1228 1642 1279 praedicta
1662 1227 1707 1263 ad

170 1285 333 1322 valorem
358 1289 394 1322 et
420 1285 566 1335 pondus
596 1285 804 1335 praedictos
837 1286 982 1323 redacta
1013 1287 1172 1337 expendi
1198 1291 1233 1323 et
1257 1287 1326 1323 alia
1351 1287 1506 1337 perdere
1532 1287 1710 1336 inciperet

171 1357 321 1382 cursum
341 1357 469 1389 suum,
487 1349 639 1395 propter
657 1345 775 1395 quod,
795 1359 879 1382 cum
900 1351 1046 1382 moneta
1066 1346 1251 1396 praedicta
1266 1346 1311 1382 ad
1329 1346 1475 1396 pondus
1493 1351 1527 1383 et
1546 1346 1708 1382 valorem

170 1402 378 1453 praedictos
395 1402 541 1440 redacta
561 1416 636 1439 non
655 1403 718 1450 sit,
739 1416 806 1440 nec
826 1404 935 1440 suerit
951 1418 1036 1441 cum
1053 1405 1203 1451 effectu,
1224 1418 1290 1441 nec
1312 1405 1382 1441 alia
1401 1404 1621 1454 perdiderit,
1643 1416 1708 1439 nec

170 1461 324 1512 perdere
342 1461 521 1512 inceperit
538 1475 687 1499 cursum
707 1475 835 1508 suum,
853 1462 1014 1500 maxime
1028 1463 1065 1500 in
1082 1463 1171 1500 locis
1189 1464 1226 1500 in
1245 1463 1384 1514 quibus
1402 1463 1577 1514 praedicti
1593 1462 1707 1499 abbas

170 1524 206 1558 et
223 1525 427 1558 conventus
452 1520 591 1558 habent
607 1525 643 1558 et
661 1526 787 1558 tenent
803 1526 1005 1572 proventus
1032 1523 1313 1568 ecclesiasticos,
1331 1523 1502 1559 videlieet
1528 1522 1565 1558 in
1590 1521 1708 1558 comi-

171 1583 249 1616 tatu
276 1579 472 1616 Flandriae
495 1579 533 1616 in
557 1593 670 1630 regno
691 1580 880 1630 praedicto
904 1581 968 1617 ubi
992 1581 1089 1617 dicta
1115 1581 1266 1618 ecclesia
1289 1581 1335 1617 de
1352 1581 1499 1618 Thosan
1523 1580 1707 1626 consistit,

171 1642 322 1688 apparet
347 1638 540 1680 manifeste
560 1638 662 1688 quod
686 1638 902 1688 praemissa,
922 1644 962 1676 ut
987 1639 1255 1690 praemittitur,
1275 1639 1434 1676 maxime
1461 1639 1498 1675 in
1525 1644 1706 1689 quantum

171 1695 289 1733 dictos
307 1696 479 1733 abbatem
498 1701 533 1733 et
551 1701 775 1733 conventum
797 1701 953 1747 tangunt
970 1702 1005 1734 et
1022 1711 1149 1735 eorum
1170 1698 1377 1742 ecclesiam,
1393 1698 1470 1734 lieri
1487 1711 1560 1734 non
1575 1702 1708 1747 potue-

171 1758 274 1800 runt,
294 1767 361 1791 nec
379 1755 489 1791 etiam
507 1754 736 1800 debuerunt,
756 1755 969 1806 praesertim
992 1756 1101 1793 etiam
1126 1770 1211 1793 cum
1238 1761 1422 1806 quantum
1444 1756 1489 1792 ad
1509 1755 1615 1806 plura
1637 1755 1705 1791 alia

171 1817 320 1850 moneta
342 1814 530 1864 praedicta
555 1827 630 1857 non
654 1814 858 1865 perdiderit
883 1829 1032 1852 cursum
1057 1829 1184 1862 suum,
1208 1828 1275 1852 rrec
1300 1815 1453 1866 perdere
1479 1814 1658 1865 inceperit
1686 1827 1705 1849 a

170 1871 261 1909 sesto
279 1871 487 1910 Nativitatis
503 1873 634 1909 Beatae
650 1872 784 1909 Mariae
798 1872 960 1923 Virginis
979 1874 1206 1924 praedictae,
1224 1874 1287 1911 sed
1306 1873 1430 1924 potius
1448 1873 1570 1924 quoad
1591 1872 1704 1908 multa

169 1943 319 1968 cursum
338 1943 448 1968 suum
471 1931 665 1968 retinuerit
687 1944 805 1981 usque
822 1931 868 1968 ad
887 1932 1088 1969 secundam
1109 1932 1206 1969 diem
1231 1932 1393 1982 januarii
1420 1945 1539 1982 nuper
1562 1935 1705 1981 praete-

167 1989 275 2026 ritam
294 1989 351 2026 vel
367 1989 523 2036 circiter,
541 2002 583 2026 ac
601 1989 710 2026 etiam
729 1990 886 2026 retinere
903 1990 1037 2027 debeat
1054 2004 1173 2041 usque
1191 1990 1237 2027 ad
1253 1991 1384 2027 festum
1402 1989 1502 2026 Beati
1522 1988 1703 2026 Joliannis

167 2047 356 2098 Baptistae
373 2047 546 2098 proximo
566 2061 665 2084 nunc
684 2052 898 2094 venturum,
914 2054 1026 2099 prout
1043 2049 1153 2085 etiam
1173 2048 1364 2085 evidenter
1380 2053 1415 2084 et
1434 2047 1576 2083 notorie
1593 2060 1701 2096 appa-

167 2109 222 2142 ret
239 2118 284 2160 ex
303 2105 602 2144 ordinationibus
621 2111 656 2143 et
673 2106 988 2143 declarationibus
1007 2107 1095 2143 dicti
1115 2107 1258 2143 domini
1283 2106 1377 2156 regis
1403 2119 1514 2155 super
1536 2104 1700 2142 facienda

167 2162 384 2200 reductione
402 2169 633 2201 monetarum
653 2165 698 2202 ad
719 2169 854 2201 statum
873 2165 1042 2202 debitum
1063 2165 1199 2201 habitis
1218 2164 1295 2201 sive
1315 2163 1429 2200 saetis.
1451 2164 1539 2199 ltem
1559 2167 1593 2199 et
1610 2162 1640 2199 si
1660 2177 1700 2199 ea

166 2235 263 2272 quae
275 2222 322 2258 de
340 2221 555 2259 reductione
570 2228 738 2260 monetae
754 2224 799 2260 ad
814 2224 974 2260 valorem
995 2228 1030 2260 et
1049 2223 1195 2274 pondus
1214 2223 1381 2259 debitum
1397 2222 1434 2258 in
1449 2221 1557 2258 dictis
1572 2220 1701 2257 litteris

165 2281 376 2331 apostolicis
391 2281 572 2318 contineri
593 2282 789 2327 dicuntur,
809 2295 874 2332 per
892 2282 1032 2318 dictum
1053 2281 1248 2318 dominum
1269 2294 1390 2331 regem
1418 2281 1509 2317 sacta
1529 2284 1648 2316 essent
1666 2284 1700 2315 et

164 2339 320 2377 fuissent
336 2339 445 2376 etiam
461 2353 480 2376 a
500 2340 591 2377 sesto
606 2340 815 2377 Nativitatis
833 2341 965 2377 Beatae
983 2340 1146 2390 Virginis
1165 2339 1391 2390 praedictae,
1406 2343 1518 2389 prout
1536 2338 1572 2374 in
1593 2352 1700 2388 prae-

163 2397 263 2435 dicto
279 2410 452 2447 processu
469 2398 737 2448 praetenditur,
757 2399 858 2448 quod
879 2403 1017 2442 tamen,
1038 2404 1078 2435 ut
1097 2398 1364 2449 praemittitur,
1385 2410 1460 2434 non
1479 2402 1532 2433 est
1554 2410 1697 2432 verum.

163 2455 233 2492 hoe
256 2452 376 2492 tamen
403 2456 668 2493 nichilominus
695 2456 740 2493 ad
770 2457 955 2507 impensas
985 2457 1113 2493 saltem
1145 2469 1294 2506 magnas
1320 2455 1408 2492 dieti
1434 2454 1576 2491 domini
1603 2455 1696 2503 regis
