2184 3074
750 313 911 351 CODEX
938 315 1184 354 DUNENSIS.
1666 323 1736 361 ¹69

906 480 1034 519 enxhu.

194 595 438 634 Proteseaeion
458 596 520 636 des
545 582 728 648 reliqieuae
741 598 957 657 ,cles-Dum
980 606 1102 638 contre
1120 601 1156 638 la
1175 602 1272 640 deme
1295 603 1477 651 biennale,
1500 605 1592 643 leree
1607 618 1682 656 par
1703 606 1735 643 Ie

820 659 879 695 roi
894 658 936 695 (Ie
953 659 1109 698 France.

243 846 284 883 ln
304 847 455 884 nomine
472 847 637 903 Dsomini.
657 847 786 885 Amen.

242 905 366 943 Pateat
397 906 580 943 universis
615 919 787 957 praesens
822 907 1111 946 instrumentum
1147 909 1340 960 publicum
1377 912 1597 962 inspecturis
1628 912 1728 963 quod

191 977 290 1002 anno
309 965 517 1003 Nativitatis
537 966 688 1003 Domini
708 966 759 1003 M⁰
777 967 880 1005 CCC⁰
897 969 1070 1018 septimo,
1094 969 1298 1007 indictione
1321 971 1470 1022 quinta,
1494 973 1730 1023 pontificatus

191 1023 412 1062 sanctissimi
435 1024 551 1075 patris
573 1037 616 1061 ac
637 1025 780 1062 domini
802 1026 1018 1072 Clementis,
1044 1027 1170 1064 divina
1194 1029 1426 1078 providentia
1454 1043 1570 1081 papae
1592 1031 1730 1081 quinti,

190 1093 289 1119 anno
307 1081 488 1127 secundm
507 1081 567 1118 die
585 1095 683 1119 nona
703 1084 838 1121 mensis
857 1084 985 1135 aprilis
1006 1085 1191 1131 intrantis7
1211 1087 1309 1136 apud
1332 1087 1517 1125 Morinum
1539 1088 1575 1124 in
1597 1088 1727 1137 majori

189 1139 362 1186 ecclesia,
382 1140 419 1177 in
435 1141 506 1178 mei
526 1141 706 1187 Nichasii,
726 1143 858 1179 notarii
875 1143 1036 1194 publici7
1056 1148 1092 1180 et
1111 1144 1257 1181 testium
1278 1145 1573 1196 subscriptorum
1593 1146 1638 1182 ad
1659 1145 1729 1182 hoc

189 1197 398 1248 specialiter
423 1204 638 1236 vocatorum
662 1205 697 1237 et
724 1206 936 1251 rogatorum
968 1202 1191 1252 praesentia7
1220 1204 1463 1253 personaliter
1479 1204 1654 1241 accedens
1673 1204 1730 1240 vir

190 1255 383 1310 religiosus
399 1257 511 1294 frater
528 1258 703 1295 Salomon
714 1288 722 1304 ,
738 1265 958 1310 procurator
971 1260 1228 1310 religiosorum
1247 1261 1413 1298 virorum
1432 1262 1576 1299 abbatis
1594 1267 1629 1298 et
1646 1274 1730 1298 con—

190 1319 320 1352 ventus
339 1315 472 1352 Beatae
490 1315 624 1353 Mariae
641 1316 687 1353 de
706 1317 842 1363 Dunis,
862 1317 1112 1356 Cisterciensis
1130 1318 1293 1365 ordinis,
1311 1319 1528 1356 Morinensis
1543 1319 1727 1369 dyocesis,

189 1387 255 1424 per
273 1373 410 1411 litteras
429 1379 595 1425 patentes
614 1375 830 1413 eorumdem
856 1376 978 1426 sigillo
1005 1377 1156 1427 proprio
1183 1377 1328 1414 abbatis
1346 1383 1381 1414 et
1398 1384 1601 1414 conventus
1623 1391 1730 1428 prae—

187 1431 372 1470 dictorum
389 1446 475 1479 cum
497 1446 579 1471 cera
598 1434 708 1471 viridi
729 1434 922 1485 sigillatas,
942 1448 1034 1485 quas
1054 1449 1121 1485 ego
1145 1436 1311 1472 notarius
1332 1436 1407 1472 vidi
1427 1442 1463 1472 et
1483 1436 1568 1486 legi,
1590 1436 1729 1472 habens

187 1491 285 1528 idem
307 1497 525 1542 procurator
548 1507 614 1544 per
630 1493 708 1543 jam
732 1494 848 1531 dietas
872 1494 1008 1531 litteras
1028 1499 1242 1544 potestatem
1263 1499 1298 1530 et
1319 1495 1533 1531 mandatum
1554 1494 1727 1544 speciale‚

186 1563 254 1602 pro
269 1550 358 1601 ipsis
372 1551 506 1588 abbate
519 1555 554 1588 et
567 1556 752 1589 conventu
771 1557 806 1589 et
824 1552 895 1589 sibi
915 1552 1203 1590 adhaerentibus
1215 1581 1223 1596 .,
1244 1553 1459 1589 notificandi
1475 1558 1510 1589 et
1525 1552 1726 1589 innovandi

185 1609 712 1660 quamdam'provocationem
732 1623 796 1647 seu
811 1610 1116 1660 appellationem,
1130 1624 1243 1661 quam
1268 1611 1365 1647 idem
1386 1615 1604 1661 procurator
1625 1610 1727 1655 fecit,

186 1671 228 1703 ut
252 1667 467 1717 apparebat,
488 1680 554 1717 per
576 1672 740 1717 patentes
766 1668 904 1705 litteras
933 1668 1054 1718 sigillo
1073 1668 1218 1705 abbatis
1241 1673 1275 1704 et
1293 1674 1496 1706 conventus
1517 1668 1727 1718 praedicto-

185 1737 269 1762 rum
283 1730 319 1762 et
330 1725 488 1762 aliorum
507 1726 788 1776 quamplurium
808 1726 1080 1776 fidedignorum
1101 1726 1230 1776 sigillis
1258 1726 1507 1782 pendentibus
1533 1740 1616 1763 cum
1644 1740 1725 1763 cera

185 1782 294 1819 viridi
320 1783 517 1833 sigillatasq
549 1797 623 1821 non
649 1785 884 1831 cancellatas,
912 1791 985 1821 non
1012 1785 1186 1830 abolitas³
1215 1799 1282 1822 nee
1312 1785 1348 1822 in
1377 1785 1500 1835 aliqua
1534 1786 1590 1821 sui
1624 1790 1726 1834 parte

183 1847 395 1892 corruptas,
427 1843 530 1879 omni
565 1843 776 1894 suspicione
806 1849 1010 1890 correntes,
1043 1844 1195 1880 nomine
1226 1844 1482 1894 procuratorio
1516 1856 1583 1893 pro
1615 1843 1723 1879 dictis

181 1899 315 1936 abbate
339 1904 374 1936 et
401 1907 585 1938 conventu
610 1901 656 1938 de
679 1902 818 1947 Dunis7
837 1902 988 1939 nomine
1015 1902 1182 1952 ipsorum
1206 1907 1240 1938 et
1266 1901 1477 1938 monasterii
1503 1901 1576 1945 sui2
1596 1905 1630 1936 et
1657 1913 1723 1949 pro

181 1959 357 1996 omnibus
375 1960 445 1997 sibi
466 1961 753 1999 adhaerentibus
773 1975 836 1998 seu
859 1962 896 1998 in
917 1966 1106 2012 posterum
1129 1961 1328 1998 adhaerere
1346 1960 1575 2001 volentibus,
1597 1959 1722 1995 notiti-

182 2017 296 2063 cavit,
312 2018 516 2056 insinuavit
529 2024 564 2056 et
578 2020 623 2056 ad
639 2020 808 2057 notitiam
823 2020 990 2056 virorum
1005 2010 1273 2056 venerabilium
1292 2019 1530 2056 dominorum
1547 2017 1720 2053 Balduini

182 2075 228 2112 de
251 2075 418 2123 Wisant,
439 2077 587 2122 decani,
615 2084 650 2116 et
677 2078 856 2116 Willelmi
885 2078 1088 2129 Armigeri,
1107 2077 1275 2114 canonici
1302 2077 1519 2113 Morinensis
1557 2076 1721 2112 decimae

181 2134 419 2173 collectorum
444 2137 724 2188 deputatorum,
752 2152 793 2175 ac
820 2138 928 2175 etiam
957 2137 1147 2174 innovavit
1173 2137 1209 2173 in
1239 2136 1385 2186 scriptis
1414 2135 1452 2171 in
1478 2134 1630 2170 modum
1653 2134 1719 2184 qui

180 2193 372 2243 sequitur:
895 2238 899 2243 .

230 2252 322 2288 Cum
355 2252 577 2290 reverendus
602 2253 639 2290 in
663 2253 812 2291 Christo
840 2258 944 2304 pater
975 2258 1009 2290 et
1040 2252 1214 2289 dominus
1241 2251 1436 2302 Aegidius‚
1469 2251 1718 2287 Narbonensis

179 2308 497 2359 archiepiscopus,
524 2314 559 2347 et
584 2311 641 2347 vir
667 2311 887 2348 venerabilis
914 2316 949 2348 et
972 2311 1151 2348 discretus
1175 2310 1349 2346 dominus
1377 2309 1506 2345 Petrus
1529 2309 1575 2344 de
1597 2309 1718 2345 Bella-

178 2366 339 2412 pertica,
353 2368 489 2405 electus
511 2369 838 2415 Autisiodorensis‚
857 2382 895 2406 se
913 2374 1079 2419 gerentes
1097 2382 1165 2418 pro
1183 2367 1443 2404 executoribus
1464 2379 1527 2403 scu
1543 2367 1717 2403 collecto·-

179 2423 284 2462 ribus
302 2425 467 2462 decimae
487 2440 552 2477 pro
576 2427 792 2472 reductione
819 2433 986 2464 monetae
1012 2427 1112 2478 regni
1136 2427 1310 2463 Franciae
1330 2426 1374 2462 ad
1396 2425 1542 2475 pondus
1561 2430 1595 2461 ct
1614 2425 1717 2461 valo-

1519 2483 1566 2519 22
