2184 3074
432 255 505 293 522
990 252 1154 293 oenssx
1180 251 1425 292 DUNENSlS.

1154 427 1259 466 cen.

431 549 552 586 Leure
578 549 628 584 du
650 545 823 584 cardinal
839 545 966 583 Simon
991 545 1035 582 de
1055 545 1193 589 Brion,
1213 543 1309 594 ldyat
1327 543 1379 580 du
1397 543 1648 594 Saint-Sieye,
1671 557 1750 581 aux
1769 543 1974 582 collectum

920 604 982 641 des
1001 602 1166 651 subsides
1184 601 1482 654 ecclesiastiques.

480 798 633 848 Symon,
652 797 907 835 misericordia
925 797 1053 834 divina
1072 798 1227 836 Sanctae
1241 797 1400 835 Ceeiliae
1418 797 1602 850 presbiter
1617 797 1833 846 cardinalis,
1851 796 1972 851 Aposss

430 857 560 894 tolieac
585 855 691 896 Sedis
718 856 879 906 legatus,
898 855 1066 893 diseretis
1094 855 1183 893 viris
1205 856 1469 894 collectoribus
1491 857 1799 907 procurationum
1826 860 1975 895 nostra-

431 928 511 952 rum
533 915 693 952 ubilibet
709 915 904 951 autoritate
923 919 1048 951 nostra
1067 914 1271 965 deputatis,
1292 915 1476 952 salutem
1466 928 1504 952 in
1519 915 1694 953 Domino.

478 973 571 1010 Cum
594 973 640 1010 de
666 973 994 1023 procurationibus
1019 973 1164 1010 ratione
1187 973 1516 1021 monasteriorum
1534 974 1734 1012 domorum
1754 978 1791 1012 et
1811 974 1971 1013 aliorum

429 1032 611 1077 locorum,
630 1044 773 1068 necnon
796 1044 1040 1081 personarum
1060 1031 1314 1068 Cisterciensis
1337 1031 1481 1070 ordinis
1498 1032 1593 1069 infra
1609 1032 1806 1084 legationis
1824 1035 1972 1070 nostroe

428 1089 605 1126 terminos
622 1089 860 1126 existentium
879 1102 948 1139 pro
967 1089 1134 1125 secundo
1153 1102 1252 1126 anno
1269 1090 1470 1140 praesentis
1489 1090 1683 1140 legationis
1701 1094 1848 1128 nostrae
1862 1089 1971 1128 nobis

428 1147 562 1184 debitis
579 1147 865 1184 satisfactionem
887 1147 1237 1198 receperimus‚qua
1252 1161 1383 1186 sumus
1401 1148 1811 1200 eontenti‚giiscretioni
1831 1150 1981 1186 vesu-⁸2³

427 1218 501 1255 qua
520 1205 712 1255 fungimur
729 1206 947 1242 auctoritate
967 1205 1187 1242 mandamus
1201 1211 1386 1257 quatenus
1402 1220 1422 1244 a
1442 1207 1695 1254 monasteriis,
1713 1205 1891 1244 domibus
1908 1210 1980 1244 aut*

430 1264 519 1301 locis
531 1277 594 1301 seu
615 1264 782 1314 personis
800 1264 937 1301 eisdem
958 1278 1026 1315 pro
1045 1264 1175 1301 eodem
1195 1278 1293 1302 anno
1317 1265 1434 1303 nichil
1451 1279 1519 1317 pro
1538 1265 1628 1317 ipsis
1642 1257 1972 1317 procurationiblls

428 1322 602 1373 exigatis,
630 1336 697 1360 nee
724 1323 963 1368 monasteria,
990 1324 1122 1361 domos
1153 1337 1218 1361 seu
1251 1325 1328 1361 loca
1359 1325 1417 1362 vel
1451 1338 1628 1376 personas
1658 1325 1804 1362 casdem
1836 1323 1972 1363 exinde

427 1380 661 1430 aliquatenus
676 1382 892 1426 molestetis,
906 1382 1139 1420 restituentes
1153 1382 1205 1419 eis
1220 1383 1362 1434 absque
1376 1383 1594 1421 difficultate
1607 1383 1823 1421 omnimoda
1843 1382 1969 1433 siquid

428 1440 475 1476 ab
499 1440 572 1477 illis
599 1453 667 1491 pro
693 1441 800 1478 dietis
825 1442 1155 1492 procurationibus
1174 1442 1292 1492 ipsius
1310 1442 1397 1479 anni
1421 1443 1575 1480 secundi
1597 1442 1763 1480 forsitam
1786 1440 1969 1492 exegistis.

430 1499 634 1536 sententias
654 1505 776 1536 autem
796 1500 1195 1537 excommunicationis
1213 1505 1249 1538 et
1268 1500 1473 1547 interdicti,
1489 1501 1519 1538 si
1537 1514 1635 1552 quae
1652 1501 1689 1538 in
1709 1500 1971 1546 monasterios5

430 1557 560 1594 domos
577 1572 639 1594 scu
656 1571 832 1608 personas
847 1559 903 1595 vel
925 1559 1003 1595 loca
1020 1559 1206 1608 praedicta
1224 1564 1417 1610 praetextu
1431 1559 1739 1625 procurationum
1754 1557 1969 1595 earumdem

430 1630 504 1652 non
527 1617 731 1654 soluturum
755 1622 858 1654 nostr
860 1632 879 1654 ¹1
903 1623 990 1654 sunt
1012 1618 1229 1655 auctoritate
1252 1619 1434 1669 prolatae
1463 1618 1543 1655 sine
1565 1618 1783 1655 difficultate
1805 1616 1972 1673 qualibet

429 1675 613 1719 relaxetis.
629 1689 714 1711 cum
735 1676 903 1726 personis
918 1676 1056 1713 eisdem
1077 1676 1346 1714 nichilominus
1363 1676 1631 1727 dispensando
1646 1676 1676 1714 si
1696 1681 1783 1713 sunt
1801 1674 1923 1712 cleriei
1937 1678 1973 1711 et

430 1733 482 1769 sic
501 1733 562 1783 lig
555 1734 602 1770 iti
619 1747 692 1770 non
713 1735 961 1771 abstinuerint
975 1749 994 1770 a
1011 1735 1160 1772 (livinis.
1180 1735 1338 1779 Datum
1357 1741 1424 1772 ete.

479 1793 572 1829 Cum
591 1793 704 1844 igitur
722 1795 836 1831 nostri
857 1794 1036 1845 propositi
1053 1794 1100 1830 sit
1115 1795 1360 1845 praescriptas
1372 1795 1511 1831 litteras
1527 1794 1635 1844 legati
1650 1793 1741 1830 seria
1756 1792 1860 1829 tertia
1876 1791 1970 1828 infra

429 1850 673 1888 ebdomadem
703 1852 930 1889 pentecostis
957 1852 1218 1890 collectoribus
1251 1853 1556 1903 procurationum
1585 1852 1623 1888 in
1653 1850 1802 1902 dyocesi
1826 1850 1971 1887 Torna-

430 1909 528 1945 ccnsi
553 1923 621 1959 pro
644 1907 753 1947 nobis
782 1916 817 1947 ct
839 1911 944 1947 vobis
969 1910 1218 1947 communiter
1243 1925 1308 1962 per
1332 1917 1502 1949 nostrum
1525 1911 1699 1948 nuntium
1726 1913 1973 1960 praesentare,

429 1972 565 2004 extunc
597 1969 643 2004 ad
675 1969 932 2020 repetitionem
968 1969 1150 2020 portionis
1183 1976 1344 2015 vestrae,
1378 1971 1407 2008 si
1443 1984 1523 2008 eam
1554 1969 1735 2016 solvistis.v
1771 1967 1971 2019 procedere

431 2027 614 2076 poteritis„
636 2034 745 2079 prout
763 2029 954 2065 videbitur
971 2029 1157 2079 expedire.
1178 2030 1333 2077 Datum⁷
1352 2034 1418 2067 etc.
1460 2026 1467 2032 ⁸
