2184 3074
421 317 468 354 56
972 307 1133 346 CODEX
1158 305 1406 344 DUNENSIS.

1125 481 1252 520 XLIV.

458 607 625 643 Examen
646 603 689 640 de
707 602 743 639 la
761 600 940 638 demando
957 599 1067 636 d’une
1085 597 1226 635 abbesse
1242 598 1327 647 qui,
1347 597 1371 633 ἀ
1388 609 1494 634 cause
1512 596 1574 633 des
1588 595 1705 646 perils
1722 596 1766 634 de
1784 595 1822 634 la
1839 609 1931 643 mer,

820 659 939 696 desire
957 656 1089 695 &lablir
1105 656 1260 694 ailleurs
1277 668 1342 692 son
1361 657 1575 692 monastero».

477 856 569 893 Cum
590 853 775 890 abbatissa
795 857 831 889 ct
845 854 1049 888 conventus
1068 849 1114 886 de
1129 877 1285 886 .......
1303 848 1420 885 velint
1437 848 1483 885 ad
1501 848 1651 885 vitanda
1669 849 1782 886 maris
1799 849 1965 899 pericula

428 928 466 952 se
488 912 700 958 transferre,
721 911 828 948 vobis
851 910 1071 946 mandamus
1101 907 1261 958 benigne
1283 911 1454 958 rogantes
1481 911 1663 956 quatenus
1689 907 1735 944 ad
1756 912 1967 958 utrumque

429 973 551 1009 locum
572 970 815 1021 personaliter
828 969 1062 1014 accedentes,
1082 967 1153 1004 hiis
1173 966 1372 1016 diligenter
1389 965 1583 1016 inspectis,
1599 965 1702 1015 quod
1719 965 1826 1002 vobis
1843 965 1966 1002 visum

430 1030 541 1068 fuerit
560 1029 733 1079 expedire
755 1028 972 1065 auctoritate
996 1031 1138 1073 nostra,
1164 1038 1277 1076 quam
1303 1024 1411 1061 vobis
1437 1029 1619 1074 quantum
1646 1023 1693 1060 ad
1720 1023 1792 1060 hoc
1817 1024 1967 1062 totalem

431 1088 716 1134 committimus,
738 1087 816 1123 fieri
833 1085 1007 1136 jubeatis.

1142 1196 1246 1206 -00—

1150 1339 1259 1377 XLV.

602 1460 854 1498 Delimilation
881 1459 944 1496 des
967 1459 1154 1508 paroisses
1181 1458 1224 1494 de
1249 1456 1519 1495 Sainl-Nicolas
1544 1462 1577 1494 el
1601 1456 1645 1493 de
1669 1455 1818 1493 Belcele.

486 1653 669 1692 Noveritis
696 1652 799 1703 quod
827 1665 894 1689 nos
914 1681 1068 1689 ......
1096 1652 1178 1689 freti
1208 1651 1288 1688 vice
1314 1651 1457 1688 domini
1483 1651 1647 1702 episcopi
1670 1650 1914 1688 Tornacensis
1938 1650 1977 1687 in

437 1712 658 1749 limitatione
676 1711 958 1762 parrochiarum
978 1711 1103 1747 Sancti
1123 1710 1292 1748 Nicholai
1312 1714 1348 1746 et
1365 1710 1411 1746 de
1430 1710 1586 1755 Bersekz,
1601 1713 1754 1760 propter
1766 1709 1838 1746 hoc
1851 1719 1981 1759 perso-

439 1771 573 1808 naliter
585 1770 799 1807 accedentes
813 1769 859 1805 ad
874 1769 1038 1806 confinia
1053 1769 1238 1806 dictarum
1253 1768 1548 1819 parrochiarum,
1562 1768 1608 1804 de
1622 1767 1778 1804 consilio
1793 1767 1979 1804 bonorum

439 1835 475 1867 et
499 1829 726 1880 prudentum
752 1828 919 1864 virorum
942 1828 1153 1864 vicinorum
1180 1827 1532 1877 parrochianorum,
1551 1826 1730 1863 terminos
1752 1824 1981 1876 saepedicta-

439 1902 523 1926 rum
549 1886 830 1938 parrochiarum
858 1886 1098 1923 distinximus
1124 1886 1163 1922 in
1191 1886 1292 1922 hunc
1323 1885 1477 1922 modum
1504 1884 1607 1935 quod
1634 1883 1829 1935 parrochia
1854 1883 1979 1920 Sancti

441 1946 610 1984 Nicholai
633 1945 877 1995 distinguitur
903 1958 923 1981 a
949 1944 1145 1995 parrochia
1164 1944 1210 1980 de
1229 1944 1375 1980 Bersele
1399 1944 1437 1980 in
1456 1943 1616 1980 termino
1635 1942 1701 1992 qui
1721 1942 1904 1979 Dalstrata
1923 1941 1983 1978 di-

442 2005 550 2050 citur⁷
568 2003 774 2041 secundum
799 2003 901 2053 quod
926 2002 1024 2039 idem
1052 2003 1232 2040 terminus
1254 2002 1468 2039 extenditur
1495 2014 1615 2052 usque
1642 1999 1686 2037 ad
1720 2000 1884 2037 rivulum
1915 1999 1981 2050 qui

440 2063 578 2099 dicitur
589 2061 803 2107 Puenbeke.,
816 2066 852 2098 ct
865 2062 912 2098 ab
930 2061 1059 2098 eodem
1075 2061 1274 2098 Puenbeke
1288 2060 1496 2098 secundum
1511 2059 1614 2110 quod
1633 2058 1804 2110 procedit
1820 2058 1982 2104 rivulus,

444 2122 623 2159 terminus
641 2121 854 2158 extendit-ur
874 2134 992 2171 usque
1010 2121 1056 2158 ad
1076 2125 1226 2171 pontem
1238 2150 1247 2167 7
1266 2125 1333 2158 etc.
1353 2121 1451 2157 Haec
1471 2124 1593 2157 autem
1613 2123 1693 2155 acta
1711 2122 1799 2155 sunt
1817 2118 1855 2154 in
1874 2130 1982 2168 prae-

444 2181 560 2218 sentia
579 2180 710 2216 talium
730 2183 766 2216 et
783 2179 924 2216 talium.
