2184 3074
464 322 536 361 4¹82
1009 321 1104 359 COD
1110 320 1172 358 EX
1198 321 1447 359 DUNENSIS.

1104 483 1357 522 CCCXXXIV.

919 603 1041 639 Lettre
1057 601 1148 638 d'tm
1165 601 1334 639 eludium
1351 601 1396 638 de
1412 602 1536 639 Paris.

507 799 654 835 Dilecto
676 811 754 835 suo.
767 827 779 849 Α.
864 796 1047 834 monacho
1051 825 1139 833 .....
1161 796 1254 834 talis.
1272 826 1279 833 .
1363 796 1507 834 inutilis
1534 797 1686 835 studens
1704 798 1869 836 Pal-isius
1888 789 1992 836 'salu-

458 863 529 894 tem
561 857 654 894 bene
690 855 937 901 comedendo,
969 854 1100 892 melius
1131 854 1317 901 bibendo,
1349 855 1492 905 optime
1527 855 1750 893 dormiendo
1777 857 1990 907 promereri.

506 916 638 953 Noscat
652 915 776 952 dilecti
791 919 927 951 statum
940 913 1097 951 dilectus
1115 926 1334 964 prosperum
1354 927 1422 964 per
1438 913 1577 959 omnia,
1587 918 1729 951 rectum
1744 914 1782 952 in
1797 915 1985 962 omnibus,

456 975 684 1011 fortunatum
704 973 750 1010 ad
769 972 906 1018 omnia,
921 972 1021 1008 unde
1034 972 1169 1022 gratias
1187 972 1355 1009 omnium
1375 972 1554 1023 largitori,
1572 972 1890 1024 consimiliter-que
1904 972 1991 1011 scri·

456 1033 519 1070 bat
537 1033 693 1069 dilectus
713 1044 816 1068 meus
835 1030 941 1076 mihi.
959 1035 1002 1066 ut
1016 1042 1083 1080 ego
1102 1029 1170 1076 ini,
1187 1034 1324 1068 statum
1341 1030 1409 1067 diu
1422 1030 1690 1078 desideratum,
1705 1031 1793 1082 quia
1811 1045 1923 1082 quem
1937 1031 1992 1069 di—

455 1092 530 1142 ligo
550 1104 708 1141 semper.
727 1090 824 1126 inter
842 1089 956 1126 ubera
974 1102 1054 1126 mea
1072 1087 1376 1126 commorabitur.
1393 1090 1472 1127 Hoc
1485 1090 1577 1127 sciat
1593 1090 1749 1128 dilectus
1764 1104 1878 1128 meus.
1893 1092 1988 1129 Cum

454 1149 577 1186 adhuc
595 1153 688 1186 esset
705 1147 1062 1186 commansionarius
1080 1152 1221 1194 noster,
1242 1148 1405 1185 intellexi
1425 1148 1528 1199 quod
1545 1149 1705 1186 multum
1725 1149 1851 1187 timuit
1867 1150 1989 1188 claus-

456 1207 596 1245 traliter
613 1207 745 1244 vivere.
773 1205 855 1244 Non
881 1205 1082 1244 formident
1106 1207 1279 1258 scapulae
1292 1206 1484 1244 fortissimi
1508 1209 1655 1258 portare
1677 1207 1779 1258 quod
1801 1206 1988 1246 debilissi-

454 1280 552 1313 mus⁷
570 1266 742 1303 videlicet
755 1279 775 1303 a
790 1270 885 1303 terra
900 1266 1019 1303 levare
1037 1265 1185 1316 pondus
1203 1265 1357 1316 quidem
1375 1265 1580 1304 claustrale.
1599 1266 1678 1303 Hoc
1695 1271 1817 1317 potest
1833 1266 1987 1305 claudus

452 1329 617 1375 portare,
641 1324 812 1361 infirmus
843 1323 1042 1369 sustinere,
1075 1324 1270 1375 multoque
1295 1324 1428 1362 melius
1454 1324 1526 1362 hoc
1548 1325 1627 1375 ipsa
1655 1325 1873 1363 Parisiensis
1896 1338 1988 1363 con-

453 1384 605 1422 scientia
624 1383 804 1434 portabit,
823 1396 908 1420 cum
929 1383 975 1420 ad
999 1383 1217 1420 memoriam
1241 1384 1430 1421 revocabit
1450 1384 1584 1421 multas
1609 1384 1865 1434 negligentias,
1889 1383 1990 1421 mul-

452 1449 583 1493 tosque
606 1442 828 1479 monasticae
846 1442 1034 1492 religionis
1055 1441 1226 1479 horrores
1248 1454 1343 1493 quos
1366 1442 1405 1479 in
1432 1442 1595 1479 thalamo
1614 1454 1681 1480 suo
1700 1442 1867 1479 interiori
1886 1453 1985 1479 non-

452 1502 542 1539 dum
564 1501 690 1538 timuit
708 1500 898 1551 hospitari.
920 1500 1146 1538 Rau-issimus
1165 1513 1269 1538 meus
1288 1513 1363 1538 non
1382 1501 1529 1545 timeat,
1546 1500 1611 1538 sed
1625 1503 1813 1551 gratanter
1833 1500 1986 1551 recipiat

453 1561 564 1607 mala,
579 1573 664 1597 cum
680 1560 726 1596 de
740 1572 854 1596 manu
866 1559 1018 1597 Domini
1037 1559 1135 1597 hona
1151 1560 1323 1610 suscepit.
1341 1559 1380 1596 Si
1398 1559 1498 1596 enim
1518 1559 1616 1596 bona
1634 1559 1682 1596 de
1701 1570 1815 1595 manu
1832 1558 1986 1596 Domini

453 1618 697 1668 suscepimus,
712 1619 807 1655 mala
821 1632 935 1669 quare
950 1631 1025 1655 non
1044 1618 1337 1656 sustinebimus?
1353 1618 1385 1655 si
1405 1618 1562 1655 dilectus
1577 1629 1681 1654 meus
1696 1616 1996 1654 sorbitiunculas*

454 1677 719 1728 incorporavit,
752 1678 872 1728 pultes
899 1690 1015 1728 quare
1038 1690 1112 1714 non
1136 1676 1401 1714 manducabit?
1427 1676 1456 1714 si
1481 1675 1630 1725 juvenis
1661 1687 1808 1712 anseres
1830 1674 1989 1713 libenter

455 1736 630 1782 comedit,
647 1736 729 1773 olus
747 1736 905 1786 simplex
920 1740 956 1773 et
971 1740 1075 1773 vetus
1090 1749 1206 1787 quare
1221 1748 1297 1773 non
1315 1734 1508 1773 comedet?
1526 1733 1556 1771 si
1574 1738 1756 1780 mutones,
1774 1744 1890 1784 quare
1907 1742 1983 1770 non

455 1796 547 1831 ova?
573 1794 603 1832 si
625 1792 830 1840 cuniculos,
849 1808 964 1845 quare
985 1807 1060 1831 non
1085 1796 1257 1832 caseum?
1279 1794 1309 1832 si
1333 1804 1460 1831 carnes
1487 1792 1655 1838 bovinas,
1682 1803 1799 1843 quare
1829 1802 1905 1828 non
1931 1790 1990 1828 lac

456 1853 680 1891 vitulinum?
708 1853 789 1891 Non
818 1859 871 1891 est
897 1855 962 1905 qui
988 1855 1210 1905 respondeat
1235 1854 1282 1892 ad
1307 1853 1510 1905 problema.
1537 1851 1617 1890 Erit
1634 1863 1720 1902 ergo
1737 1851 1791 1889 sic
1806 1854 1849 1888 ut
1864 1853 1989 1901 poste·

456 1912 552 1950 riora
567 1912 756 1963 prioribus
770 1913 1036 1963 respondeant,
1051 1912 1144 1950 dura
1159 1913 1355 1959 mollibus,
1375 1912 1471 1949 mala
1490 1910 1608 1948 bonis.
1628 1909 1727 1948 Vale.
