2184 3074
480 384 551 420 472
1027 381 1189 418 CODEX
1214 381 1463 419 DUNENS1S.
1486 429 1491 432 μ

481 504 556 536 rata
572 499 707 536 habere
725 503 760 535 et
780 504 921 543 tenere„
940 503 975 534 et
994 511 1068 534 non
1087 502 1214 534 contra
1230 497 1348 534 facere
1365 498 1421 534 vel
1440 498 1566 535 venire
1584 512 1650 548 per
1668 512 1735 537 nos
1753 500 1810 536 vel
1828 501 1919 538 alios
1937 501 2008 538 ali-

480 571 553 608 qua
576 570 684 593 causa
712 557 767 592 vel
791 556 939 606 ingenio
964 555 1010 592 de
1027 555 1112 604 jure
1133 555 1189 591 vel
1208 554 1253 591 de
1273 555 1368 592 sacto
1393 555 1678 606 quomodolibet
1695 557 1733 594 in
1752 558 1931 596 futurum.
1950 559 2007 596 Ad

482 615 656 664 majorem
677 614 785 651 etiam
805 614 1005 664 praesentis
1032 612 1168 663 negotii
1198 613 1410 650 firmitatem
1433 627 1498 664 per
1525 619 1734 665 praesentes
1755 616 2009 666 supplicamus

483 673 673 710 humiliter
690 672 899 709 reverendis
917 671 1084 722 patribus
1103 675 1137 708 et
1156 671 1418 709 commissariis
1445 672 1640 710 antedictis
1664 678 1847 724 quatenus
1872 675 2008 712 dictam

482 731 731 768 venditionem
750 735 786 767 et
800 731 924 767 omnia
940 730 1011 767 alia
1037 735 1072 767 et
1089 730 1234 780 singula
1252 734 1466 780 praenotata
1484 731 1667 768 ratificent
1689 736 1724 769 et
1750 733 1959 783 approbent
1975 739 2010 770 et

482 805 522 828 ea
541 790 756 828 auctoritate
770 790 858 827 dicti
878 789 1110 840 capitulisibi
1130 789 1166 826 in
1188 789 1256 826 hac
1270 794 1373 840 parte
1390 790 1586 827 commissa
1605 791 1848 829 corroborent
1863 796 1900 829 et
1919 805 2011 829 con-

483 850 643 895 firment,
661 853 860 886 statuentes
879 853 913 885 et
931 848 1145 886 ordinantes
1165 848 1382 885 auctoritate
1402 848 1588 899 praedicta
1607 862 1703 900 quae
1723 849 1770 886 ad
1787 850 1956 887 omnium
1976 855 2010 887 et

481 908 713 958 singulorum
732 907 1005 957 praedictorum
1019 906 1292 943 observantiam
1311 911 1527 957 perpetuam
1546 907 1718 944 noverint
1734 914 1955 958 opportuna.

1150 1145 1352 1184 CCCXXV.

484 1254 602 1290 Lettre
621 1252 769 1290 relative
795 1253 817 1289 ἀ
842 1253 877 1289 la
900 1254 1008 1290 saisie
1035 1265 1110 1302 par
1128 1253 1159 1290 le
1177 1259 1288 1290 comte
1304 1253 1349 1290 de
1370 1252 1538 1290 Flandre
1558 1253 1620 1290 des
1637 1253 1764 1291 arbi-es
1781 1252 1924 1291 abactas
1939 1265 2015 1302 par

1005 1311 1142 1348 l’ordre
1169 1311 1212 1348 de
1237 1311 1349 1348 l’abbe
1370 1311 1414 1349 de
1435 1340 1506 1348 ......

533 1485 754 1523 Discretioni
786 1485 934 1523 Vestrae
965 1487 1217 1537 significamus
1248 1487 1351 1537 quod
1387 1487 1542 1524 illustris
1572 1486 1746 1537 princeps
1774 1491 1810 1523 et
1839 1485 2015 1522 dominus

486 1548 608 1580 noster
629 1543 803 1581 dominus
821 1557 943 1581 comes
963 1544 1158 1581 Flandriae
1183 1545 1409 1582 saisitionem
1434 1558 1499 1582 seu
1524 1544 1852 1595 sequestrationem
1876 1543 1924 1580 de
1946 1556 2015 1581 ex-

485 1602 569 1638 cisis
589 1615 655 1652 per
674 1602 865 1653 religiosos
882 1603 981 1639 viros
1003 1603 1175 1640 abbatem
1201 1608 1237 1640 et
1261 1608 1485 1640 conventum
1507 1603 1553 1640 de
1556 1631 1710 1640 .......
1732 1602 1929 1639 arboribus
1958 1602 2014 1639 sui

488 1660 648 1696 nemoris
682 1674 747 1697 seu
776 1660 847 1697 loci
874 1661 1058 1698 nemorosi
1085 1662 1284 1711 spectantis
1306 1662 1353 1698 ad
1383 1665 1525 1698 curtem
1551 1674 1656 1698 suam
1683 1660 1729 1697 de
1733 1688 1887 1697 .......
1895 1689 1905 1707 ,
1927 1659 2017 1711 ipsis

487 1718 731 1756 renitentibus
757 1723 792 1755 et
820 1719 964 1766 invitis,
997 1733 1072 1756 non
1103 1719 1244 1757 habens
1277 1719 1512 1757 ecclesiastici
1544 1719 1746 1770 superioris
1779 1718 2016 1764 mandatum,

481 1777 592 1827 jussit
616 1777 713 1823 fieri‚
738 1782 920 1828 quantum
940 1778 978 1814 in
997 1778 1077 1828 ipso
1097 1778 1217 1815 extitit
1236 1791 1321 1815 eum
1340 1777 1491 1823 effectuq
1510 1777 1703 1814 occasione
1722 1777 1888 1814 decimae
1911 1775 2018 1828 prae-

484 1835 591 1873 dialis
621 1849 734 1887 quam
765 1836 923 1887 religiosi
955 1836 1024 1874 viri
1055 1837 1169 1874 abbas
1192 1842 1227 1874 et
1252 1841 1456 1874 conventus
1460 1865 1615 1874 .......
1630 1836 1677 1873 de
1707 1835 1820 1878 dicto,
1839 1836 1921 1873 loco
1951 1849 2015 1874 seu

485 1907 634 1931 nemore
663 1899 832 1931 asserunt
857 1894 927 1932 sibi
954 1895 1100 1941 deberi7
1132 1895 1359 1932 contrarium
1388 1895 1636 1933 asserentibus
1663 1894 1752 1945 ipsis
1779 1894 1826 1931 (lc
1847 1894 2016 1939 Tbosam

484 1952 732 1989 asserentibus
749 1966 901 2003 quoque
923 1954 959 1989 in
978 1954 1208 2003 possessione
1227 1954 1283 1990 vei
1302 1954 1408 2004 quasi
1430 1953 1526 2004 juris
1543 1951 1759 2002 hujusmodi
1784 1951 1904 1989 dictos
1924 1965 2020 2002 gau<

487 2009 614 2047 dentes
640 2023 836 2061 nunquam
865 2011 1042 2058 extitisse,
1071 2012 1211 2063 patriae
1229 2025 1380 2063 quoque
1407 2011 1715 2049 consuetudinem
1736 2009 1963 2061 generalem,
1981 2015 2018 2047 et

487 2068 737 2106 Cisterciensis
756 2069 897 2107 ordinis
919 2070 1122 2121 privilegiis
1145 2070 1282 2107 eisdem
1303 2070 1553 2121 gaudentibus
1574 2074 1610 2107 et
1628 2069 1918 2121 quibuscunque
1935 2068 2017 2106 aliis

488 2127 706 2177 petitoribus
729 2141 806 2165 esse
829 2129 1012 2166 contraria
1039 2134 1074 2166 et
1098 2143 1243 2180 semper
1273 2130 1386 2166 fuisse
1416 2142 1534 2180 usque
1564 2129 1612 2166 ad
1641 2133 1806 2178 tempora
1826 2127 2016 2164 hodierna.

486 2187 531 2223 Et
547 2187 635 2236 quia
651 2187 852 2237 praemissa
878 2189 1021 2225 notoria
1046 2194 1134 2226 sunt
1157 2194 1193 2226 et
1212 2189 1465 2233 manifestata,
1491 2188 1597 2225 vobis
1623 2191 1750 2224 tenore
1768 2185 2016 2237 praesentium

489 2244 713 2292 intimamus,
727 2246 757 2283 si
773 2247 926 2284 forsitan
942 2247 1030 2284 dicti
1045 2248 1160 2285 abbas
1175 2253 1210 2285 et
1223 2251 1428 2285 conventus
1441 2247 1487 2284 de
1501 2247 1650 2284 Thosan
1664 2249 1827 2283 vestrum
1843 2242 2020 2281 duxerint

487 2316 598 2352 super
616 2303 688 2340 hiis
707 2296 932 2342 defensionis
958 2305 1185 2355 praesidium
1210 2305 1505 2356 implorandum,
1531 2318 1576 2342 ex
1603 2304 1729 2341 animo
1756 2315 1822 2340 vos
1849 2306 2018 2353 rogantes

487 2366 668 2410 quatenus
687 2362 918 2411 praedictum
937 2363 1107 2400 abbatem
1128 2363 1174 2400 de
1195 2364 1343 2401 Thosan
1355 2393 1364 2409 ,
1385 2363 1532 2414 pietatis
1553 2362 1691 2399 intuitu
1710 2366 1746 2398 et
1760 2361 1840 2397 zelo
1853 2359 2019 2410 justitiae

487 2431 597 2468 quem
616 2418 662 2455 ad
681 2419 851 2456 ordinem
871 2426 1038 2458 nostrum
1056 2422 1242 2460 credimus
1265 2436 1330 2459 vos
1353 2422 1508 2468 habere,
1529 2421 1689 2471 benigne
1706 2424 1742 2457 et
1757 2418 2017 2463 amicabiliter-2

487 2477 584 2513 sieut
601 2478 794 2524 tenemini7
811 2479 848 2515 in
868 2480 1056 2529 praedicto
1075 2481 1222 2531 negotio
1240 2481 1430 2519 assistatis.
