2184 3074
730 332 892 371 CODEX
918 333 1162 372 DUNENSlS.
1641 341 1710 378 195

175 450 337 488 dominis
357 451 623 502 temporalibus
645 452 789 489 solvent
807 464 871 488 seu
889 452 1079 488 solverunt
1109 453 1164 488 vel
1183 466 1279 503 quae
1298 454 1346 490 ab
1363 455 1414 491 eis
1439 455 1644 506 exige-ntum,
1664 457 1708 493 de

173 510 419 548 subventione
435 511 535 548 dicto
552 510 627 562 regi
647 510 814 548 facienda
833 510 1048 548 deducatur.
1068 510 1168 548 Alias
1184 524 1257 549 non
1272 517 1326 550 est
1345 513 1560 552 intentionis
1578 528 1709 552 corum

172 569 218 606 ad
234 569 518 606 subventionem
539 569 704 620 aliquam
724 569 929 606 faciendam
948 569 1102 606 domino
1123 570 1196 620 regi
1218 584 1257 608 se
1279 571 1514 622 aliquatenus
1532 574 1707 624 obligare.

174 627 264 664 ltem
281 628 690 678 supplicant'p'raedieti
709 628 811 679 quod
830 641 958 666 omnes
979 628 1166 667 libertates
1184 634 1219 666 et
1238 630 1470 669 conditiones
1485 646 1581 683 quae
1598 646 1709 684 super

171 685 268 722 dicta
287 685 533 723 subventione
553 686 716 724 ecclesiis
736 686 1010 724 cathedralibus
1033 687 1300 735 conceduntur,
1315 689 1453 727 eisdem
1469 691 1607 741 pariter
1621 706 1707 742 per-

173 743 378 781 mittantur.

881 801 1003 812 *—

883 924 991 961 CXX.

245 1030 313 1067 Les
331 1031 552 1067 monasteres
570 1029 632 1068 des
652 1030 778 1068 Dunes
801 1036 834 1068 ct
856 1030 899 1068 de
922 1030 1070 1069 Thesara
1093 1033 1312 1072 demandent
1328 1035 1352 1071 ἁ
1366 1037 1440 1072 e‘tre
1455 1037 1634 1085 exemptas

422 1087 466 1126 de
483 1087 522 1125 la
537 1087 750 1126 subvention
768 1089 943 1127 re'clame'e
955 1103 1031 1139 par
1048 1090 1080 1128 le
1096 1098 1207 1130 comte
1223 1093 1266 1130 de
1284 1093 1462 1130 Flandre.

220 1273 314 1310 Cum
334 1272 490 1310 illustris
516 1285 639 1310 comes
658 1273 740 1311 talis
763 1286 830 1324 pro
846 1273 1003 1311 tuitione
1023 1279 1137 1312 terrae
1162 1287 1250 1312 suae
1270 1276 1554 1314 subventionem
1575 1278 1647 1315 sibi
1668 1278 1704 1315 in

170 1331 279 1369 certis
297 1335 333 1368 et
349 1331 482 1368 taxatis
504 1331 661 1368 summis
693 1344 767 1368 non
795 1331 952 1369 modicis
978 1332 1088 1371 etiam
1111 1345 1177 1383 per
1201 1333 1376 1370 saisinam
1405 1334 1590 1372 bonorum
1620 1349 1707 1374 nos-

170 1393 312 1426 trorum
332 1388 500 1426 exhiheri
513 1388 591 1438 jam
610 1389 853 1439 postulaverit
870 1402 956 1427 cum
978 1390 1186 1437 effcctu‚·et
1206 1391 1475 1430 nichilominus
1493 1393 1531 1430 in
1550 1394 1707 1431 concilio

170 1447 458 1498 Compendiensi
478 1459 598 1498 nuper
612 1447 741 1486 habito
762 1448 991 1486 Francorum
1012 1449 1086 1500 regi
1114 1462 1133 1486 a
1158 1450 1330 1500 praelatis
1351 1455 1387 1488 ct
1403 1452 1571 1501 personis
1589 1453 1707 1489 eccle-

171 1506 344 1554 siasticis,
367 1506 464 1544 sicut
494 1505 767 1550 intelleximus,
792 1507 831 1544 in
856 1507 1028 1545 Remensi
1059 1508 1251 1558 provincia
1275 1509 1418 1546 decima
1447 1510 1495 1547 sit
1518 1523 1706 1555 concessa,

170 1577 280 1616 grave
297 1577 449 1615 quoque
464 1565 575 1611 foret,
591 1577 659 1602 nec
675 1577 836 1616 aequum
856 1565 1045 1603 videretur
1057 1566 1161 1616 quod
1177 1567 1325 1618 utrique
1338 1568 1493 1605 domino
1507 1569 1553 1606 de
1567 1569 1704 1606 eisdem

171 1622 280 1660 bonis
293 1635 336 1659 ac
353 1635 421 1673 pro
439 1622 568 1673 eodem
587 1622 736 1674 negotio
757 1623 1003 1670 solveremus,
1030 1624 1220 1662 dilectioni
1246 1630 1387 1663 vestrae
1411 1626 1572 1678 benigue
1598 1640 1705 1665 inan—

170 1681 302 1719 damus
320 1686 503 1732 quatenus
522 1682 660 1732 peritos
679 1682 795 1720 nostri
815 1683 958 1720 ordinis
977 1683 1178 1721 consulatis
1195 1689 1231 1721 et
1248 1697 1294 1721 an
1315 1685 1425 1735 primi
1445 1685 1597 1723 abbates
1616 1685 1707 1723 sub-

171 1739 382 1777 ventionem
417 1739 634 1790 hujusmodi
668 1740 834 1778 decimae
864 1741 1070 1787 secundum
1102 1742 1259 1779 sormam
1293 1743 1418 1780 datam
1447 1744 1486 1780 in
1518 1744 1707 1794 praedicto

169 1798 326 1836 concilio
349 1799 639 1850 Compendiensi
671 1799 912 1850 promiserint
939 1813 1004 1838 seu
1029 1801 1339 1851 compositionem
1364 1802 1528 1853 aliquam
1556 1803 1704 1840 inierint

169 1871 237 1909 pro
255 1863 351 1896 certa
371 1858 550 1909 pecuniae
568 1859 790 1909 quantitate,
805 1863 840 1896 et
857 1859 946 1910 quia
964 1859 1054 1897 alias
1073 1860 1110 1896 in
1131 1859 1346 1910 hujusmodi
1371 1861 1704 1911 compositionibus

170 1915 421 1954 taxationibus
440 1917 579 1954 suimus
599 1930 675 1954 non
694 1917 885 1955 modicum
913 1919 1141 1968 praegravati
1165 1918 1211 1955 de
1232 1919 1340 1956 bonis
1360 1920 1494 1956 nostris
1510 1919 1702 1963 solvenda,

170 1979 348 2024 tanquam
363 1975 488 2012 omnia
504 1976 542 2012 in
559 1989 673 2027 regno
687 1977 864 2014 Franciae
878 1977 1099 2023 extitissent2
1115 1978 1328 2027 praesertim
1344 1991 1428 2014 cum
1445 1990 1511 2014 nos
1525 1977 1571 2013 de
1585 1976 1704 2014 Dunis

172 2032 348 2082 majorem
366 2038 507 2084 partem
526 2034 711 2071 bonorum
743 2039 957 2072 nostrorum
981 2039 1017 2072 et
1040 2049 1106 2072 nos
1128 2036 1174 2072 de
1195 2036 1341 2086 Capella
1359 2036 1453 2072 ultra
1473 2035 1565 2071 duas
1584 2039 1703 2084 partes

170 2091 240 2128 sub
259 2091 419 2142 Imperio
441 2091 658 2139 habeamus,
682 2098 718 2130 et
742 2105 837 2130 onus
864 2093 1121 2131 subventionis
1145 2107 1210 2130 seu
1228 2094 1393 2130 decimae
1416 2092 1631 2142 hujusmodi
1656 2092 1702 2129 sit

170 2150 282 2196 reale,
296 2163 408 2188 curae
424 2154 565 2188 vestrae
583 2151 632 2189 sit
650 2152 865 2202 hujusmodi
881 2165 1079 2203 gravamen
1095 2152 1292 2203 praedictis
1308 2152 1477 2202 patribus
1492 2151 1703 2189 reverendis

169 2212 204 2245 et
221 2208 302 2245 aliis
320 2208 610 2260 quibuscunque
628 2223 775 2248 necesse
792 2211 903 2248 suerit
923 2224 1132 2261 proponere
1148 2215 1183 2247 et
1197 2210 1391 2248 ostendere
1411 2223 1496 2247 cum
1512 2209 1703 2260 diligentia

169 2271 205 2303 et
221 2265 351 2303 effectu
363 2295 372 2313 ,
390 2271 426 2303 et
442 2267 535 2317 quid
553 2267 640 2306 inde
654 2269 791 2306 factum
809 2269 921 2306 fuerit
933 2282 996 2306 seu
1012 2270 1225 2307 consultum
1245 2268 1472 2314 rescribatis,
1491 2267 1703 2304 intimantes

169 2325 271 2375 quod
290 2324 472 2375 quicquid
495 2337 563 2375 pro
589 2326 836 2365 subventione
853 2327 996 2364 domini
1021 2328 1116 2378 regis
1141 2326 1249 2364 nobis
1277 2326 1494 2377 impositum
1525 2326 1636 2363 fuerit
1657 2325 1703 2362 de

169 2382 279 2420 bonis
305 2383 440 2421 nostris
461 2389 563 2422 extra
586 2397 742 2435 regnum
765 2386 954 2432 mancine,
982 2385 1150 2423 solvendi
1174 2385 1329 2423 domino
1353 2384 1479 2422 comiti
1509 2383 1703 2422 necessitas

171 2441 392 2479 imminebit.

878 2498 996 2510 ‹ao-OQ·-
