2184 3074
740 366 902 403 CODEX
928 364 1172 404 DUNENSIS.
1646 364 1710 400 47¹

187 495 251 520 seu
278 483 498 520 elemosinae
522 488 668 520 nostrae
696 496 764 534 pro
787 483 1036 520 sustentandis
1067 482 1293 533 pauperibus
1323 483 1389 533 qui
1423 486 1600 533 perpetuo
1625 495 1715 518 con-

187 541 308 578 fluunt
328 542 372 578 ad
398 542 582 587 eamdem,
601 542 665 592 qui
688 542 874 592 portarius
901 545 1036 588 noster,
1064 554 1139 578 non
1171 547 1243 578 tam
1271 541 1390 578 dictae
1412 546 1539 592 portae
1558 539 1715 578 utilitate

186 612 298 650 quam
320 600 434 637 nostri
467 599 679 638 monasterii
697 600 799 650 gravi
827 600 1041 637 necessitate
1067 600 1248 651 pensatis,
1268 599 1352 636 licet
1369 599 1584 636 eorumdem
1604 598 1716 635 bono-

186 670 269 695 rum
288 657 448 708 pretium
466 662 560 696 esset
573 670 641 709 per
658 657 780 708 ipsum
799 657 1021 695 laboriosius
1039 663 1074 695 et
1090 657 1385 708 dispendiosius,
1400 657 1515 694 nostri
1530 657 1716 708 profectus

187 716 326 753 intuitu
350 717 596 767 procurandi,
623 716 834 766 benigniter
862 717 1057 767 acquievit.
1089 717 1324 767 Quapropter
1354 716 1543 753 communi
1574 715 1716 752 delibe—
1770 728 1773 731 ¹

187 773 287 811 tione
306 773 537 824 praehabita,
556 774 724 811 omnium
747 779 912 812 nostrum
931 775 977 812 ad
999 775 1069 812 hoc
1085 775 1259 812 concordi
1280 780 1316 812 et
1332 774 1500 811 unanimi
1520 773 1715 811 accedente

187 844 389 879 consensu,
412 833 549 870 virtute
572 833 741 870 licentiae
760 833 869 870 nobis
897 847 964 884 per
981 833 1099 871 dictos
1118 833 1338 871 reverendos
1357 837 1478 884 patres
1497 832 1586 870 dicti
1604 845 1716 883 gene-

188 890 274 928 ralis
296 891 448 942 capituli
475 891 692 929 auctoritate
705 905 918 939 concessae,
937 893 1040 942 prius
1060 897 1182 930 tamen
1201 906 1268 943 per
1287 892 1388 943 ipsos
1410 905 1522 942 super
1540 891 1611 928 hoc
1629 903 1717 928 nos-

188 952 241 986 tra
260 948 458 1000 diligenter
475 949 645 1000 indagata
665 949 879 987 necessitate
894 962 969 986 non
987 950 1141 987 minima
1157 955 1192 987 et
1205 955 1367 1001 compta,
1382 951 1477 987 bene
1490 954 1527 987 et
1544 948 1718 999 legitime.

187 1007 267 1044 sine
284 1008 408 1059 aliqua
431 1008 647 1058 exceptione
667 1008 763 1057 juris
789 1008 846 1044 vel
881 1007 986 1054 facti,
1007 1008 1092 1058 jure
1111 1009 1262 1059 proprio
1282 1009 1318 1045 in
1338 1012 1558 1059 perpetuum
1584 1007 1717 1044 vendi-

187 1065 310 1103 dimus
326 1069 362 1102 et
375 1065 596 1102 tradidimus
613 1066 777 1116 praefato
795 1065 897 1102 fratri
913 1065 1095 1102 Franconi
1111 1095 1120 1112 ,
1136 1071 1261 1103 nostro
1281 1071 1369 1103 tunc
1384 1066 1566 1116 portario,
1582 1066 1716 1102 ementi

187 1127 223 1160 et
247 1123 438 1174 recipienti
459 1124 610 1161 nomine
627 1123 748 1161 dictae
766 1128 896 1176 portae
919 1124 965 1161 ad
995 1137 1090 1175 opus
1116 1130 1152 1162 et
1177 1138 1285 1162 usum
1307 1138 1513 1176 pauperum
1538 1130 1716 1176 perpetuo

187 1181 454 1219 confluentium
468 1181 514 1218 ad
528 1182 707 1229 eamdem,
718 1183 918 1232 praemissa
933 1183 1031 1220 bona
1047 1188 1171 1221 nostra
1185 1183 1231 1220 de
1247 1183 1537 1230 Nova-Ecclesia,
1547 1183 1717 1220 videlicet

187 1240 406 1278 curticulam
420 1241 621 1291 quamdam
635 1253 720 1278 cum
732 1241 909 1279 aediliciis
925 1246 960 1278 et
973 1242 1165 1279 mansibus
1180 1242 1273 1279 inibi
1290 1242 1511 1286 constitutis,
1522 1247 1558 1278 et
1572 1241 1719 1278 circiter

188 1297 433 1348 quadraginta
446 1303 607 1349 quatuor
625 1312 816 1337 mensuras
836 1304 952 1337 terrae
971 1300 1097 1350 quitae
1116 1305 1152 1338 ct
1176 1300 1314 1337 liberae
1333 1300 1534 1350 adjacentis
1553 1300 1600 1336 ab
1618 1299 1718 1336 occi-

188 1354 325 1392 dentali
344 1359 379 1392 et
404 1356 612 1407 aquilonari
632 1362 736 1408 parte
760 1357 934 1395 ecclcsiae
952 1358 1203 1408 supradictae,
1221 1362 1257 1395 et
1279 1358 1361 1395 aliis
1383 1358 1551 1408 partibus
1575 1362 1611 1394 et
1628 1358 1718 1394 late-

189 1413 312 1460 ribus,
330 1413 360 1451 si
380 1427 476 1464 quae
494 1415 649 1462 fuerint,
675 1416 881 1466 quamlibet
899 1429 1110 1454 mensuram
1133 1417 1253 1454 dictae
1281 1421 1414 1462 terrae,
1437 1416 1622 1465 adjunctis
1647 1416 1716 1453 sibi

188 1471 366 1509 aedificiis
379 1477 415 1510 et
429 1473 620 1511 mansibus
635 1474 875 1524 praenotatis,
890 1488 958 1525 pro
973 1475 1091 1525 pretio
1105 1475 1231 1512 decem
1247 1475 1428 1512 librarum
1444 1474 1716 1525 parisiensium,

187 1529 291 1580 quod
317 1531 416 1582 capit
441 1530 479 1568 in
506 1545 651 1569 summa
677 1533 949 1583 quadringenta
979 1538 1014 1570 et
1043 1532 1286 1583 quadraginta
1317 1533 1429 1570 libras
1459 1532 1716 1583 parisiensium

188 1587 542 1637 praedictorumEt
569 1590 638 1627 hoc
656 1590 808 1642 quidem
840 1591 998 1642 pretium
1029 1604 1095 1628 nos
1121 1606 1140 1628 a
1169 1591 1333 1642 portario
1359 1596 1484 1628 nostro
1511 1590 1717 1640 praedicto.

189 1646 340 1683 nomine
374 1647 494 1685 dictae
516 1654 660 1698 portae,
685 1649 858 1687 habuisse
892 1655 927 1687 et
952 1651 1131 1701 recepisse
1167 1664 1208 1688 ac
1248 1651 1356 1688 nobis
1393 1651 1532 1701 integre
1566 1650 1694 1687 datum
1707 1679 1715 1695 ,

187 1705 350 1742 solutum
368 1710 404 1743 et
417 1711 651 1744 numeratum
670 1721 748 1746 esse
765 1713 800 1745 et
819 1708 856 1745 in
876 1709 1189 1746 evidentissimam
1209 1710 1422 1747 monasterii
1443 1710 1558 1747 nostri
1574 1709 1716 1746 utilita-

188 1767 259 1800 tem
294 1777 513 1802 conversum
542 1765 755 1815 plenissime
786 1767 1025 1813 confitemur,
1059 1767 1340 1818 exceptionibus
1372 1780 1447 1804 non
1485 1767 1560 1804 dati
1594 1767 1718 1810 nobis„

187 1833 263 1858 non
281 1821 392 1859 soluti
410 1826 446 1859 et
462 1835 537 1860 non
558 1824 739 1860 numerati
759 1824 888 1874 pretii,
906 1825 1084 1876 omnique
1102 1825 1163 1862 alii
1181 1825 1322 1862 auxilio
1345 1825 1442 1874 juris
1465 1825 1634 1862 canonici
1662 1825 1717 1860 vel

188 1883 324 1930 civilis,
355 1884 495 1922 auxilio
519 1885 628 1922 etiam
658 1886 760 1936 quod
784 1887 962 1937 competit
993 1887 1254 1925 circumventis
1287 1888 1383 1924 ultra
1409 1887 1603 1924 dimidiam
1627 1887 1718 1937 justi

188 1941 296 1992 pretii
316 1943 570 1980 renuntiantes
589 1943 762 1990 omnino,
781 1944 960 1982 donantes
979 1945 1088 1982 etiam
1107 1959 1152 1982 ex
1171 1950 1267 1982 certa
1287 1945 1438 1982 seientia
1457 1945 1576 1982 dictae
1591 1949 1718 1995 portae

189 2004 335 2037 nostrae
354 2000 644 2039 irrevocabiliter
662 2002 691 2039 si
716 2002 809 2053 quid
829 2016 886 2040 res
910 2016 1010 2040 nunc
1029 2004 1112 2054 plus
1131 2004 1226 2040 valet
1244 2008 1307 2040 aut
1326 2003 1363 2040 in
1382 2004 1549 2040 futurum
1566 2001 1718 2039 forsitan

190 2057 274 2107 plus
290 2058 447 2105 valebit,
476 2064 512 2096 et
534 2060 793 2098 transferentes
811 2074 922 2098 omne
935 2062 997 2111 jus
1024 2067 1060 2098 et
1078 2062 1339 2112 proprietatem
1367 2061 1468 2111 quod
1487 2066 1521 2098 et
1539 2073 1651 2111 quam
1682 2060 1718 2096 in

190 2116 299 2154 dictis
316 2117 425 2155 bonis
446 2118 645 2156 habuimus
663 2120 719 2156 vel
741 2120 875 2157 habere
890 2122 1092 2171 potuimus,
1108 2121 1146 2158 in
1163 2126 1324 2159 nostram
1340 2126 1485 2171 portam
1503 2133 1567 2157 seu
1581 2120 1720 2156 elemo-

194 2175 312 2212 sinam
329 2176 598 2226 supradictam,
613 2178 707 2215 acin
722 2179 904 2229 perfectae
918 2180 1167 2217 translationis
1186 2180 1332 2230 signum
1348 2179 1592 2216 instrumenta
1611 2191 1722 2228 super

191 2234 300 2272 dictis
328 2234 439 2272 bonis
457 2235 583 2274 habita
603 2242 639 2273 et
656 2238 822 2275 confecta
848 2238 967 2275 eidem
995 2239 1173 2276 duximus
1191 2238 1428 2292 resignanda,
1448 2238 1594 2274 nullum
1613 2236 1720 2273 nobis

192 2293 255 2330 sed
277 2292 397 2330 dictae
426 2299 554 2344 portae
575 2296 832 2333 tantummodo
861 2296 1078 2347 suffragium
1096 2297 1316 2347 praestitura
1336 2312 1342 2333 :
1372 2296 1628 2346 promittentes
1653 2308 1721 2345 pro

193 2351 302 2388 nobis
325 2356 362 2388 et
382 2352 490 2390 nobis
513 2353 551 2390 in
571 2358 761 2404 posterum
789 2356 1013 2392 successuris
1035 2355 1132 2393 dicta
1160 2355 1276 2401 bona,
1302 2359 1414 2406 prout
1438 2354 1609 2405 superius
1634 2359 1719 2391 sunt

192 2422 380 2460 expressa,
399 2415 473 2447 tam
493 2411 530 2448 in
549 2412 779 2462 possessione
797 2426 910 2463 quam
933 2413 970 2450 in
990 2413 1215 2464 proprietate
1238 2413 1400 2464 legitime
1425 2410 1665 2463 garandizare
1689 2417 1721 2447 et

194 2467 391 2504 defendere
409 2473 535 2505 eontra
554 2482 697 2515 omnes,
717 2475 752 2507 et
769 2470 894 2509 omnia
913 2475 948 2508 et
965 2471 1110 2522 singula
1131 2470 1341 2522 supradicta
1368 2471 1472 2507 firma
1492 2474 1672 2520 perpetuo
1689 2475 1721 2506 et
