2184 3074
486 311 560 348 408
1035 306 1198 344 CODEX
1223 306 1472 344 DUNENSlS.

1124 443 1376 510 chxxvm.

654 589 693 626 V
690 595 767 626 ente
784 588 894 626 d’une
912 594 1008 625 terre
1023 588 1185 626 nomme'e
1203 587 1365 633 Onlant,
1384 589 1495 626 sitm‘e
1508 590 1596 638 pres
1614 589 1659 626 de
1675 590 1842 626 Damme.

531 782 606 820 Nos
631 783 719 819 tales
743 786 779 818 et
803 782 911 827 tales,
929 780 1075 818 vassalli
1103 780 1181 818 sive
1204 781 1375 818 homines
1401 781 1546 818 domini
1576 781 1679 828 talis,
1706 788 1836 820 notum
1861 783 2016 820 facimus

474 839 663 877 'universis
693 845 902 890 praesentes
932 839 1070 876 litteras
1102 838 1323 889 inspecturis
1354 839 1456 890 quod
1486 839 1606 877 Lenta·
1626 840 1708 878 talis
1738 845 1794 878 tot
1824 853 2015 878 mensurna

483 904 616 945 terrae,
634 912 765 949 parum
785 898 870 948 plus
887 898 945 934 vel
967 898 1108 943 minus,
1133 897 1183 934 ita
1208 904 1331 934 tamen
1353 897 1456 948 quod
1480 903 1576 935 terra
1603 911 1698 949 quae
1722 899 1861 936 dicitur
1878 899 2019 937 Onlaut

480 957 525 994 ad
539 958 701 994 valorem
717 957 836 993 bonae
851 961 967 993 terrae
980 955 1111 992 fertilis
1124 969 1191 1006 per
1200 955 1344 1005 juratos
1361 960 1634 993 mensuratur-es
1647 962 1703 994 est
1715 956 1902 1003 redacta,'
1886 970 2017 1007 jacen-

482 1022 533 1054 tes
559 1016 596 1053 in
619 1016 812 1053 scabinatu
835 1016 881 1052 de
903 1016 1017 1062 Dam,
1038 1028 1131 1065 quas
1153 1014 1314 1052 habebat
1335 1019 1371 1052 et
1394 1015 1577 1052 tenebat
1566 1029 1606 1052 in
1631 1016 1741 1052 feodo
1770 1015 1869 1053 dicta
1900 1016 1930 1054 L
1931 1020 2015 1054 enta

480 1075 526 1112 de
543 1075 733 1125 praedicto
751 1074 905 1111 domino
925 1074 1003 1120 tali,
1021 1074 1067 1110 de
1084 1087 1150 1111 sua
1170 1074 1286 1110 libera
1304 1074 1496 1111 voluntate
1514 1078 1551 1111 et
1568 1074 1615 1111 de
1632 1087 1815 1112 consensu
1833 1074 2013 1126 pmedieti

479 1133 677 1179 Johannis.
693 1132 814 1170 mariti
833 1132 910 1178 sui,
929 1145 1075 1169 necnon
1090 1132 1172 1169 talis
1191 1132 1324 1170 tutoris
1344 1132 1421 1169 sive
1435 1132 1616 1169 curatoris
1629 1132 1685 1169 sui
1706 1132 1753 1169 ad
1768 1133 1838 1169 hoc
1851 1131 2015 1183 legitime

480 1192 573 1237 dati,
598 1191 773 1241 magistro
796 1190 947 1241 AEgidio
971 1191 1050 1236 tali,
1073 1204 1141 1240 pro
1163 1190 1325 1240 quadam
1349 1190 1529 1241 pecuniae
1552 1203 1698 1227 summa
1724 1190 1794 1241 ipsi
1818 1191 1954 1227 Lentae
1978 1194 2015 1227 et

480 1250 669 1300 praedicto
684 1249 818 1286 marito
837 1262 920 1295 su0,
942 1253 984 1286 ut
1008 1249 1209 1292 asserebat,
1229 1249 1456 1299 integraliter
1473 1249 1661 1299 persoluta
1675 1278 1685 1295 ,
1705 1261 1743 1286 se
1760 1261 1885 1286 coram
1903 1247 2013 1293 nobis

479 1314 656 1359 tanquam
683 1307 900 1344 hominibus
923 1320 986 1344 seu
1011 1307 1176 1344 vassallis
1201 1306 1290 1343 dicti
1309 1307 1452 1343 domini
1472 1307 1554 1344 talis
1573 1307 1619 1343 ad
1639 1306 1710 1343 hoc
1730 1307 1890 1344 evocatis
1909 1318 2014 1343 reeo—

479 1366 606 1417 gnovit
625 1371 660 1402 et
679 1366 845 1402 confessa
864 1365 935 1402 fuit
952 1365 1047 1402 bene
1061 1370 1096 1402 et
1109 1365 1271 1415 legitime
1284 1365 1496 1402 vendidisse
1510 1370 1546 1402 et
1559 1378 1619 1402 eas
1634 1365 1671 1401 in
1687 1378 1819 1402 manus
1833 1364 2011 1415 praedicti

479 1425 622 1463 domini
647 1425 704 1462 sui
725 1425 836 1461 talis
827 1438 864 1461 in
885 1424 1090 1475 praesentia
1117 1429 1286 1461 nostrum
1310 1424 1527 1470 hominum,
1553 1424 1726 1460 videlicet
1751 1423 1839 1460 dicti
1868 1423 2011 1460 domini

478 1485 559 1521 talis
579 1482 799 1534 supradicti
818 1487 854 1519 et
871 1496 938 1533 per
956 1482 1142 1531 judicium
1169 1487 1336 1519 nostrum
1359 1481 1575 1532 reportavit,
1599 1481 1771 1531 werpivit
1792 1485 1827 1518 et
1850 1481 2014 1532 legitime

478 1541 705 1579 effestucavit
721 1541 766 1577 ad
785 1554 880 1591 opus
898 1540 998 1577 illius
1021 1553 1198 1590 personae
1215 1553 1328 1590 quam
1347 1536 1558 1590 praedictus
1577 1540 1750 1589 magister
1768 1539 1838 1589 ipsi
1857 1538 2013 1576 domino

479 1599 667 1649 praedicto
691 1599 752 1635 tali
777 1598 1046 1649 praesentabit
1061 1599 1151 1634 dum
1175 1598 1246 1635 sibi
1270 1598 1466 1648 placuerit,
1487 1597 1533 1634 ad
1559 1597 1761 1634 tenendum
1788 1610 1848 1633 eas
1874 1597 1912 1634 in
1934 1597 2014 1634 feo—

477 1659 525 1695 do
550 1658 596 1694 ab
624 1658 704 1708 ipso
729 1663 763 1694 et
782 1657 980 1694 heredibus
1002 1657 1094 1703 suis,
1118 1662 1154 1693 et
1186 1657 1223 1692 in
1243 1661 1464 1707 perpetuum
1489 1655 1679 1692 habendas
1709 1660 1745 1692 et
1769 1654 2011 1706 possidendas

478 1731 562 1753 cum
588 1716 736 1753 servitio
762 1716 873 1753 unius
895 1715 1036 1752 denarii
1065 1715 1280 1760 annuatim,
1304 1727 1417 1765 quam
1449 1727 1644 1764 personam
1674 1719 1709 1750 et
1731 1713 1884 1750 heredes
1909 1713 2011 1750 illius

475 1788 654 1825 personae
681 1775 758 1825 ipse
782 1774 957 1811 dominus
982 1774 1065 1811 talis
1094 1774 1306 1824 praedictus
1329 1778 1372 1809 et
1386 1773 1443 1810 sui
1477 1772 1629 1809 heredes
1659 1772 1705 1809 de
1726 1772 1823 1808 dieta
1849 1777 1945 1808 terra
1971 1772 2010 1808 in

473 1847 582 1879 suum
611 1834 800 1870 hominem
828 1833 991 1883 recipere
1021 1833 1159 1869 debent
1188 1832 1330 1882 absque
1359 1831 1487 1882 aliquo
1518 1831 1674 1875 relevio,
1701 1830 1747 1867 ad
1777 1830 1880 1880 quod
1911 1829 2010 1866 idem

473 1894 649 1930 dominus
669 1894 750 1930 talis
769 1906 891 1930 coram
916 1893 1024 1929 nobis
1049 1906 1086 1928 se
1108 1892 1296 1937 astrinxit,
1319 1892 1367 1928 ita
1388 1896 1510 1927 tamen
1529 1890 1631 1941 quod
1649 1891 1679 1928 si
1698 1889 1909 1941 praedictus
1930 1901 2011 1926 ma·

472 1953 584 2003 gister
607 1952 676 2002 ipsi
704 1952 858 1988 domino
883 1952 945 1987 tali
972 1951 1158 1987 neminem
1184 1955 1433 2000 praesentaret
1458 1950 1504 1986 ad
1534 1949 1676 1986 dictum
1703 1949 1872 1994 feodum,
1904 1947 2009 1986 heres

473 2011 560 2047 dicti
590 2011 754 2060 magistri
787 2010 973 2060 legitimus
1005 2009 1074 2060 ipsi
1102 2009 1318 2059 homagium
1347 2009 1464 2044 facere
1489 2007 1598 2044 debet
1620 2007 1668 2043 de
1691 2007 1790 2043 dicto
1817 2006 1953 2043 relevio
1975 2012 2010 2043 et

478 2070 619 2106 solvere
644 2069 811 2105 debitum
835 2068 1025 2105 relevium.

523 2129 604 2178 Ipsa
627 2141 778 2177 quoque
803 2127 918 2164 Lenta
946 2132 1089 2163 tantum
1115 2139 1228 2176 super
1255 2125 1326 2162 hoc
1351 2138 1474 2161 eoram
1500 2124 1608 2161 nobis
1628 2123 1714 2160 fecit
1730 2123 1833 2172 quod
1852 2136 1919 2160 nos
1938 2123 2008 2161 ho—

474 2187 591 2225 mines
610 2186 787 2236 praedicti
807 2200 826 2222 a
846 2186 1059 2236 supradicto
1077 2185 1232 2222 domino
1256 2189 1382 2220 nostro
1405 2182 1587 2233 conjurati
1614 2182 1826 2219 censuimus
1847 2186 1883 2218 et
1903 2181 2008 2231 judi-

473 2246 637 2281 cavimus
657 2245 773 2294 ipsam
793 2244 935 2280 dictum
954 2244 1103 2280 feodum
1124 2243 1172 2280 ita
1192 2243 1355 2293 legitime
1373 2242 1411 2279 in
1431 2255 1562 2278 manus
1582 2241 1698 2291 ipsius
1721 2240 1864 2277 domini
1891 2240 2004 2277 nostri

472 2308 693 2354 reportasse,
709 2302 938 2353 guerpivisse
956 2307 991 2339 et
1008 2302 1239 2339 effestucasse
1262 2301 1365 2352 quod
1385 2301 1500 2337 nichil
1516 2300 1613 2350 juris
1628 2300 1666 2336 in
1687 2299 1876 2350 praedicto
1898 2299 2006 2336 feodo

474 2362 671 2398 reclamare
690 2366 820 2411 potest,
840 2374 907 2397 nec
921 2362 1056 2411 poterit
1070 2361 1107 2397 in
1124 2361 1304 2397 futurum.
1318 2360 1469 2396 Necnon
1485 2364 1520 2396 et
1534 2359 1612 2409 ipsa
1629 2359 1743 2395 Lenta
1757 2370 1881 2394 coram
1898 2357 2006 2394 nobis

476 2419 697 2470 supradictis
716 2418 932 2455 hominibus
959 2419 1031 2455 fide
1057 2419 1178 2455 media
1202 2419 1306 2455 tactis
1328 2417 1569 2455 sacrosanctis
1595 2415 1835 2466 corporaliter
1853 2419 2005 2465 sponta-
