<?xml version="1.0" encoding="UTF-8"?>
<!DOCTYPE html PUBLIC "-//W3C//DTD XHTML 1.0 Transitional//EN"
    "http://www.w3.org/TR/xhtml1/DTD/xhtml1-transitional.dtd">
<html xmlns="http://www.w3.org/1999/xhtml" xml:lang="en" lang="en">
 <head>
  <title>
</title>
<meta http-equiv="Content-Type" content="text/html;charset=utf-8" />
  <meta name='ocr-system' content='tesseract 3.04.00' />
  <meta name='ocr-capabilities' content='ocr_page ocr_carea ocr_par ocr_line ocrx_word'/>
</head>
<body>
  <div class='ocr_page' id='page_1' title='image "./codexdunensissiv00kervuoft/codexdunensissiv00kervuoft_0422.png"; bbox 0 0 2184 3074; ppageno 0'>
   <div class='ocr_carea' id='block_1_1' title="bbox 481 289 1463 333">
    <p class='ocr_par' dir='ltr' id='par_1_1' title="bbox 481 289 1463 333">
     <span class='ocr_line' id='line_1_1' title="bbox 481 289 1463 333; baseline -0.007 0"><span class='ocrx_word' id='word_1_1' title='bbox 481 295 554 333; x_wconf 82' lang='lat'><strong>580</strong></span> <span class='ocrx_word' id='word_1_2' title='bbox 1032 290 1193 329; x_wconf 85' lang='lat' dir='ltr'>CODEX</span> <span class='ocrx_word' id='word_1_3' title='bbox 1218 289 1463 329; x_wconf 82' lang='lat' dir='ltr'><strong>DUNENSlS.</strong></span> 
     </span>
    </p>
   </div>
   <div class='ocr_carea' id='block_1_2' title="bbox 1165 463 1331 502">
    <p class='ocr_par' dir='ltr' id='par_1_2' title="bbox 1165 463 1331 502">
     <span class='ocr_line' id='line_1_2' title="bbox 1165 463 1331 502; baseline -0.012 0"><span class='ocrx_word' id='word_1_4' title='bbox 1165 463 1331 502; x_wconf 80' lang='lat' dir='ltr'>CCLXII.</span> 
     </span>
    </p>
   </div>
   <div class='ocr_carea' id='block_1_3' title="bbox 979 578 1521 619">
    <p class='ocr_par' dir='ltr' id='par_1_3' title="bbox 979 578 1521 619">
     <span class='ocr_line' id='line_1_3' title="bbox 979 578 1521 619; baseline -0.007 0"><span class='ocrx_word' id='word_1_5' title='bbox 979 582 1100 619; x_wconf 80' lang='lat' dir='ltr'><strong>Lettre</strong></span> <span class='ocrx_word' id='word_1_6' title='bbox 1118 580 1161 618; x_wconf 83' lang='lat' dir='ltr'><strong>de</strong></span> <span class='ocrx_word' id='word_1_7' title='bbox 1177 578 1521 617; x_wconf 77' lang='lat' dir='ltr'><strong>recommandation.</strong></span> 
     </span>
    </p>
   </div>
   <div class='ocr_carea' id='block_1_4' title="bbox 481 767 2014 1582">
    <p class='ocr_par' dir='ltr' id='par_1_4' title="bbox 481 767 2014 1582">
     <span class='ocr_line' id='line_1_4' title="bbox 532 767 2010 826; baseline -0.005 -14"><span class='ocrx_word' id='word_1_8' title='bbox 532 776 659 826; x_wconf 80' lang='lat' dir='ltr'><strong>Nuper</strong></span> <span class='ocrx_word' id='word_1_9' title='bbox 682 775 728 811; x_wconf 94' lang='lat' dir='ltr'><strong>de</strong></span> <span class='ocrx_word' id='word_1_10' title='bbox 745 774 972 825; x_wconf 89' lang='lat' dir='ltr'><strong>quibusdam</strong></span> <span class='ocrx_word' id='word_1_11' title='bbox 990 772 1116 810; x_wconf 81' lang='lat' dir='ltr'>arduis</span> <span class='ocrx_word' id='word_1_12' title='bbox 1133 772 1381 823; x_wconf 87' lang='lat' dir='ltr'><strong>possessiones</strong></span> <span class='ocrx_word' id='word_1_13' title='bbox 1400 775 1436 808; x_wconf 93' lang='lat' dir='ltr'><strong>et</strong></span> <span class='ocrx_word' id='word_1_14' title='bbox 1453 770 1551 808; x_wconf 88' lang='lat' dir='ltr'><strong>bona</strong></span> <span class='ocrx_word' id='word_1_15' title='bbox 1571 769 1655 806; x_wconf 84' lang='lat' dir='ltr'><strong>talis</strong></span> <span class='ocrx_word' id='word_1_16' title='bbox 1672 769 1886 807; x_wconf 86' lang='lat' dir='ltr'><strong>monasterii</strong></span> <span class='ocrx_word' id='word_1_17' title='bbox 1903 767 2010 806; x_wconf 88' lang='lat' dir='ltr'><strong>vobis</strong></span> 
     </span>
     <span class='ocr_line' id='line_1_5' title="bbox 482 827 2011 882; baseline -0.005 -12"><span class='ocrx_word' id='word_1_18' title='bbox 482 833 638 882; x_wconf 86' lang='lat' dir='ltr'><strong>subjecti</strong></span> <span class='ocrx_word' id='word_1_19' title='bbox 662 831 898 882; x_wconf 78' lang='lat' dir='ltr'><strong>tangentibus</strong></span> <span class='ocrx_word' id='word_1_20' title='bbox 919 830 1045 868; x_wconf 81' lang='lat' dir='ltr'><strong>abbati</strong></span> <span class='ocrx_word' id='word_1_21' title='bbox 1071 834 1107 867; x_wconf 91' lang='lat' dir='ltr'><strong>et</strong></span> <span class='ocrx_word' id='word_1_22' title='bbox 1134 829 1332 867; x_wconf 86' lang='lat' dir='ltr'><strong>conventui</strong></span> <span class='ocrx_word' id='word_1_23' title='bbox 1351 828 1439 865; x_wconf 90' lang='lat' dir='ltr'><strong>dicti</strong></span> <span class='ocrx_word' id='word_1_24' title='bbox 1465 827 1679 865; x_wconf 80' lang='lat' dir='ltr'><strong>monasterii</strong></span> <span class='ocrx_word' id='word_1_25' title='bbox 1704 839 1750 863; x_wconf 88' lang='lat' dir='ltr'><strong>ex</strong></span> <span class='ocrx_word' id='word_1_26' title='bbox 1765 831 1870 877; x_wconf 85' lang='lat' dir='ltr'><strong>parte</strong></span> <span class='ocrx_word' id='word_1_27' title='bbox 1887 830 2011 863; x_wconf 80' lang='lat' dir='ltr'><strong>nostra</strong></span> 
     </span>
     <span class='ocr_line' id='line_1_6' title="bbox 482 884 2014 942; baseline -0.005 -13"><span class='ocrx_word' id='word_1_28' title='bbox 482 892 679 942; x_wconf 82' lang='lat' dir='ltr'><strong>multiplici</strong></span> <span class='ocrx_word' id='word_1_29' title='bbox 705 895 803 928; x_wconf 89' lang='lat' dir='ltr'><strong>mota</strong></span> <span class='ocrx_word' id='word_1_30' title='bbox 827 889 979 927; x_wconf 89' lang='lat' dir='ltr'><strong>materia</strong></span> <span class='ocrx_word' id='word_1_31' title='bbox 997 888 1244 939; x_wconf 80' lang='lat' dir='ltr'><strong>quaestionis,</strong></span> <span class='ocrx_word' id='word_1_32' title='bbox 1267 887 1365 924; x_wconf 90' lang='lat' dir='ltr'><strong>idem</strong></span> <span class='ocrx_word' id='word_1_33' title='bbox 1389 886 1503 924; x_wconf 85' lang='lat' dir='ltr'><strong>abbas</strong></span> <span class='ocrx_word' id='word_1_34' title='bbox 1529 886 1636 936; x_wconf 88' lang='lat' dir='ltr'><strong>cujus</strong></span> <span class='ocrx_word' id='word_1_35' title='bbox 1660 898 1764 930; x_wconf 88' lang='lat' dir='ltr'><strong>mens</strong></span> <span class='ocrx_word' id='word_1_36' title='bbox 1792 884 2014 922; x_wconf 78' lang='lat' dir='ltr'><strong>turbabatur</strong></span> 
     </span>
     <span class='ocr_line' id='line_1_7' title="bbox 482 943 2013 998; baseline -0.005 -11"><span class='ocrx_word' id='word_1_37' title='bbox 482 955 518 988; x_wconf 90' lang='lat' dir='ltr'><strong>et</strong></span> <span class='ocrx_word' id='word_1_38' title='bbox 535 949 785 987; x_wconf 79' lang='lat' dir='ltr'><strong>tribulabatur</strong></span> <span class='ocrx_word' id='word_1_39' title='bbox 801 949 951 985; x_wconf 84' lang='lat' dir='ltr'><strong>affectus</strong></span> <span class='ocrx_word' id='word_1_40' title='bbox 972 961 1038 998; x_wconf 87' lang='lat' dir='ltr'><strong>per</strong></span> <span class='ocrx_word' id='word_1_41' title='bbox 1055 947 1278 984; x_wconf 80' lang='lat' dir='ltr'><strong>discordiam</strong></span> <span class='ocrx_word' id='word_1_42' title='bbox 1302 945 1542 991; x_wconf 78' lang='lat' dir='ltr'><strong>antedictam</strong></span> <span class='ocrx_word' id='word_1_43' title='bbox 1559 944 1751 994; x_wconf 82' lang='lat' dir='ltr'><strong>religiosae</strong></span> <span class='ocrx_word' id='word_1_44' title='bbox 1763 943 1864 994; x_wconf 90' lang='lat' dir='ltr'><strong>pacis</strong></span> <span class='ocrx_word' id='word_1_45' title='bbox 1876 946 1914 980; x_wconf 80' lang='lat' dir='ltr'><strong>et</strong></span> <span class='ocrx_word' id='word_1_46' title='bbox 1925 954 2013 980; x_wconf 77' lang='lat' dir='ltr'><strong>suae</strong></span> 
     </span>
     <span class='ocr_line' id='line_1_8' title="bbox 481 1000 2010 1055; baseline -0.006 -10"><span class='ocrx_word' id='word_1_47' title='bbox 481 1009 654 1045; x_wconf 87' lang='lat' dir='ltr'><strong>ecclesiae</strong></span> <span class='ocrx_word' id='word_1_48' title='bbox 677 1007 872 1052; x_wconf 82' lang='lat' dir='ltr'><strong>libertatis</strong></span> <span class='ocrx_word' id='word_1_49' title='bbox 891 1011 933 1042; x_wconf 92' lang='lat' dir='ltr'><strong>ut</strong></span> <span class='ocrx_word' id='word_1_50' title='bbox 957 1005 1183 1055; x_wconf 86' lang='lat' dir='ltr'><strong>experientia</strong></span> <span class='ocrx_word' id='word_1_51' title='bbox 1209 1004 1364 1041; x_wconf 85' lang='lat' dir='ltr'><strong>docente</strong></span> <span class='ocrx_word' id='word_1_52' title='bbox 1396 1003 1656 1053; x_wconf 84' lang='lat' dir='ltr'><strong>cognovimus,</strong></span> <span class='ocrx_word' id='word_1_53' title='bbox 1683 1002 1829 1038; x_wconf 81' lang='lat' dir='ltr'><strong>fervens</strong></span> <span class='ocrx_word' id='word_1_54' title='bbox 1858 1000 2010 1046; x_wconf 81' lang='lat' dir='ltr'><strong>zelator,</strong></span> 
     </span>
     <span class='ocr_line' id='line_1_9' title="bbox 482 1059 2012 1117; baseline -0.005 -15"><span class='ocrx_word' id='word_1_55' title='bbox 482 1066 657 1117; x_wconf 90' lang='lat' dir='ltr'><strong>quaesitis</strong></span> <span class='ocrx_word' id='word_1_56' title='bbox 680 1064 853 1101; x_wconf 87' lang='lat' dir='ltr'><strong>remediis</strong></span> <span class='ocrx_word' id='word_1_57' title='bbox 875 1068 911 1100; x_wconf 92' lang='lat' dir='ltr'><strong>et</strong></span> <span class='ocrx_word' id='word_1_58' title='bbox 932 1062 1252 1100; x_wconf 83' lang='lat' dir='ltr'><strong>communicandis</strong></span> <span class='ocrx_word' id='word_1_59' title='bbox 1271 1061 1445 1107; x_wconf 87' lang='lat' dir='ltr'><strong>inventis.</strong></span> <span class='ocrx_word' id='word_1_60' title='bbox 1461 1061 1727 1097; x_wconf 87' lang='lat' dir='ltr'><strong>interveniente</strong></span> <span class='ocrx_word' id='word_1_61' title='bbox 1744 1060 1854 1096; x_wconf 89' lang='lat' dir='ltr'><strong>etiam</strong></span> <span class='ocrx_word' id='word_1_62' title='bbox 1873 1059 2012 1096; x_wconf 89' lang='lat' dir='ltr'><strong>multo-</strong></span> 
     </span>
     <span class='ocr_line' id='line_1_10' title="bbox 483 1098 2011 1173; baseline -0.005 -13"><span class='ocrx_word' id='word_1_63' title='bbox 483 1137 565 1160; x_wconf 91' lang='lat' dir='ltr'><strong>rum</strong></span> <span class='ocrx_word' id='word_1_64' title='bbox 582 1123 785 1173; x_wconf 92' lang='lat' dir='ltr'><strong>proborum</strong></span> <span class='ocrx_word' id='word_1_65' title='bbox 800 1126 835 1158; x_wconf 91' lang='lat' dir='ltr'><strong>et</strong></span> <span class='ocrx_word' id='word_1_66' title='bbox 848 1122 1051 1172; x_wconf 86' lang='lat' dir='ltr'><strong>peritorum</strong></span> <span class='ocrx_word' id='word_1_67' title='bbox 1067 1120 1234 1166; x_wconf 84' lang='lat' dir='ltr'><strong>consilio,</strong></span> <span class='ocrx_word' id='word_1_68' title='bbox 1246 1120 1334 1156; x_wconf 90' lang='lat' dir='ltr'><strong>hinc</strong></span> <span class='ocrx_word' id='word_1_69' title='bbox 1345 1124 1380 1156; x_wconf 91' lang='lat' dir='ltr'><strong>et</strong></span> <span class='ocrx_word' id='word_1_70' title='bbox 1390 1098 1477 1155; x_wconf 87' lang='lat' dir='ltr'><strong>inde</strong></span> <span class='ocrx_word' id='word_1_71' title='bbox 1490 1118 1684 1155; x_wconf 86' lang='lat' dir='ltr'><strong>nobiscum</strong></span> <span class='ocrx_word' id='word_1_72' title='bbox 1699 1130 1768 1167; x_wconf 87' lang='lat' dir='ltr'><strong>pro</strong></span> <span class='ocrx_word' id='word_1_73' title='bbox 1781 1130 1846 1154; x_wconf 85' lang='lat' dir='ltr'><strong>sua</strong></span> <span class='ocrx_word' id='word_1_74' title='bbox 1860 1116 2011 1154; x_wconf 51' lang='lat' dir='ltr'><strong>ecclesia</strong></span> 
     </span>
     <span class='ocr_line' id='line_1_11' title="bbox 482 1174 2012 1232; baseline -0.005 -13"><span class='ocrx_word' id='word_1_75' title='bbox 482 1195 594 1232; x_wconf 71' lang='lat' dir='ltr'><strong>supe}</strong></span> <span class='ocrx_word' id='word_1_76' title='bbox 612 1181 820 1232; x_wconf 88' lang='lat' dir='ltr'><strong>praemissis</strong></span> <span class='ocrx_word' id='word_1_77' title='bbox 839 1180 1049 1231; x_wconf 91' lang='lat' dir='ltr'><strong>composuit</strong></span> <span class='ocrx_word' id='word_1_78' title='bbox 1063 1184 1099 1216; x_wconf 90' lang='lat' dir='ltr'><strong>et</strong></span> <span class='ocrx_word' id='word_1_79' title='bbox 1116 1178 1305 1228; x_wconf 81' lang='lat' dir='ltr'><strong>transegit,</strong></span> <span class='ocrx_word' id='word_1_80' title='bbox 1323 1177 1371 1214; x_wconf 87' lang='lat' dir='ltr'><strong>ad</strong></span> <span class='ocrx_word' id='word_1_81' title='bbox 1387 1190 1500 1228; x_wconf 91' lang='lat' dir='ltr'><strong>quam</strong></span> <span class='ocrx_word' id='word_1_82' title='bbox 1519 1176 1598 1226; x_wconf 86' lang='lat' dir='ltr'><strong>ejus</strong></span> <span class='ocrx_word' id='word_1_83' title='bbox 1617 1175 1801 1226; x_wconf 86' lang='lat' dir='ltr'><strong>compassi</strong></span> <span class='ocrx_word' id='word_1_84' title='bbox 1818 1174 2012 1212; x_wconf 80' lang='lat' dir='ltr'><strong>doloribus</strong></span> 
     </span>
     <span class='ocr_line' id='line_1_12' title="bbox 484 1232 2012 1290; baseline -0.005 -13"><span class='ocrx_word' id='word_1_85' title='bbox 484 1254 526 1278; x_wconf 87' lang='lat' dir='ltr'><strong>ac</strong></span> <span class='ocrx_word' id='word_1_86' title='bbox 542 1240 793 1278; x_wconf 90' lang='lat' dir='ltr'><strong>sollicitudine</strong></span> <span class='ocrx_word' id='word_1_87' title='bbox 810 1245 846 1277; x_wconf 87' lang='lat' dir='ltr'><strong>et</strong></span> <span class='ocrx_word' id='word_1_88' title='bbox 862 1240 1046 1290; x_wconf 87' lang='lat' dir='ltr'><strong>probitate</strong></span> <span class='ocrx_word' id='word_1_89' title='bbox 1063 1238 1196 1275; x_wconf 86' lang='lat' dir='ltr'><strong>devicti</strong></span> <span class='ocrx_word' id='word_1_90' title='bbox 1217 1250 1284 1275; x_wconf 87' lang='lat' dir='ltr'><strong>nos</strong></span> <span class='ocrx_word' id='word_1_91' title='bbox 1301 1236 1471 1274; x_wconf 87' lang='lat' dir='ltr'><strong>inclinari</strong></span> <span class='ocrx_word' id='word_1_92' title='bbox 1494 1235 1732 1286; x_wconf 87' lang='lat' dir='ltr'><strong>permisimus</strong></span> <span class='ocrx_word' id='word_1_93' title='bbox 1759 1238 1795 1270; x_wconf 92' lang='lat' dir='ltr'><strong>et</strong></span> <span class='ocrx_word' id='word_1_94' title='bbox 1820 1232 2012 1270; x_wconf 87' lang='lat' dir='ltr'><strong>consensi-</strong></span> 
     </span>
     <span class='ocr_line' id='line_1_13' title="bbox 484 1290 2013 1348; baseline -0.007 -12"><span class='ocrx_word' id='word_1_95' title='bbox 484 1312 567 1338; x_wconf 88' lang='lat' dir='ltr'><strong>mus</strong></span> <span class='ocrx_word' id='word_1_96' title='bbox 587 1312 631 1335; x_wconf 84' lang='lat' dir='ltr'><strong>ex</strong></span> <span class='ocrx_word' id='word_1_97' title='bbox 650 1298 792 1335; x_wconf 84' lang='lat' dir='ltr'><strong>affectu.</strong></span> <span class='ocrx_word' id='word_1_98' title='bbox 812 1298 939 1348; x_wconf 84' lang='lat' dir='ltr'><strong>Igitur,</strong></span> <span class='ocrx_word' id='word_1_99' title='bbox 957 1297 1127 1348; x_wconf 92' lang='lat' dir='ltr'><strong>quamvis</strong></span> <span class='ocrx_word' id='word_1_100' title='bbox 1142 1297 1188 1333; x_wconf 90' lang='lat' dir='ltr'><strong>de</strong></span> <span class='ocrx_word' id='word_1_101' title='bbox 1202 1300 1333 1342; x_wconf 89' lang='lat' dir='ltr'><strong>vestra,</strong></span> <span class='ocrx_word' id='word_1_102' title='bbox 1348 1299 1530 1346; x_wconf 88' lang='lat' dir='ltr'><strong>quantum</strong></span> <span class='ocrx_word' id='word_1_103' title='bbox 1545 1293 1584 1330; x_wconf 90' lang='lat' dir='ltr'><strong>in</strong></span> <span class='ocrx_word' id='word_1_104' title='bbox 1597 1292 1704 1330; x_wconf 85' lang='lat' dir='ltr'><strong>vobis</strong></span> <span class='ocrx_word' id='word_1_105' title='bbox 1718 1296 1783 1338; x_wconf 92' lang='lat' dir='ltr'><strong>est.</strong></span> <span class='ocrx_word' id='word_1_106' title='bbox 1797 1291 1884 1328; x_wconf 88' lang='lat' dir='ltr'><strong>satis</strong></span> <span class='ocrx_word' id='word_1_107' title='bbox 1897 1290 2013 1328; x_wconf 79' lang='lat' dir='ltr'><strong>simus&#39;</strong></span> 
     </span>
     <span class='ocr_line' id='line_1_14' title="bbox 483 1347 2012 1405; baseline -0.006 -11"><span class='ocrx_word' id='word_1_108' title='bbox 483 1357 691 1394; x_wconf 85' lang='lat' dir='ltr'><strong>sinceritate</strong></span> <span class='ocrx_word' id='word_1_109' title='bbox 712 1357 847 1402; x_wconf 91' lang='lat' dir='ltr'><strong>securi,</strong></span> <span class='ocrx_word' id='word_1_110' title='bbox 864 1361 906 1393; x_wconf 92' lang='lat' dir='ltr'><strong>ut</strong></span> <span class='ocrx_word' id='word_1_111' title='bbox 931 1361 1053 1393; x_wconf 85' lang='lat' dir='ltr'><strong>tamen</strong></span> <span class='ocrx_word' id='word_1_112' title='bbox 1080 1356 1238 1392; x_wconf 89' lang='lat' dir='ltr'><strong>aliorum</strong></span> <span class='ocrx_word' id='word_1_113' title='bbox 1265 1352 1520 1405; x_wconf 90' lang='lat' dir='ltr'><strong>quorumlibet</strong></span> <span class='ocrx_word' id='word_1_114' title='bbox 1545 1350 1731 1388; x_wconf 85' lang='lat' dir='ltr'><strong>dubitatio</strong></span> <span class='ocrx_word' id='word_1_115' title='bbox 1759 1354 1796 1387; x_wconf 92' lang='lat' dir='ltr'><strong>et</strong></span> <span class='ocrx_word' id='word_1_116' title='bbox 1822 1347 2012 1386; x_wconf 85' lang='lat' dir='ltr'><strong>oblocutio</strong></span> 
     </span>
     <span class='ocr_line' id='line_1_15' title="bbox 485 1409 2011 1465; baseline -0.005 -13"><span class='ocrx_word' id='word_1_117' title='bbox 485 1415 735 1465; x_wconf 86' lang='lat' dir='ltr'><strong>conquiescat,</strong></span> <span class='ocrx_word' id='word_1_118' title='bbox 755 1429 927 1465; x_wconf 84' lang='lat' dir='ltr'><strong>rogamus</strong></span> <span class='ocrx_word' id='word_1_119' title='bbox 954 1415 1056 1465; x_wconf 91' lang='lat' dir='ltr'><strong>quod</strong></span> <span class='ocrx_word' id='word_1_120' title='bbox 1083 1419 1157 1451; x_wconf 88' lang='lat' dir='ltr'><strong>tam</strong></span> <span class='ocrx_word' id='word_1_121' title='bbox 1181 1414 1333 1459; x_wconf 90' lang='lat' dir='ltr'><strong>utiliter,</strong></span> <span class='ocrx_word' id='word_1_122' title='bbox 1360 1417 1433 1449; x_wconf 85' lang='lat' dir='ltr'><strong>tam</strong></span> <span class='ocrx_word' id='word_1_123' title='bbox 1463 1412 1650 1448; x_wconf 85' lang='lat' dir='ltr'><strong>fructuose</strong></span> <span class='ocrx_word' id='word_1_124' title='bbox 1676 1414 1712 1446; x_wconf 87' lang='lat' dir='ltr'><strong>et</strong></span> <span class='ocrx_word' id='word_1_125' title='bbox 1730 1409 1928 1459; x_wconf 84' lang='lat' dir='ltr'><strong>diligenter</strong></span> <span class='ocrx_word' id='word_1_126' title='bbox 1943 1420 2011 1458; x_wconf 88' lang='lat' dir='ltr'><strong>pro</strong></span> 
     </span>
     <span class='ocr_line' id='line_1_16' title="bbox 484 1466 2010 1524; baseline -0.006 -13"><span class='ocrx_word' id='word_1_127' title='bbox 484 1487 549 1512; x_wconf 90' lang='lat' dir='ltr'><strong>sua</strong></span> <span class='ocrx_word' id='word_1_128' title='bbox 567 1475 718 1511; x_wconf 86' lang='lat' dir='ltr'><strong>ecclesia</strong></span> <span class='ocrx_word' id='word_1_129' title='bbox 737 1478 1012 1524; x_wconf 88' lang='lat' dir='ltr'><strong>procuratorem</strong></span> <span class='ocrx_word' id='word_1_130' title='bbox 1034 1473 1193 1524; x_wconf 87' lang='lat' dir='ltr'><strong>benigne</strong></span> <span class='ocrx_word' id='word_1_131' title='bbox 1219 1471 1448 1523; x_wconf 86' lang='lat' dir='ltr'><strong>gratificetis,</strong></span> <span class='ocrx_word' id='word_1_132' title='bbox 1473 1469 1590 1520; x_wconf 92' lang='lat' dir='ltr'><strong>ipsius</strong></span> <span class='ocrx_word' id='word_1_133' title='bbox 1616 1468 1794 1505; x_wconf 84' lang='lat' dir='ltr'><strong>habentes</strong></span> <span class='ocrx_word' id='word_1_134' title='bbox 1820 1466 2010 1504; x_wconf 83' lang='lat' dir='ltr'><strong>ecclesiam</strong></span> 
     </span>
     <span class='ocr_line' id='line_1_17' title="bbox 486 1524 1958 1582; baseline -0.006 -13"><span class='ocrx_word' id='word_1_135' title='bbox 486 1537 522 1569; x_wconf 90' lang='lat' dir='ltr'><strong>et</strong></span> <span class='ocrx_word' id='word_1_136' title='bbox 540 1545 734 1582; x_wconf 89' lang='lat' dir='ltr'><strong>personam</strong></span> <span class='ocrx_word' id='word_1_137' title='bbox 754 1537 880 1568; x_wconf 87' lang='lat' dir='ltr'><strong>nostro</strong></span> <span class='ocrx_word' id='word_1_138' title='bbox 898 1531 1106 1568; x_wconf 86' lang='lat' dir='ltr'><strong>interventu</strong></span> <span class='ocrx_word' id='word_1_139' title='bbox 1126 1529 1377 1567; x_wconf 88' lang='lat' dir='ltr'><strong>favorabiliter</strong></span> <span class='ocrx_word' id='word_1_140' title='bbox 1394 1532 1430 1564; x_wconf 92' lang='lat' dir='ltr'><strong>et</strong></span> <span class='ocrx_word' id='word_1_141' title='bbox 1448 1526 1655 1578; x_wconf 85' lang='lat' dir='ltr'><strong>specialiter</strong></span> <span class='ocrx_word' id='word_1_142' title='bbox 1672 1524 1958 1562; x_wconf 84' lang='lat' dir='ltr'><strong>commendatas.</strong></span> 
     </span>
    </p>
   </div>
   <div class='ocr_carea' id='block_1_5' title="bbox 1181 1651 1305 1664">
    <p class='ocr_par' dir='ltr' id='par_1_5' title="bbox 1181 1651 1305 1664">
     <span class='ocr_line' id='line_1_18' title="bbox 1181 1651 1305 1664; baseline -0.024 0"><span class='ocrx_word' id='word_1_143' title='bbox 1181 1651 1305 1664; x_wconf 49' lang='lat' dir='ltr'><strong>v*</strong></span> 
     </span>
    </p>
   </div>
   <div class='ocr_carea' id='block_1_6' title="bbox 1157 1785 1341 1823">
    <p class='ocr_par' dir='ltr' id='par_1_6' title="bbox 1157 1785 1341 1823">
     <span class='ocr_line' id='line_1_19' title="bbox 1157 1785 1341 1823; baseline -0.005 0"><span class='ocrx_word' id='word_1_144' title='bbox 1157 1785 1341 1823; x_wconf 83' lang='lat' dir='ltr'><strong>CCLXlll.</strong></span> 
     </span>
    </p>
   </div>
   <div class='ocr_carea' id='block_1_7' title="bbox 488 1896 2016 1998">
    <p class='ocr_par' dir='ltr' id='par_1_7' title="bbox 488 1896 2016 1998">
     <span class='ocr_line' id='line_1_20' title="bbox 488 1896 2016 1958; baseline -0.007 -17"><span class='ocrx_word' id='word_1_145' title='bbox 488 1905 609 1942; x_wconf 79' lang='lat' dir='ltr'><strong>Lelere</strong></span> <span class='ocrx_word' id='word_1_146' title='bbox 625 1904 668 1941; x_wconf 88' lang='lat' dir='ltr'><strong>de</strong></span> <span class='ocrx_word' id='word_1_147' title='bbox 684 1903 813 1941; x_wconf 83' lang='lat' dir='ltr'><strong>Robert</strong></span> <span class='ocrx_word' id='word_1_148' title='bbox 829 1903 873 1940; x_wconf 82' lang='lat' dir='ltr'><strong>dc</strong></span> <span class='ocrx_word' id='word_1_149' title='bbox 890 1902 1070 1958; x_wconf 35' lang='lat' dir='ltr'><strong>Bet-hune,</strong></span> <span class='ocrx_word' id='word_1_150' title='bbox 1089 1908 1198 1940; x_wconf 78' lang='lat' dir='ltr'><strong>comte</strong></span> <span class='ocrx_word' id='word_1_151' title='bbox 1215 1902 1259 1939; x_wconf 80' lang='lat' dir='ltr'><strong>de</strong></span> <span class='ocrx_word' id='word_1_152' title='bbox 1275 1901 1458 1945; x_wconf 80' lang='lat' dir='ltr'><strong>Flandre,</strong></span> <span class='ocrx_word' id='word_1_153' title='bbox 1477 1899 1627 1936; x_wconf 80' lang='lat' dir='ltr'><strong>relative</strong></span> <span class='ocrx_word' id='word_1_154' title='bbox 1645 1899 1668 1934; x_wconf 85' lang='grc' dir='ltr'><em>ἁ</em></span> <span class='ocrx_word' id='word_1_155' title='bbox 1686 1897 1748 1934; x_wconf 71' lang='lat' dir='ltr'><strong>des</strong></span> <span class='ocrx_word' id='word_1_156' title='bbox 1765 1896 2016 1934; x_wconf 76' lang='lat' dir='ltr'><strong>contestatiom</strong></span> 
     </span>
     <span class='ocr_line' id='line_1_21' title="bbox 932 1960 1570 1998; baseline -0.005 -1"><span class='ocrx_word' id='word_1_157' title='bbox 932 1973 1015 1998; x_wconf 84' lang='lat' dir='ltr'><strong>avec</strong></span> <span class='ocrx_word' id='word_1_158' title='bbox 1033 1961 1064 1997; x_wconf 86' lang='lat' dir='ltr'><strong>le</strong></span> <span class='ocrx_word' id='word_1_159' title='bbox 1080 1963 1283 1998; x_wconf 62' lang='lat' dir='ltr'><strong>monastere</strong></span> <span class='ocrx_word' id='word_1_160' title='bbox 1299 1960 1344 1997; x_wconf 84' lang='lat' dir='ltr'><strong>de</strong></span> <span class='ocrx_word' id='word_1_161' title='bbox 1361 1987 1570 1996; x_wconf 90' lang='grc'><strong>........</strong></span> 
     </span>
    </p>
   </div>
   <div class='ocr_carea' id='block_1_8' title="bbox 488 2153 2020 2439">
    <p class='ocr_par' dir='ltr' id='par_1_8' title="bbox 538 2153 1566 2205">
     <span class='ocr_line' id='line_1_22' title="bbox 538 2153 1566 2205; baseline -0.004 -13"><span class='ocrx_word' id='word_1_162' title='bbox 538 2157 578 2193; x_wconf 90' lang='lat' dir='ltr'><strong>ln</strong></span> <span class='ocrx_word' id='word_1_163' title='bbox 599 2157 749 2193; x_wconf 88' lang='lat' dir='ltr'><strong>nomine</strong></span> <span class='ocrx_word' id='word_1_164' title='bbox 766 2156 883 2192; x_wconf 90' lang='lat' dir='ltr'><strong>Patris</strong></span> <span class='ocrx_word' id='word_1_165' title='bbox 902 2160 937 2192; x_wconf 91' lang='lat' dir='ltr'><strong>et</strong></span> <span class='ocrx_word' id='word_1_166' title='bbox 954 2155 1037 2192; x_wconf 89' lang='lat' dir='ltr'><strong>Filii</strong></span> <span class='ocrx_word' id='word_1_167' title='bbox 1057 2160 1093 2191; x_wconf 90' lang='lat' dir='ltr'><strong>et</strong></span> <span class='ocrx_word' id='word_1_168' title='bbox 1110 2155 1270 2205; x_wconf 89' lang='lat' dir='ltr'><strong>Spiritus</strong></span> <span class='ocrx_word' id='word_1_169' title='bbox 1288 2153 1428 2198; x_wconf 87' lang='lat' dir='ltr'><strong>Sancti,</strong></span> <span class='ocrx_word' id='word_1_170' title='bbox 1448 2164 1566 2189; x_wconf 88' lang='lat' dir='ltr'><strong>amen.</strong></span> 
     </span>
    </p>

    <p class='ocr_par' dir='ltr' id='par_1_9' title="bbox 488 2204 2020 2439">
     <span class='ocr_line' id='line_1_23' title="bbox 538 2204 2020 2260; baseline -0.009 -8"><span class='ocrx_word' id='word_1_171' title='bbox 538 2216 611 2252; x_wconf 87' lang='lat' dir='ltr'><strong>Nos</strong></span> <span class='ocrx_word' id='word_1_172' title='bbox 625 2216 748 2252; x_wconf 69' lang='lat' dir='ltr'><strong>Robu</strong></span> <span class='ocrx_word' id='word_1_173' title='bbox 751 2219 827 2260; x_wconf 90' lang='lat' dir='ltr'><strong>tus</strong></span> <span class='ocrx_word' id='word_1_174' title='bbox 841 2228 964 2251; x_wconf 88' lang='lat' dir='ltr'><strong>comes</strong></span> <span class='ocrx_word' id='word_1_175' title='bbox 979 2214 1005 2250; x_wconf 87' lang='grc' dir='ltr'><strong><em>Γ</em></strong></span> <span class='ocrx_word' id='word_1_176' title='bbox 1009 2214 1187 2259; x_wconf 82' lang='lat' dir='ltr'><strong>landriae</strong></span> <span class='ocrx_word' id='word_1_177' title='bbox 1202 2217 1330 2250; x_wconf 90' lang='lat' dir='ltr'><strong>notum</strong></span> <span class='ocrx_word' id='word_1_178' title='bbox 1346 2212 1500 2248; x_wconf 82' lang='lat' dir='ltr'><strong>facimus</strong></span> <span class='ocrx_word' id='word_1_179' title='bbox 1515 2208 1698 2246; x_wconf 88' lang='lat' dir='ltr'><strong>universis</strong></span> <span class='ocrx_word' id='word_1_180' title='bbox 1716 2204 1970 2257; x_wconf 86' lang='lat' dir='ltr'><strong>praesentibus</strong></span> <span class='ocrx_word' id='word_1_181' title='bbox 1983 2207 2020 2239; x_wconf 86' lang='lat' dir='ltr'><strong>et</strong></span> 
     </span>
     <span class='ocr_line' id='line_1_24' title="bbox 490 2262 2017 2323; baseline -0.009 -13"><span class='ocrx_word' id='word_1_182' title='bbox 490 2273 622 2310; x_wconf 86' lang='lat' dir='ltr'><strong>suturis</strong></span> <span class='ocrx_word' id='word_1_183' title='bbox 641 2277 848 2323; x_wconf 88' lang='lat' dir='ltr'><strong>praesentes</strong></span> <span class='ocrx_word' id='word_1_184' title='bbox 867 2273 1004 2308; x_wconf 84' lang='lat' dir='ltr'><strong>litteras</strong></span> <span class='ocrx_word' id='word_1_185' title='bbox 1028 2271 1247 2321; x_wconf 89' lang='lat' dir='ltr'><strong>inspecturis</strong></span> <span class='ocrx_word' id='word_1_186' title='bbox 1267 2270 1368 2321; x_wconf 90' lang='lat' dir='ltr'><strong>quod</strong></span> <span class='ocrx_word' id='word_1_187' title='bbox 1387 2269 1538 2306; x_wconf 90' lang='lat' dir='ltr'><strong>suborta</strong></span> <span class='ocrx_word' id='word_1_188' title='bbox 1557 2265 1806 2304; x_wconf 89' lang='lat' dir='ltr'><strong>controversia</strong></span> <span class='ocrx_word' id='word_1_189' title='bbox 1823 2267 1859 2299; x_wconf 88' lang='lat' dir='ltr'><strong>et</strong></span> <span class='ocrx_word' id='word_1_190' title='bbox 1875 2262 2017 2298; x_wconf 87' lang='lat' dir='ltr'><strong>discor·</strong></span> 
     </span>
     <span class='ocr_line' id='line_1_25' title="bbox 488 2319 2017 2381; baseline -0.008 -14"><span class='ocrx_word' id='word_1_191' title='bbox 488 2331 549 2368; x_wconf 91' lang='lat' dir='ltr'><strong>dia</strong></span> <span class='ocrx_word' id='word_1_192' title='bbox 571 2345 615 2367; x_wconf 85' lang='lat' dir='ltr'><strong>ex</strong></span> <span class='ocrx_word' id='word_1_193' title='bbox 634 2335 736 2381; x_wconf 89' lang='lat' dir='ltr'><strong>parte</strong></span> <span class='ocrx_word' id='word_1_194' title='bbox 754 2335 877 2367; x_wconf 90' lang='lat' dir='ltr'><strong>nostra</strong></span> <span class='ocrx_word' id='word_1_195' title='bbox 896 2343 960 2366; x_wconf 91' lang='lat' dir='ltr'><strong>seu</strong></span> <span class='ocrx_word' id='word_1_196' title='bbox 978 2335 1103 2366; x_wconf 91' lang='lat' dir='ltr'><strong>nostro</strong></span> <span class='ocrx_word' id='word_1_197' title='bbox 1122 2329 1272 2366; x_wconf 91' lang='lat' dir='ltr'><strong>nomine</strong></span> <span class='ocrx_word' id='word_1_198' title='bbox 1290 2332 1326 2364; x_wconf 87' lang='lat' dir='ltr'><strong>et</strong></span> <span class='ocrx_word' id='word_1_199' title='bbox 1342 2341 1410 2378; x_wconf 90' lang='lat' dir='ltr'><strong>pro</strong></span> <span class='ocrx_word' id='word_1_200' title='bbox 1429 2326 1538 2363; x_wconf 89' lang='lat' dir='ltr'><strong>nobis</strong></span> <span class='ocrx_word' id='word_1_201' title='bbox 1557 2329 1685 2362; x_wconf 88' lang='lat' dir='ltr'><strong>contra</strong></span> <span class='ocrx_word' id='word_1_202' title='bbox 1711 2320 1902 2372; x_wconf 89' lang='lat' dir='ltr'><strong>religiosos</strong></span> <span class='ocrx_word' id='word_1_203' title='bbox 1917 2319 2017 2356; x_wconf 87' lang='lat' dir='ltr'><strong>viros</strong></span> 
     </span>
     <span class='ocr_line' id='line_1_26' title="bbox 490 2381 2019 2439; baseline -0.009 -13"><span class='ocrx_word' id='word_1_204' title='bbox 490 2390 578 2427; x_wconf 81' lang='lat' dir='ltr'><strong>tales</strong></span> <span class='ocrx_word' id='word_1_205' title='bbox 594 2403 705 2439; x_wconf 88' lang='lat' dir='ltr'><strong>super</strong></span> <span class='ocrx_word' id='word_1_206' title='bbox 718 2388 844 2425; x_wconf 90' lang='lat' dir='ltr'><strong>multis</strong></span> <span class='ocrx_word' id='word_1_207' title='bbox 858 2393 893 2425; x_wconf 90' lang='lat' dir='ltr'><strong>et</strong></span> <span class='ocrx_word' id='word_1_208' title='bbox 907 2388 1016 2425; x_wconf 90' lang='lat' dir='ltr'><strong>variis</strong></span> <span class='ocrx_word' id='word_1_209' title='bbox 1031 2388 1213 2433; x_wconf 86' lang='lat' dir='ltr'><strong>articulis,</strong></span> <span class='ocrx_word' id='word_1_210' title='bbox 1229 2387 1400 2423; x_wconf 88' lang='lat' dir='ltr'><strong>videlicet</strong></span> <span class='ocrx_word' id='word_1_211' title='bbox 1413 2398 1524 2436; x_wconf 89' lang='lat' dir='ltr'><strong>super</strong></span> <span class='ocrx_word' id='word_1_212' title='bbox 1537 2384 1601 2421; x_wconf 87' lang='lat' dir='ltr'><strong>XL</strong></span> <span class='ocrx_word' id='word_1_213' title='bbox 1615 2381 1780 2420; x_wconf 89' lang='lat' dir='ltr'><strong>bonariis</strong></span> <span class='ocrx_word' id='word_1_214' title='bbox 1795 2384 1910 2416; x_wconf 82' lang='lat' dir='ltr'><strong>terrae</strong></span> <span class='ocrx_word' id='word_1_215' title='bbox 1923 2390 2019 2428; x_wconf 86' lang='lat' dir='ltr'><strong>quae</strong></span> 
     </span>
    </p>
   </div>
  </div>
 </body>
</html>
