2184 3074
734 253 895 292 CODEX
922 254 1169 293 DUNENSlS.
1648 257 1718 293 :225

182 371 394 410 instantiam
414 372 470 409 sui
491 372 681 409 coabbatis
702 372 810 409 nobis
829 372 1026 423 diligenter
1044 386 1233 423 exponens
1251 378 1286 409 et
1306 374 1498 423 requirens
1519 373 1716 410 consilinm

180 441 292 480 super
310 442 372 476 eo,
392 430 520 481 ibique
537 429 794 467 ordinavimus
811 430 858 467 de
874 430 998 468 eundo
1017 431 1258 482 personaliter
1275 431 1374 481 apud
1391 431 1656 468 monasterium
1672 430 1718 466 de

179 487 327 539 Capella
337 517 346 535 ,
365 488 480 540 ipsius
494 488 652 526 volentis
666 489 795 526 cedere
810 488 1052 527 intentionem
1068 494 1104 527 ct
1118 490 1348 540 propositum
1368 490 1531 527 audituri
1551 494 1587 526 et
1600 489 1716 526 visuri

178 546 208 584 si
228 546 276 584 ab
296 547 511 597 hujusmodi
525 547 716 598 proposito
730 551 852 598 posset
867 548 979 586 modo
992 561 1158 599 congruo
1173 549 1347 586 revocari.
1363 548 1468 586 Circa
1481 548 1583 599 quod
1600 547 1714 585 nichil

178 605 413 656 proficientes
435 607 590 644 omnino
614 606 738 658 ipsum
765 608 962 645 instantem
994 613 1030 645 et
1056 613 1349 659 perseverantem
1381 608 1417 644 in
1445 607 1598 644 cedendi
1626 620 1715 657 pro-

178 664 298 714 posito
316 664 543 712 invenimus,
563 678 582 702 a
602 678 678 716 quo
698 666 800 703 nullo
824 667 936 703 modo
963 667 1098 704 retrahi
1123 671 1266 717 poterat
1290 667 1367 717 ipsa
1386 666 1447 702 die
1465 679 1538 716 qua
1559 665 1712 716 ingressi

177 723 316 761 fuimus
335 724 600 764 monasterium
617 725 884 775 supradictum.

226 780 402 833 Sequenti
422 796 508 821 vero
525 783 586 820 die
602 796 732 821 suasus
748 788 784 821 et
802 784 976 821 inductus
995 798 1015 820 a
1034 784 1280 835 quibusdam,
1299 783 1396 820 dixit
1421 784 1451 820 si
1477 797 1562 820 cum
1588 782 1711 820 fructu

175 840 349 878 ecclesiae
372 845 468 879 stare
500 846 642 893 posset,
672 842 773 893 quod
799 855 894 880 onus
917 847 954 880 et
978 843 1142 880 laborem
1170 843 1380 880 nullatenus
1407 846 1601 879 recusaret.
1628 842 1711 889 Quo

175 898 318 944 audito,
337 900 549 950 praedictus
566 900 741 938 dominus
758 901 873 939 abbas
891 901 938 938 de
954 901 1090 947 Dunis,
1111 915 1200 938 usus
1220 901 1257 937 in
1276 901 1453 938 omnibus
1473 904 1599 937 nostro
1618 912 1710 936 con-

174 958 274 1005 silio,
293 959 346 996 nil
363 959 512 1010 penitus
529 959 626 997 circa
645 959 715 997 hoc
732 960 1027 1012 attemptandum
1046 960 1154 997 duxit
1171 973 1370 1011 quousque
1394 973 1414 996 a
1439 958 1656 996 melioribus
1674 962 1710 995 et

174 1017 385 1055 senioribus
399 1017 518 1055 dictae
531 1018 666 1056 domus
677 1019 846 1067 personis
860 1019 1041 1070 religiosis
1055 1033 1150 1070 quae
1168 1023 1317 1056 vocatae
1331 1031 1406 1056 non
1422 1019 1578 1063 fuerant,
1593 1021 1629 1054 et
1642 1029 1708 1054 nos

174 1088 248 1113 una
262 1088 347 1113 cum
366 1075 446 1126 ipso
460 1076 490 1113 si
505 1076 558 1113 sic
570 1076 649 1113 fieri
664 1081 802 1127 posset,
819 1077 1016 1128 diligenter
1033 1091 1074 1114 ac
1093 1077 1257 1114 studiose
1275 1076 1578 1127 investigavimus
1596 1081 1632 1112 et
1650 1075 1709 1112 in-

173 1133 344 1171 venimus
362 1133 465 1185 quod
482 1134 648 1185 pericula
665 1138 702 1172 et
715 1134 877 1186 dampna
895 1135 1024 1173 domui
1040 1135 1274 1172 imminerent
1294 1135 1505 1181 innumera,
1520 1135 1550 1172 si
1567 1134 1709 1171 diutius

174 1197 422 1243 perseveraret
439 1193 478 1230 in
496 1193 676 1244 regimine
693 1194 874 1232 abbatiae.
893 1196 976 1243 Quo
991 1195 1117 1241 relatQ
1133 1195 1287 1232 domino
1311 1194 1501 1232 Willelmo
1519 1193 1708 1244 praedicto

173 1263 286 1300 super
301 1250 466 1288 cessione
487 1264 553 1289 sua
580 1253 805 1303 acceptanda
833 1253 1039 1304 plurimum
1064 1253 1198 1291 institit
1223 1258 1259 1290 et
1281 1258 1322 1290 ut
1343 1253 1447 1303 prius
1472 1253 1708 1302 importunus

173 1307 252 1344 suit.
277 1308 491 1346 Praedictus
512 1315 633 1347 tamen
660 1310 836 1349 dominus
867 1311 982 1349 abbas
1009 1312 1055 1348 de
1079 1311 1218 1357 Dunis‚
1244 1325 1310 1362 per
1335 1311 1433 1347 viros
1461 1324 1535 1347 non
1564 1315 1707 1347 notatos

171 1380 283 1418 super
299 1367 426 1418 aliquo
444 1373 508 1405 aut
525 1370 634 1407 etiam
660 1371 832 1424 partiales
856 1372 920 1408 sed
941 1371 1108 1409 odientes
1126 1371 1329 1409 discordias
1349 1376 1389 1407 ut
1408 1371 1507 1421 pacis
1527 1371 1565 1407 in
1583 1369 1707 1406 omni-

171 1425 243 1463 bus
260 1430 456 1464 sectatores
471 1431 507 1465 et
523 1427 805 1479 diligentissima
825 1430 1106 1481 investigatione
1124 1429 1324 1480 praemissa
1343 1429 1582 1480 comperisset
1600 1441 1704 1467 suam

171 1483 374 1521 cessionem
396 1485 570 1523 eeclesiae
587 1486 792 1537 proficuam
811 1491 846 1525 et
863 1487 910 1525 ad
932 1488 1083 1525 vitanda
1107 1488 1271 1539 pericula
1296 1501 1338 1524 ac
1362 1487 1541 1524 sedandas
1562 1487 1706 1524 discor-

171 1541 250 1579 dias
274 1542 311 1579 in
339 1543 466 1580 eadem
499 1545 650 1582 ecclesia
676 1545 933 1596 multipliciter
957 1551 1200 1597 oportunam,
1220 1559 1379 1597 quarum
1402 1558 1646 1596 personarum
1667 1545 1703 1580 in

171 1600 247 1636 suis
282 1601 518 1639 conscientiis
544 1602 778 1640 astrictarum
811 1604 963 1641 nomina
992 1604 1082 1641 haec
1108 1604 1274 1649 fuerunt7
1298 1603 1495 1640 videlicet:
1529 1602 1705 1639 dominus

169 1658 221 1694 Ar
240 1687 245 1693 .
267 1687 275 1695 .
296 1688 302 1695 .
320 1687 328 1696 .
348 1663 383 1696 et
403 1689 410 1696 .
434 1688 441 1696 .
462 1689 469 1696 .
492 1689 498 1696 .
521 1665 558 1697 et
576 1690 583 1698 .
601 1689 608 1698 .
627 1690 633 1696 .
651 1690 658 1698 .
683 1666 718 1698 et
741 1662 866 1712 plures
887 1662 950 1699 alii
970 1662 1040 1699 viri
1067 1661 1227 1713 religiosi
1255 1661 1374 1698 dictae
1399 1661 1572 1698 ecclesiae
1595 1664 1706 1710 atque

170 1716 298 1766 probi,
311 1717 378 1767 qui
396 1718 505 1755 etiam
526 1731 602 1756 non
620 1720 739 1757 vocati
756 1720 851 1757 illud
865 1721 964 1758 idem
983 1721 1242 1758 incunctanter
1258 1725 1294 1757 et
1313 1720 1467 1756 firmiter
1483 1719 1705 1763 asserebant,

169 1775 381 1824 praemissis
411 1777 563 1827 quidem
593 1790 678 1815 cum
709 1778 812 1816 omni
836 1779 1047 1817 maturitate
1073 1779 1126 1816 sic
1153 1778 1289 1816 habitis
1320 1782 1356 1815 et
1377 1778 1539 1815 tractatis
1565 1782 1600 1814 et
1624 1777 1704 1827 ipso

169 1832 324 1870 domino
342 1834 536 1872 Willelmo
560 1840 650 1874 tunc
667 1836 802 1874 abbate
825 1837 873 1874 de
900 1837 1048 1888 Capella
1075 1838 1113 1874 in
1133 1850 1202 1875 suo
1225 1836 1379 1874 cedendi
1406 1836 1595 1886 proposito
1620 1848 1704 1885 per-

170 1896 356 1937 manente,
382 1892 570 1932 dominus.
590 1923 599 1931 .
619 1908 655 1932 .·’.
676 1924 684 1932 .
707 1924 714 1932 .
733 1895 856 1933 ‘abbas
880 1896 927 1934 de
951 1896 1071 1934 Dunis
1094 1909 1168 1933 una
1195 1895 1388 1934 nobiscum
1417 1894 1622 1945 capitulum
1652 1898 1702 1930 est

170 1948 376 1999 ingressus,
405 1955 442 1988 et
461 1951 603 1989 ibidem
628 1952 751 1991 dictus
774 1953 950 1992 dominus
974 1954 1188 1992 Willelmus
1216 1966 1371 2004 surgens
1399 1957 1524 2003 aperte
1553 1951 1599 1988 ad
1633 1951 1703 1988 hoc

169 2008 315 2045 veniam
333 2009 441 2059 petiit
458 2014 493 2047 et
510 2010 652 2048 absolvi
671 2012 888 2062 postulavit,
910 2025 1051 2063 suaque
1068 2025 1141 2063 pro
1155 2025 1229 2063 qua
1248 2017 1391 2049 tantum
1410 2010 1599 2057 institerit,
1617 2022 1704 2060 pos-

170 2065 348 2103 tulatione
377 2068 554 2115 admissa,
576 2069 684 2107 cessit
707 2071 923 2107 omnimoda
945 2076 981 2108 et
1005 2075 1207 2121 spontanea
1234 2069 1433 2106 voluntate.
1459 2068 1527 2106 Cui
1558 2068 1703 2105 cedenti

169 2124 332 2174 sigillum
356 2139 466 2164 suum
490 2128 705 2166 tradebatur
728 2135 841 2180 prout
869 2130 1001 2167 melius
1026 2129 1104 2167 fieri
1130 2133 1273 2180 poterat
1298 2133 1333 2165 et
1362 2127 1502 2164 malitia
1527 2126 1704 2177 temporis

170 2187 258 2220 tunc
276 2184 431 2222 sinebat,
450 2186 546 2223 Ante
563 2187 766 2225 cessionem
787 2194 908 2226 tamen
936 2202 1011 2226 non
1035 2188 1106 2225 l'uit
1122 2187 1192 2225 sibi
1214 2186 1388 2224 traditum
1415 2186 1524 2223 certis
1545 2190 1581 2222 et
1604 2185 1704 2236 peri-

168 2241 303 2279 culosis
321 2242 367 2279 de
384 2244 503 2282 causis
522 2245 813 2294 impedientibus
832 2246 1064 2284 declarandis
1082 2246 1173 2283 loeis
1194 2250 1230 2283 et
1248 2244 1478 2295 temporibus
1496 2243 1702 2294 oportunis.

168 2299 336 2351 Cumque
367 2302 412 2338 ad
441 2303 742 2354 subrogationem
774 2305 925 2342 alterius
956 2304 1101 2342 abbatis
1133 2303 1410 2354 procedendum
1442 2303 1551 2346 soret,
1582 2301 1703 2338 dictus

167 2357 341 2396 dominus
366 2361 480 2398 abbas
499 2361 545 2398 de
564 2362 683 2399 bunis
705 2362 751 2399 ad
773 2363 985 2400 instantiam
1010 2366 1213 2399 conventus
1231 2360 1520 2411 exspectandum
1543 2359 1704 2396 decrevit

1496 2420 1543 2457 ⁹29
