2184 3074
740 345 899 382 CODEX
929 346 1024 383 1)le
1032 346 1089 383 EN
1095 346 1174 383 sis.
1676 350 1722 385 059

240 459 330 496 ltem
349 460 378 498 si
398 474 492 511 papa
512 461 688 498 voluisset
701 461 900 511 prohibere
915 475 1113 510 campanas
1133 462 1289 512 pulsari7
1305 467 1430 512 portas
1447 463 1582 513 aperiri
1601 469 1636 500 et
1652 465 1720 500 alta

191 529 280 555 voce
302 519 460 564 cantari,
488 519 556 556 ista
582 519 819 569 expressisset
844 520 940 557 sicut
957 520 1003 557 de
1027 521 1358 558 excommunicatis
1377 526 1412 558 et
1433 521 1638 559 interdictis
1656 536 1722 559 ex·-

191 576 334 625 pressit.

240 634 329 672 ltem
347 635 570 673 beneficium
586 635 766 686 principis
783 636 855 673 late
873 636 1154 687 intelligendum
1174 643 1238 674 est.

241 692 399 730 Econtra
417 693 565 730 videtur
581 694 759 744 quoniam
781 707 978 745 campanas
996 695 1152 745 pulsari,
1172 701 1296 746 portas
1321 697 1454 747 aperiri
1478 702 1513 734 et
1535 698 1606 734 alta
1631 711 1719 734 voce

191 751 328 788 cantari
353 755 517 803 tempore
534 753 714 803 generalis
741 753 925 790 interdicti
952 754 1139 804 prohibita
1166 755 1443 806 intelligunturg
1470 756 1499 793 si
1526 756 1624 793 enim
1653 756 1718 793 ista

176 809 338 856 fierent,
356 810 620 849 dissolveretur
637 817 673 849 et
688 812 879 849 vilesceret
897 813 1139 850 ecclesiastica
1158 814 1365 864 disciplina.
1387 816 1479 851 Cum
1501 829 1587 866 ergo
1607 816 1723 866 privi-

190 867 327 918 legium
347 870 578 919 praedictum
598 870 712 907 nichil
731 870 778 907 de
797 871 874 908 istis
893 871 1095 918 cont-ineat,
1115 885 1189 909 non
1209 873 1293 910 licet
1310 886 1350 910 ea
1371 874 1499 910 facere.

242 927 332 964 ltem
355 927 385 965 si
412 928 479 966 ista
506 928 720 965 viderentur
745 941 916 966 concessa
941 943 1006 980 per
1024 930 1259 980 privilegium
1287 931 1558 981 supradictum,
1587 933 1719 969 frustra

190 985 450 1036 impetraretur
469 999 639 1037 expresse
657 986 703 1023 ab
723 987 934 1037 Apostolica
954 987 1065 1032 Sede3
1085 988 1218 1025 frustra
1239 989 1336 1025 enim
1355 989 1528 1039 precibus
1546 990 1721 1040 impetra-

190 1048 264 1091 tur,
282 1045 386 1096 quod
407 1045 492 1094 jure
516 1050 581 1082 est.
605 1045 698 1082 Cum
723 1058 810 1095 ergo
834 1045 935 1095 quod
955 1046 1080 1095 januis
1102 1047 1238 1096 apertis
1259 1047 1375 1097 possit
1401 1048 1576 1085 celebrari
1603 1049 1720 1099 inipe-

189 1106 305 1139 tretur
328 1102 366 1139 in
391 1102 629 1153 privilegium
657 1116 677 1139 a
702 1102 856 1139 domino
882 1116 994 1154 papa,
1022 1110 1173 1154 apparet
1191 1105 1292 1154 quod
1311 1105 1411 1142 istud
1430 1119 1504 1142 non
1526 1107 1611 1143 licet
1632 1107 1661 1144 si
1682 1107 1719 1143 iu

188 1159 382 1211 privilegio
401 1174 571 1211 expresse
585 1174 659 1198 non
674 1161 918 1208 contineatur,
937 1175 1052 1212 quare
1071 1176 1145 1199 non
1164 1163 1311 1200 videtur
1329 1164 1430 1214 quod
1450 1165 1626 1215 praedicti
1646 1166 1720 1202 fra-

190 1223 261 1256 tres
279 1219 423 1270 possint
447 1219 631 1256 celebrare
650 1220 839 1270 campanis
861 1221 1015 1270 pulsatis
1033 1226 1068 1258 et
1082 1221 1207 1270 januis
1226 1222 1361 1272 apertis
1379 1227 1414 1259 et
1433 1224 1504 1260 alta
1523 1236 1621 1261 voce.
1643 1225 1719 1261 Hoc

188 1277 362 1315 ultimum
382 1277 492 1315 credo
510 1290 588 1315 esse
603 1291 745 1315 verum.

238 1334 409 1373 Secundo
425 1335 618 1385 quaeritur
635 1335 681 1372 de
699 1335 810 1372 modo
832 1335 1005 1386 pulsandi
1025 1341 1060 1372 et
1078 1337 1250 1373 cantandi
1269 1351 1386 1387 quum
1405 1339 1543 1376 scilicet
1565 1340 1716 1377 niodum

188 1393 226 1430 in
246 1393 325 1430 istis
344 1406 489 1430 servare
506 1392 644 1429 debent
662 1393 789 1430 fratres
808 1393 1001 1444 praedicti.
1027 1394 1248 1445 Respondeo
1268 1396 1370 1446 quod
1390 1410 1463 1434 non
1480 1398 1615 1435 debent
1628 1399 1717 1448 pul-

188 1465 267 1491 sare
298 1452 351 1490 sic
381 1453 469 1499 alte,
497 1465 565 1489 nec
591 1457 738 1489 cantare
768 1452 870 1503 quod
898 1453 1059 1503 populus
1085 1453 1254 1491 videatur
1279 1455 1405 1492 induci
1432 1470 1495 1494 seu
1523 1458 1644 1494 vocari
1673 1458 1719 1494 ad

187 1511 415 1549 audiendum
435 1511 600 1549 officium
620 1510 810 1558 divinum,
830 1511 1010 1562 quoniam
1029 1525 1095 1562 per
1112 1512 1182 1549 lioc
1198 1513 1320 1551 unitas
1347 1515 1588 1552 ecclesiastica
1614 1516 1717 1552 vide-

187 1573 288 1606 retur
303 1569 420 1606 dividi
431 1598 440 1615 ‚
459 1569 489 1607 si
508 1570 547 1606 in
563 1574 656 1607 terra
670 1570 890 1620 generaliter
905 1570 1100 1607 interdicta
1114 1571 1167 1608 sic
1181 1572 1252 1608 alte
1266 1572 1455 1622 pulsarent
1468 1578 1503 1610 et
1516 1579 1717 1618 cantarent2

187 1627 290 1678 quod
306 1640 383 1665 esse
398 1640 472 1664 non
488 1627 614 1675 debet,
627 1628 690 1665 sed
704 1628 887 1666 submissa
903 1643 992 1666 voce
1007 1634 1154 1670 cantare
1169 1636 1323 1680 possunt
1336 1637 1372 1668 et
1384 1631 1538 1674 debent;
1558 1638 1593 1669 et.
1610 1633 1719 1669 credo

187 1685 291 1737 quod
310 1686 472 1736 aliquam
488 1700 706 1737 campanam
721 1688 829 1737 plane
844 1688 990 1738 pulsare
1008 1694 1157 1739 possent
1174 1690 1275 1739 quod
1296 1690 1411 1740 magis
1430 1691 1474 1727 ad
1494 1704 1720 1741 congregau-

188 1746 278 1783 dum
298 1747 426 1784 fratres
443 1760 556 1797 quam
579 1747 625 1784 ad
643 1748 744 1784 aliud
763 1748 960 1786 videantur
978 1749 1106 1786 facere.

236 1804 360 1841 Tertio
389 1805 581 1855 quaeritur
610 1811 735 1843 utrum
767 1812 958 1856 praetextu
989 1808 1166 1858 praedicti
1202 1808 1385 1859 privilegii
1418 1811 1560 1860 possint
1589 1811 1716 1847 fratros

189 1862 404 1912 hujusmodi
431 1864 643 1900 monasterii
669 1864 856 1901 celebrare
880 1865 917 1901 in
944 1866 1107 1916 grangiis
1137 1866 1302 1915 ejusdem
1336 1868 1567 1913 monasterii7
1600 1874 1633 1904 et
1664 1875 1716 1906 cst

188 1920 389 1958 dicendum
413 1921 515 1972 quod
544 1935 639 1967 non,
657 1922 836 1972 quoniam
864 1923 1100 1974 privilegium
1123 1924 1358 1961 solummodo
1381 1925 1592 1962 extenditur
1613 1927 1656 1962 ad
1677 1941 1716 1962 en

189 1982 226 2015 et
240 1979 463 2016 servandum
484 1984 538 2017 est
557 1980 594 2016 in
614 1979 686 2017 hiis
704 1994 800 2031 quae
819 1982 856 2017 in
876 1994 918 2018 eo
937 1981 1188 2018 continentur.

240 2037 331 2075 ltem
345 2038 576 2088 praedictum
595 2039 831 2090 privilegium
854 2053 1068 2078 concessum
1088 2046 1142 2077 est
1159 2041 1399 2085 monasterioff
1419 2042 1518 2078 unde
1535 2049 1719 2079 monaste-

190 2096 246 2132 rio
265 2109 340 2133 non
359 2096 558 2146 egreditur,
576 2110 691 2147 quare
707 2110 792 2134 cum
812 2097 849 2134 in
868 2098 967 2135 dicto
988 2099 1181 2149 privilegio
1200 2111 1275 2135 non
1294 2099 1527 2135 contineatur
1545 2099 1591 2136 de
1607 2113 1719 2150 gran—

189 2154 276 2204 giis,
303 2167 378 2191 non
404 2160 559 2205 possunt
583 2155 662 2205 ejus
689 2161 880 2206 praetextu
913 2157 1040 2194 fratres
1066 2157 1102 2194 in
1121 2157 1283 2208 grangiis
1303 2158 1514 2194 monasterii
1533 2158 1718 2196 celebrat-1¹

190 2213 328 2250 divina.

240 2271 379 2319 Quarto
399 2272 590 2322 quaeritur
606 2273 697 2323 quid
714 2274 810 2322 juris
835 2274 880 2311 de
906 2274 1081 2312 fratribus
1104 2274 1284 2324 religiosis
1309 2275 1374 2324 qui
1393 2275 1489 2324 juris
1512 2275 1716 2325 ignorantia

190 2335 226 2367 et
249 2330 485 2380 simplicitate
510 2334 545 2367 et
570 2331 779 2369 innocentia
806 2333 906 2370 ducti
934 2332 1132 2370 credebant
1155 2347 1199 2369 ex
1229 2333 1417 2382 praedicto
1436 2333 1630 2385 privilegio
1647 2335 1716 2371 sibi

192 2389 300 2426 licere
319 2389 444 2427 divina
465 2390 649 2428 celebrare
667 2391 703 2428 in
719 2392 881 2442 grangiis
898 2392 1014 2442 ipsius
1029 2392 1239 2430 monasterii
1259 2397 1294 2429 ct
1311 2392 1436 2429 divina
1455 2393 1716 2430 celebraverint

193 2447 231 2484 in
250 2447 333 2485 illis.
