2184 3074
733 370 894 407 (mmlx
922 370 1164 408 DUNENSlS.
1644 373 1712 410 459

184 491 280 529 utin
298 490 572 528 visitationibus
591 489 752 526 tiliarum
768 501 938 534 suarum,
957 502 1040 525 cum
1057 502 1116 526 eas
1136 502 1202 539 per
1214 502 1253 537 se
1272 490 1327 526 vel
1344 503 1408 540 per
1426 490 1518 527 alios
1538 489 1708 532 fecerint,

184 562 356 602 praesens
369 553 548 586 statutum
562 547 734 586 similiter
752 547 943 597 publicent
960 547 1015 584 vel
1035 547 1171 585 saciant
1190 548 1385 598 publicari.

232 609 311 647 Hoc
324 620 496 659 praesens
512 610 692 645 statutum
709 606 850 642 editum
865 619 930 656 per
942 606 1083 643 dictum
1098 606 1293 644 dominum
1308 607 1547 653 cardinalem,
1563 608 1711 652 lectum,

184 667 458 718 promulgatum
484 670 519 704 et
542 664 796 715 sollempniter
822 664 1070 715 publicatum,
1097 677 1170 701 una
1199 677 1282 702 cum
1307 665 1552 716 originalibus
1580 666 1709 703 litteris

183 723 394 776 apostolicis
413 723 451 760 in
474 727 612 760 statuto
634 722 804 773 superius
830 722 1125 773 comprehensis,
1146 722 1215 760 l'uit
1233 737 1299 774 per
1314 736 1372 760 me
1391 723 1575 761 notarium
1594 724 1710 760 infra-

182 783 380 834 scriptum,
393 781 440 818 de
457 781 631 818 mandato
649 780 792 818 domini
811 780 1009 818 cardinalis
1028 780 1243 818 Londoniae
1265 781 1302 818 in
1326 781 1498 832 hospitiis
1513 782 1708 832 episcopa-

181 842 279 880 libus
293 841 330 878 in
346 854 490 878 camera
503 853 615 891 quam
632 844 720 876 tunc
735 839 909 889 temporis
923 839 1044 877 dictus
1058 839 1234 877 dominus
1248 840 1447 878 cardinalis
1462 840 1706 886 inhabitabat,

179 913 278 938 anno
304 899 455 937 Domini
489 898 541 936 Μο
574 898 675 935 CCC⁰
710 897 951 942 duodecimo,
983 897 1185 934 indictione
1218 898 1429 943 undecima,
1460 898 1520 935 die
1551 899 1706 950 septima

180 959 316 997 mensis
344 956 525 1002 octobris,
558 956 796 1007 pontificatus
822 955 987 1004 ejusdem
1014 956 1156 992 domini
1185 970 1301 1007 papae
1332 970 1431 994 anno
1463 957 1639 1008 septimo,
1668 958 1705 995 iu

179 1017 384 1069 praesentia
410 1016 676 1054 venerabilium
703 1020 738 1052 et
761 1015 1017 1065 religiosorum
1045 1016 1210 1053 virorum
1232 1017 1278 1053 de
1303 1017 1641 1068 Belloloco-Regis,
1660 1018 1707 1055 de

180 1076 377 1121 Fontibus,
396 1074 442 1111 de
464 1074 576 1111 Malsa
603 1078 639 1110 et
657 1078 885 1110 caeterorum
914 1073 1221 1111 monasteriorum
1245 1074 1432 1112 abbatum*
1446 1079 1483 1112 et.
1503 1076 1706 1113 multorum

180 1134 448 1172 monachorum
465 1132 631 1182 ejusdem
654 1132 904 1170 Cisterciensis
931 1132 1073 1170 ordinis
1100 1133 1202 1182 regni
1229 1133 1382 1183 Angliae
1407 1134 1454 1171 ad
1476 1134 1705 1173 audiendum

179 1192 364 1245 praedicta
382 1191 589 1243 specialiter
605 1195 819 1228 vocatorum
832 1219 842 1237 ,
860 1203 901 1227 ac
920 1191 1175 1241 praesentibus
1194 1191 1347 1229 testibus
1366 1191 1536 1230 videlicet
1553 1207 1706 1232 venera-

179 1251 319 1290 bilibus
337 1255 374 1288 et
389 1250 556 1288 discretis
576 1249 664 1286 viris
685 1249 820 1286 talibus
840 1253 876 1286 et
895 1249 1067 1299 pluribus
1084 1249 1166 1286 aliis
1188 1249 1235 1286 ad
1253 1249 1324 1287 boc
1342 1251 1480 1289 vocatis
1499 1252 1707 1302 specialiter

178 1314 214 1347 et
230 1308 376 1359 rogatis.
396 1308 437 1345 In
455 1320 617 1359 quorum
636 1307 804 1344 omnium
821 1307 1072 1344 testimonium
1087 1311 1122 1344 et
1136 1312 1350 1358 perpetuam
1366 1309 1583 1347 memoriam
1604 1312 1706 1348 sutu-

178 1380 304 1405 rorum
324 1367 508 1418 praefatus
532 1366 707 1403 dominus
729 1365 926 1402 cardinalis
949 1365 1139 1403 mandavit.
1165 1366 1257 1403 mibi
1282 1367 1426 1404 notario
1452 1368 1702 1419 suprascripto

177 1431 217 1464 ut
233 1426 279 1463 dc
296 1424 493 1476 praedictis
516 1423 692 1461 omnibus
717 1428 752 1460 et
774 1423 930 1474 singulis
949 1425 1105 1460 facerem
1125 1424 1318 1474 publicum
1338 1425 1624 1464 instrumentum
1637 1457 1644 1470 ,
1664 1433 1698 1464 et

175 1484 338 1536 sigillum
355 1496 465 1521 suum
483 1482 732 1519 auctenticum
750 1481 871 1518 eidem
889 1481 1135 1532 appenderem
1156 1482 1412 1520 instrumento.

224 1543 268 1580 Et
285 1555 351 1593 ego
376 1541 565 1580 Johannes
583 1540 629 1577 dc
649 1570 655 1576 .
677 1569 683 1576 .
705 1569 731 1584 ..,
751 1540 994 1577 Tornaccnsis
1014 1540 1197 1590 dyocesis,
1223 1542 1422 1592 apostolica
1453 1547 1488 1579 et
1514 1543 1696 1593 imperiali

173 1601 389 1639 auctoritate
407 1599 571 1637 notarius
597 1599 787 1650 publicus,
806 1599 1003 1649 praedictis
1022 1599 1264 1643 ordinationi,
1285 1605 1420 1637 statuto
1438 1606 1472 1638 et
1491 1601 1638 1639 decreto
1659 1616 1701 1639 ac

174 1659 383 1711 praemissis
400 1658 576 1696 omnibus
597 1657 678 1694 aliis
697 1661 733 1694 et
749 1657 904 1707 singulis
923 1671 996 1694 una
1015 1671 1099 1694 cum
1123 1658 1320 1708 praedictis
1338 1660 1512 1697 omnibus
1535 1662 1700 1710 personis

171 1723 206 1756 et
223 1718 376 1756 testibus
390 1715 561 1768 praesens
579 1715 727 1753 interfui
739 1744 748 1761 ,
766 1720 802 1752 et
819 1729 859 1752 ea
879 1716 925 1752 de
944 1715 1116 1753 mandato
1133 1716 1299 1766 ejusdem
1318 1717 1460 1755 domini
1477 1719 1696 1764 cardinalis,

171 1783 213 1815 ut
224 1776 466 1828 praedicitur,
489 1774 558 1825 legi
581 1779 617 1811 et
634 1774 888 1824 sollempniter
905 1774 1112 1824 publicavi,
1131 1775 1260 1826 scripsi
1279 1780 1315 1812 et
1333 1776 1370 1812 in
1391 1776 1486 1814 hanc
1505 1777 1695 1827 publicam

173 1837 328 1874 formam
356 1833 497 1884 redegi,
517 1846 673 1883 meoque
701 1833 807 1883 signo
834 1837 1009 1869 consueto
1035 1832 1175 1883 signavi
1203 1839 1238 1870 et
1261 1834 1425 1884 sigillum
1450 1835 1697 1872 auctenticum

171 1893 349 1946 praedicti
367 1891 509 1930 domini
530 1890 727 1929 cardinalis
741 1890 900 1941 appendi
920 1891 965 1927 de
984 1891 1156 1928 mandato
1170 1891 1346 1940 ejusdem.

890 2007 977 2016 «oo.

852 2140 1034 2178 CCCXVl.

367 2239 403 2276 V
403 2245 481 2277 enee
497 2239 542 2276 de
559 2245 671 2277 terres
688 2240 818 2277 siluae-s
836 2239 858 2276 ἀ
876 2240 1040 2275 Douvres
1054 2250 1128 2287 par
1146 2237 1257 2275 l’abbe
1274 2238 1336 2274 des
1361 2238 1496 2274 Dunes.

220 2423 408 2462 Universis
426 2428 634 2475 praesentes
653 2425 789 2462 litteras
809 2424 1030 2475 inspecturis
1046 2425 1156 2461 frater
1172 2423 1294 2460 dictus
1315 2452 1322 2459 .
1344 2451 1350 2459 .
1372 2452 1379 2458 .
1400 2452 1406 2458 .
1429 2422 1561 2468 abbas,
1577 2426 1695 2459 totus-

171 2495 260 2533 que,
281 2486 351 2519 etc.
376 2482 611 2520 Universitati
635 2482 783 2521 Vestrae
806 2482 1059 2532 significamus
1083 2481 1186 2532 quod
1207 2494 1292 2519 cum
1312 2480 1538 2518 venerabiles
1552 2485 1588 2517 et
1606 2480 1693 2517 reli-
