2184 3074
730 342 890 380 conssx
918 341 1162 380 DUNENSIS.
1643 344 1714 379 5¹5

231 459 459 511 praescripta
484 461 628 507 omnia,
650 460 823 497 videlicet
849 465 979 506 terras,
1005 460 1170 497 redditus
1198 466 1233 497 et
1259 461 1394 498 fundos
1425 461 1582 498 contulit
1607 461 1713 498 nobis

180 516 301 556 dictus
322 519 360 556 E.
380 531 465 556 cum
484 519 586 556 omni
602 519 687 569 jure
704 532 746 555 ac
762 517 983 568 proprietate
1000 531 1113 569 quam
1134 519 1170 555 in
1189 519 1240 556 eis
1260 519 1395 556 habere
1410 519 1548 571 potuit,
1568 534 1587 556 a
1604 519 1712 557 nobis

181 580 218 613 et
240 581 366 614 nostro
396 577 619 614 monasterio
644 577 819 627 deinceps
845 581 1026 627 perpetuo
1053 577 1294 628 possidenda,
1324 591 1466 629 nosque
1494 579 1530 615 in
1559 590 1712 615 vacuam

180 635 448 684 possessionem
467 635 779 686 praescriptorum
802 634 951 671 induxit
967 639 1003 671 et
1018 635 1171 686 insuper
1188 635 1226 672 in
1241 641 1500 686 argumentum
1515 637 1711 674 translatae

180 693 421 744 possessionis
438 697 555 731 cartas
577 698 614 730 et
631 693 877 731 instrumenta
895 707 1006 744 super
1023 694 1334 745 praescriptorum
1354 695 1598 746 acquisitione
1619 708 1710 732 con-

180 751 290 789 sectas
304 752 341 788 in
362 764 495 789 manus
517 756 659 789 nostras
677 765 771 803 pure
801 765 842 788 ac
869 751 985 788 libere
1003 752 1212 802 resignavit.
1231 753 1304 789 Nos
1324 766 1410 789 vero
1428 766 1496 804 pro
1514 754 1708 791 usufructu

179 811 454 861 praedictorum
469 823 580 862 quem
599 810 670 848 sibi
690 810 844 848 retinuit
857 810 903 847 ad
919 815 1081 861 tempus,
1095 811 1268 848 dabimus
1286 811 1317 848 ei
1337 812 1528 849 annuatim
1543 812 1709 849 Curtraci

179 868 225 906 ad
250 868 364 907 vitam
389 882 494 907 suam
519 868 651 919 xxvn
678 869 792 906 libras
819 869 1054 906 Flandrensis
1085 874 1267 914 monetae,
1293 870 1526 908 medietatem
1554 870 1590 907 in
1618 870 1709 907 festo

179 927 281 966 Beati
299 928 462 966 Bavonis
484 932 521 966 et
541 927 776 965 medietatem
801 927 839 965 in
867 927 990 964 medio
1017 928 1152 965 mensis
1180 928 1314 966 martii.
1338 928 1424 966 Post
1450 933 1605 966 mortem
1623 941 1709 965 vero

178 985 267 1024 dicti
292 985 331 1023 E.
351 985 525 1023 dabimus
550 985 684 1036 Brugis
707 985 824 1023 dictas
842 985 973 1035 viginti
993 990 1028 1022 et
1049 991 1188 1036 septem
1215 986 1342 1030 libras,
1361 986 1416 1023 vel
1444 987 1482 1024 in
1501 991 1577 1024 toto
1594 987 1649 1023 vel
1671 986 1706 1023 in

176 1047 293 1094 par-w„
320 1044 488 1082 terminis
505 1044 747 1095 praenotatis,
769 1044 915 1081 duabus
935 1044 1102 1094 personis
1120 1044 1166 1081 ab
1185 1044 1265 1094 ipso
1285 1044 1322 1081 E.
1344 1045 1382 1081 in
1401 1045 1475 1082 vita
1493 1058 1558 1082 sua
1585 1045 1708 1082 nomi-

107 1105 115 1112 '
178 1102 312 1141 nandis
332 1103 379 1140 ad
397 1103 511 1141 vitam
530 1103 763 1149 earumdem,
778 1102 984 1153 unicuique
1000 1102 1170 1140 videlicet
1186 1103 1393 1153 portionem
1410 1116 1514 1141 suam
1532 1104 1578 1141 ad
1594 1104 1707 1142 vitam

176 1174 281 1199 suam
307 1175 421 1213 quam
447 1162 479 1200 ei
506 1175 614 1212 saepe
637 1162 760 1200 dictus
778 1162 818 1200 E.
838 1161 876 1199 in
899 1161 1009 1199 dictis
1034 1161 1139 1199 libris
1165 1162 1313 1199 duxerit
1329 1162 1599 1213 assignandam.
1621 1163 1707 1200 Post

175 1224 332 1259 mortem
363 1220 453 1258 dicti
480 1220 520 1258 Ε.
539 1226 576 1258 et
599 1220 759 1258 duarum
790 1233 1034 1271 personarum
1064 1220 1111 1257 ab
1141 1234 1184 1258 eo
1215 1221 1542 1267 nominandarum,
1560 1222 1590 1258 si
1614 1234 1707 1271 quas

177 1282 299 1315 tamen
330 1278 523 1316 nominare
552 1278 726 1326 voluerit,
753 1278 998 1316 remanebunt
1028 1277 1091 1316 XV
1123 1278 1239 1316 librae
1262 1279 1308 1315 de
1334 1279 1566 1329 praescriptis
1595 1292 1707 1329 penes

175 1337 441 1375 monasterium
462 1342 630 1376 nostrum
647 1338 694 1375 ad
719 1351 813 1389 opus
840 1338 1064 1389 capellaniae
1094 1338 1140 1375 ad
1170 1343 1312 1388 portam
1341 1342 1501 1375 nostram
1533 1350 1706 1388 processu

174 1395 350 1445 temporis
364 1396 592 1434 statuendae.
610 1396 666 1434 Ex
684 1396 838 1447 reliquis
855 1396 919 1434 Xll
942 1397 1047 1434 libris
1066 1396 1156 1434 fient
1169 1401 1348 1448 perpetuo
1363 1397 1562 1434 conventui
1580 1402 1706 1434 nostro

174 1458 246 1492 tres
269 1454 447 1504 pitantiae
471 1455 687 1493 annuatim:
708 1468 783 1492 una
809 1455 847 1492 in
871 1455 1125 1493 anniversario
1144 1455 1232 1493 dicti
1255 1456 1306 1502 E„
1325 1455 1395 1492 alia
1420 1456 1458 1492 in
1477 1468 1705 1493 commemo-

173 1512 316 1551 ratione
340 1513 582 1551 anniversarii
615 1514 730 1565 patris
756 1514 813 1552 sui
845 1519 880 1551 et
906 1514 1033 1552 matris
1050 1527 1155 1561 suae,
1175 1514 1279 1551 tertia
1299 1514 1337 1551 in
1356 1514 1705 1551 commemoratione

173 1566 415 1609 anniversarii
456 1576 652 1623 parentum
693 1586 848 1610 suorum
889 1578 924 1610 et
965 1573 1242 1610 benefactorum
1276 1585 1440 1610 suorum.
1478 1572 1522 1609 Et
1559 1573 1595 1610 in
1633 1572 1704 1610 liiis

170 1630 347 1668 omnibus
372 1631 630 1669 renuntiamus
652 1632 755 1669 omni
775 1631 959 1669 beneficio
977 1635 1013 1668 et
1029 1631 1170 1669 auxilio
1184 1631 1281 1681 juris
1303 1631 1470 1668 canonici
1491 1632 1546 1668 vel
1566 1631 1704 1675 civilis,

171 1689 351 1740 omnique
375 1690 571 1741 privilegio
595 1690 718 1728 ordini
743 1694 869 1727 nostro
894 1690 1040 1727 indulto
1066 1703 1131 1727 seu
1151 1690 1394 1739 indulgendo,
1411 1703 1476 1740 per
1492 1703 1589 1739 quae
1605 1689 1705 1727 dicto

171 1747 296 1786 E.·seu
313 1747 481 1799 personis
496 1748 544 1786 ab
561 1761 605 1786 eo
625 1748 863 1786 nominandis
883 1748 1035 1799 aliquod
1050 1753 1173 1799 posset
1191 1748 1412 1799 dampnum,
1426 1760 1622 1798 gravamen
1640 1761 1702 1785 seu

170 1807 442 1857 praejudicium
464 1809 644 1858 generari.

218 1865 261 1903 In
279 1865 386 1915 cujus
404 1866 455 1904 rei
477 1867 731 1904 testimonium
750 1872 786 1904 et
804 1866 998 1904 munimen
1017 1867 1179 1917 sigillum
1200 1871 1366 1903 nostrum
1385 1879 1458 1902 una
1477 1879 1561 1902 cum
1582 1865 1703 1916 sigillo

170 1923 367 1975 saepedicti
390 1925 532 1963 domini
561 1926 613 1971 E„
641 1925 770 1963 decani
798 1925 971 1963 ecclesiae
999 1925 1263 1970 Curti-aecimis,
1291 1924 1545 1975 praesentibus
1573 1924 1701 1962 litteris

171 1986 225 2021 est
242 1995 459 2034 appensum.

219 2040 355 2079 Datum
376 2054 475 2079 anno
491 2042 643 2080 Domini
663 2043 714 2080 M⁰
731 2042 804 2079 CC⁰
824 2041 1014 2085 Lxxmlm
1035 2055 1158 2079 mense
1177 2041 1296 2092 aprili.
