2184 3074
476 352 548 390 526
1027 343 1191 387 CODEX'
1213 349 1459 388 DUNENSIS.

1138 512 1340 550 CCCLXVl
1346 541 1352 549 .

520 632 641 668 Lettre
658 630 702 667 de
721 628 833 666 l’abbe'
849 629 911 666 des
930 629 1056 666 Dunes
1071 627 1220 665 relative
1238 639 1316 664 aux
1333 627 1442 664 dettes
1460 627 1511 664 du
1529 629 1732 665 monestere
1747 627 1790 666 de
1811 626 1966 665 Thosan.

531 823 716 863 Universis
735 826 943 873 praesentes
961 822 1098 860 litteras
1121 822 1342 872 inspecturis
1367 822 1479 859 frater
1501 821 1664 859 Jaoohus
1687 820 1810 859 dictus
1830 821 1946 860 abbas
1965 821 2012 859 de

481 883 621 928 Dunis,
639 882 793 919 salutem
821 881 860 917 in
885 880 1049 918 Domino
1071 881 1345 931 sempiternam.

530 942 681 981 Noverit
705 941 931 980 Universitas
951 945 1072 977 vestra
1089 941 1193 991 quod
1213 953 1300 978 cum
1325 953 1393 978 nos
1416 952 1516 978 anno
1538 940 1691 978 Domini
1709 940 1761 978 M⁰
1781 940 1903 986 CCC⁰‚
1923 939 2012 977 feria

481 1002 586 1039 tertia
604 1005 688 1038 ante
706 1001 839 1038 festum
857 1000 984 1037 beatae
1002 1000 1136 1037 Mariae
1154 1000 1404 1051 Magdalenae‚
1421 999 1611 1038 visitantes
1630 1000 1746 1037 filiam
1764 1004 1930 1037 nostram
1953 998 2014 1036 di-

482 1062 612 1098 lectam
639 1060 825 1097 abhatiam
844 1060 891 1096 de
911 1059 1080 1106 Thosan,
1103 1060 1255 1096 cedente
1285 1059 1440 1097 domino
1467 1059 1664 1110 Arnulpho
1693 1059 1740 1096 de
1765 1057 2012 1109 Lisseweghe‚

483 1119 621 1156 ibidem
652 1119 848 1156 dominum
877 1118 1110 1156 Willelmum
1133 1117 1378 1169 praefecimus
1401 1117 1594 1164 abbatem,
1618 1116 1787 1168 diligenti
1814 1116 2014 1167 investiga-

483 1178 583 1214 tione
602 1190 714 1227 super
732 1181 829 1214 statu
847 1176 982 1214 domus
999 1176 1231 1227 praehabita,
1259 1175 1471 1213 invenimus
1488 1175 1591 1226 quod
1615 1175 1714 1213 dicta
1732 1175 1866 1212 domus
1883 1174 2013 1212 eodem

482 1241 648 1286 tempore
677 1235 837 1272 debebat
865 1235 1021 1272 diversis
1047 1239 1187 1286 septem
1217 1234 1321 1271 milia
1353 1234 1553 1280 librarum,
1578 1234 1807 1284 octingentas
1834 1237 2016 1284 quatuor-

482 1294 602 1331 decim
632 1294 745 1331 libras
779 1299 814 1330 et
847 1299 987 1344 septem
1016 1294 1144 1331 decem
1176 1293 1315 1331 solidos
1348 1293 1606 1331 Flandrenses.
1641 1293 1745 1342 Quae
1781 1296 1824 1330 ut
1857 1291 2014 1342 posteris

483 1354 732 1397 innotescant,
760 1352 942 1402 praesenti
969 1352 1108 1403 scripto
1134 1356 1303 1389 nostrum
1333 1351 1497 1402 sigillum
1527 1351 1705 1388 duximus
1735 1349 2014 1402 apponendum.

484 1412 641 1457 Datum,
661 1415 728 1447 etc.

1183 1480 1305 1492 -ήοῠ-

1130 1611 1363 1650 CCCLXVIl.

431 1722 438 1726 ¹
486 1724 675 1778 Quietanee
705 1730 814 1767 d'une
841 1742 977 1768 somme
1010 1730 1054 1768 de
1081 1731 1181 1768 deux
1211 1737 1307 1769 cents
1338 1731 1448 1769 livres
1486 1731 1530 1768 de
1569 1729 1755 1776 mandre,
1787 1729 1858 1767 due
1881 1731 1958 1778 par
1988 1726 2020 1764 le

1049 1791 1254 1828 monastero
1267 1789 1311 1827 de
1314 1818 1449 1827 ......

532 1979 717 2018 Noveritis
735 1981 838 2031 quod
855 1994 940 2019 cum
967 1983 1130 2034 religiosi
1152 1984 1223 2021 viri
1247 1985 1362 2023 abbas
1381 1989 1417 2023 et
1439 1989 1644 2023 conventus
1669 1980 1883 2020 monasterii
1887 2008 2017 2017 ......

484 2042 697 2076 tenerentur
713 2053 758 2076 ex
777 2044 908 2077 mutuo
926 2041 989 2078 tali
1010 2042 1158 2079 relictae
1184 2043 1222 2080 in
1239 2043 1408 2082 ducentis
1427 2043 1533 2081 libris
1552 2040 1854 2086 mandi-ensium,
1874 2049 2020 2076 necnon

484 2103 519 2135 et
539 2102 622 2134 octo
640 2102 676 2134 et
693 2098 849 2135 dimidia
868 2099 974 2137 libris
996 2114 1210 2151 grossorum
1236 2102 1528 2150 Turonensium‚
1549 2115 1616 2153 per
1638 2101 1778 2138 litteras
1802 2096 2019 2136 eorumdem

483 2156 627 2193 abbatis
645 2160 681 2193 et
698 2162 919 2205 conventus,
945 2162 987 2196 ut
1003 2159 1165 2206 dicebat,
1187 2161 1267 2211 ipsa
1292 2162 1417 2199 relicta
1440 2161 1487 2199 de
1511 2161 1620 2198 dictis
1645 2158 1892 2210 pecuniarum
1915 2167 2020 2193 sum-

484 2214 554 2251 mis
576 2215 723 2264 plenam
749 2219 785 2252 et
810 2229 1021 2267 expressam
1053 2219 1279 2257 mentionem
1311 2221 1506 2267 facientes,
1535 2218 1735 2257 constituta
1761 2228 1886 2254 coram
1911 2212 2020 2252 nobis

483 2276 634 2322 propter
652 2272 723 2309 hoc
741 2274 984 2323 personaliter
1003 2275 1101 2314 dicta
1119 2277 1246 2315 relicta
1265 2279 1481 2330 recognovit
1497 2282 1533 2315 et
1555 2277 1721 2315 consessa
1740 2275 1811 2312 fuit
1828 2287 1867 2311 se
1884 2272 1932 2310 ab
1950 2271 2019 2309 ab·

483 2330 566 2367 bate
583 2335 619 2367 et
639 2336 824 2369 conventu
842 2333 1042 2383 praedictis
1060 2348 1127 2385 per
1143 2349 1298 2375 manum
1316 2338 1438 2376 fratris
1456 2335 1639 2375 Willelmi
1657 2335 1703 2372 de
1719 2332 1902 2379 Jabbeke‚
1926 2330 2019 2368 bur-

483 2387 568 2424 sarii
587 2388 675 2425 dicti
702 2391 914 2427 monasterii
923 2420 931 2437 7
958 2391 1004 2428 de
1030 2392 1130 2431 dicto
1152 2400 1284 2433 mutuo
1308 2395 1516 2446 praedictas
1540 2398 1624 2432 octo
1646 2397 1682 2430 et
1710 2389 1885 2429 dimidias
1905 2387 2018 2425 libras

483 2457 696 2495 grossorum
722 2446 996 2486 Turonensium
1016 2452 1196 2502 recepisse
1220 2458 1256 2490 et
1287 2454 1484 2499 habuisse2
1515 2466 1558 2490 ac
1583 2451 1654 2490 sibi
1685 2450 1794 2501 plene
1818 2451 1855 2485 et
1877 2447 2018 2496 integre
