2184 3074
743 299 906 338 CODEX
931 300 1178 339 DUNENSlS.
1662 310 1728 348 199

194 415 317 462 modo,
334 416 405 453 hoc
419 416 520 453 salvo
537 416 650 466 quod,
665 416 968 468 quandocunque
982 418 1145 464 voluero.¹
1161 418 1249 456 dicti
1267 420 1351 457 iibri
1368 426 1403 458 et
1418 435 1584 461 summae
1599 425 1635 462 in
1653 431 1727 463 toto

192 474 249 511 vel
265 474 303 511 in
321 478 425 524 parte
443 487 511 525 pro
532 487 634 511 meae
650 475 851 512 voluntatis
874 475 1029 513 arbitrio
1045 489 1192 526 semper
1209 478 1282 515 sint
1302 478 1393 516 mihi
1413 482 1542 531 parati.
1561 483 1601 520 ln
1621 484 1727 533 cujus

192 533 243 569 rei
263 532 516 570 testimonium
539 546 663 570 meum
688 533 851 583 sigillum
873 533 964 571 duxi
986 535 1241 584 praesentibus
1269 539 1553 588 apponendum,
1580 546 1616 578 et
1638 555 1726 592 rogo

192 590 291 628 viros
309 591 398 628 tales
417 590 512 628 utin
532 590 784 628 testimonium
807 591 1120 642 praescriptorum
1142 606 1207 630 sua
1235 596 1491 645 praesentibus
1515 597 1587 635 hiis
1607 612 1725 650 appo-

191 653 283 686 nant
307 647 438 699 sigilla.
469 647 515 686 Et
541 662 608 687 nos
638 649 816 700 praedicti
847 649 1009 700 religiosi
1040 651 1086 688 ad
1112 664 1238 702 preces
1268 653 1446 703 praedicti
1479 655 1561 693 talis
1591 658 1724 695 nostris

190 705 320 757 sigillis
338 711 546 757 praesentes
565 707 702 744 litteras
720 707 896 745 duximus
915 708 1154 747 roborandas.
1174 710 1307 747 Actum
1325 716 1361 748 et
1377 711 1521 759 datum,
1541 719 1609 752 ete.

903 834 1016 844 “r

878 965 1038 1003 CXXlV.

187 1079 239 1117 Le
264 1080 438 1118 cardinal
461 1081 556 1118 Jean
582 1080 730 1119 Cholet·
758 1080 893 1132 charqe
919 1081 1073 1133 l’e'veque
1100 1083 1143 1121 de
1173 1084 1348 1135 Tournay
1374 1085 1419 1122 de
1443 1086 1663 1124 determinet·
1685 1100 1722 1125 ce

236 1138 330 1189 qu’il
346 1151 371 1190 y
389 1151 412 1176 a
432 1138 504 1178 lieu
521 1138 565 1177 de
582 1139 682 1190 faire
703 1140 726 1177 ἀ
751 1139 894 1191 l’e'qard
915 1140 1005 1178 d'un
1032 1143 1164 1179 maicre
1186 1142 1316 1181 d'e'cole
1332 1145 1399 1194 qui
1416 1157 1439 1181 a
1460 1144 1722 1183 involoneaire-

235 1203 333 1235 ment
349 1196 460 1235 mess&
480 1210 532 1235 un
550 1197 690 1248 enfant.

231 1361 443 1400 Venerabili
477 1363 515 1401 in
547 1363 693 1402 Christo
726 1365 821 1415 pati-i
841 1394 995 1410 .......
1030 1365 1098 1403 Dei
1132 1366 1249 1416 gratia
1287 1366 1462 1416 episcopo
1496 1366 1718 1404 Tornacensi

183 1421 345 1461 loannes
373 1421 540 1472 ejusdem
569 1423 806 1460 miseratione
835 1427 926 1460 tunc
952 1423 1108 1462 Sanctae
1127 1453 1257 1461 ......
1267 1424 1478 1474 ,presbyter
1501 1424 1718 1470 cardinalis,

184 1480 417 1530 Apostolicae
435 1481 541 1519 Sedis
559 1481 718 1531 legatus,
734 1481 891 1519 salutem
909 1486 946 1520 et
963 1482 1144 1519 sinceram
1164 1482 1201 1519 in
1220 1482 1382 1519 Domino
1405 1482 1603 1519 caritatem.

233 1538 421 1577 Accedens
452 1539 499 1576 ad
530 1552 598 1577 nos
628 1539 712 1577 talis
743 1539 900 1577 clericus
930 1543 1072 1578 vestrae
1102 1540 1290 1590 dyocesis,
1322 1539 1415 1576 lator
1448 1539 1720 1590 praesentium,

186 1596 293 1634 nobis
311 1596 502 1635 insinuare
519 1597 664 1646 curavit
680 1597 783 1648 quod
802 1597 881 1648 ipse
899 1597 989 1635 olim
1001 1627 1010 1644 ,
1039 1598 1129 1635 dum
1152 1602 1245 1636 esset
1262 1597 1519 1648 vicemagister
1536 1598 1719 1635 scoiarum

186 1655 310 1693 Sancti
343 1655 479 1693 Donasti
510 1656 728 1707 Brugensis‚
755 1656 922 1705 ejusdem
950 1656 1138 1706 dyocesis,
1172 1657 1279 1694 talem
1312 1669 1470 1706 puerum
1498 1655 1718 1701 litteratum,

185 1718 274 1751 tunc
288 1713 480 1752 subditum
500 1727 626 1760 suum,
643 1714 766 1764 ipsum
780 1715 1001 1766 corrigendo
1019 1715 1172 1753 modum
1193 1714 1433 1759 correctionis
1451 1714 1628 1752 excedere
1643 1727 1718 1752 non

185 1772 381 1810 intendens
399 1773 624 1823 quibusdam
645 1773 758 1823 virgis
775 1773 957 1824 percussit
974 1773 1012 1810 in
1031 1774 1166 1824 capite,
1185 1774 1234 1810 ita
1249 1773 1352 1824 quod
1366 1772 1464 1810 idem
1480 1786 1575 1823 puer
1587 1773 1634 1810 ab
1650 1773 1719 1810 hoc

184 1842 271 1867 casu
293 1830 446 1868 fortuito
468 1831 588 1868 laesus
609 1830 648 1868 in
672 1831 782 1868 oculo
807 1831 954 1878 dextro,
980 1845 1047 1882 per
1070 1832 1204 1868 malam
1229 1830 1436 1868 custodiam
1456 1831 1572 1881 ipsius
1598 1831 1716 1877 oculi,

183 1888 304 1926 visum
332 1888 472 1935 amisit,
495 1902 611 1940 quare
640 1888 738 1926 idem
767 1889 849 1927 talis
882 1889 1074 1927 humiliter
1099 1889 1312 1941 imploravit
1333 1889 1404 1927 sibi
1431 1902 1498 1939 per
1522 1901 1589 1926 nos
1609 1901 1720 1938 super

185 1946 256 1984 hoc
268 1947 315 1984 de
328 1952 514 1998 oportuno
532 1947 696 1986 remedio
710 1948 909 1986 salubriter
926 1948 1128 1999 provideri.

233 2006 308 2044 Nos
326 2019 414 2044 vero
444 2006 688 2044 intentionem
707 2007 824 2058 ipsius
842 2007 1058 2058 diligentius
1076 2007 1305 2045 attendentes
1323 2020 1366 2044 ac
1383 2007 1592 2044 animarum
1610 2005 1718 2043 saluti

186 2064 270 2102 totis
289 2062 483 2103 desideriis
503 2065 728 2112 affectantes3
753 2065 861 2103 vobis
886 2065 1019 2116 agendi
1045 2078 1170 2103 seeum
1189 2078 1302 2116 super
1324 2065 1394 2102 hoc
1413 2063 1717 2109 misericorditer,

183 2126 295 2173 prout
321 2123 527 2160 secundum
557 2124 679 2161 Deum
709 2128 744 2160 et
770 2123 954 2174 justitiam
982 2123 1156 2162 videbitis
1183 2123 1414 2168 faciendum,
1442 2122 1611 2172 injuncto
1647 2121 1718 2159 sibi

182 2179 304 2231 quod,
327 2180 489 2230 pensatis
508 2180 783 2220 circunstantiis
801 2194 866 2219 seu
884 2181 1164 2219 conditionibus
1182 2181 1295 2231 hujus
1318 2181 1404 2218 sacti
1415 2210 1424 2227 ‚
1442 2180 1490 2218 de
1509 2180 1595 2229 jure
1613 2179 1718 2217 vide-

182 2237 270 2276 bitis
288 2238 578 2289 injungendum,
592 2253 667 2291 qua
685 2239 880 2291 fungimur
895 2240 1112 2277 auctoritate
1130 2238 1378 2289 praesentium
1406 2242 1532 2275 tenore
1546 2237 1719 2274 commit-

185 2298 297 2335 timus
313 2297 411 2335 vices
430 2302 584 2336 nostras.

221 2419 229 2432 ¹
251 2418 317 2444 Jcan
333 2418 440 2451 cholet,
451 2418 570 2444 cardinal
585 2418 621 2444 du
636 2418 698 2444 titre
712 2417 744 2444 ‹le
755 2415 949 2443 Sainte-Cecile
963 2424 995 2442 en
1015 2415 1094 2443 ¹28¹.
1107 2416 1174 2442 Mort
1189 2424 1221 2442 en
1239 2415 1321 2442 ¹295.
