2184 3074
455 291 526 327 2⁹26
1015 281 1176 320 CODEX
1203 281 1447 320 DUNENSIS.

455 403 676 439 venerabilis
696 403 764 438 viri
783 401 946 451 magistri
965 399 1148 438 Johannis
1166 399 1378 435 adventum.
1397 398 1479 445 Quo
1499 398 1677 448 impedito
1697 399 1793 436 idem
1815 399 1990 436 dominus

457 461 571 498 abbas
585 462 631 497 de
645 461 765 497 Dunis
782 459 988 510 periculosa
1007 471 1161 495 cernens
1180 462 1346 507 tempora
1365 462 1401 493 et
1417 457 1520 507 quod
1540 469 1641 494 mora
1657 457 1800 494 vacanti
1819 458 1992 495 ecclesiae

457 524 600 569 poterat
618 533 695 556 esse
713 520 931 568 dampnosa,
957 530 1024 554 nos
1049 516 1181 553 iterum
1205 515 1252 553 ad
1278 516 1420 552 dictum
1445 516 1713 552 monasterium
1740 515 1882 553 devotis
1908 529 1993 567 pre-

457 577 562 614 cibus
589 577 823 618 convocavit.¹
849 580 884 612 et
909 575 1063 612 visitans
1094 574 1233 611 ibidem
1262 574 1362 611 diem
1388 574 1434 610 ad
1462 573 1672 624 eligendum
1703 574 1883 624 praefixit.
1911 574 1992 623 Qua

457 637 675 673 adveniente
693 642 728 673 et
743 636 752 671 i
758 649 823 686 pso
841 634 994 671 domino
1009 634 1142 671 abbate
1156 634 1202 670 de
1216 633 1338 670 Dunis
1352 632 1618 684 praecipiente,
1634 646 1788 683 surgens
1806 633 1911 684 prior
1923 646 1994 671 no-

458 695 613 731 minavit
626 695 800 732 electores
817 707 911 744 quos
925 694 971 730 de
990 693 1146 730 consilio
1165 692 1372 743 supprioris
1387 697 1422 729 et
1440 691 1618 729 cellerarii
1640 692 1710 729 sibi
1730 698 1994 742 assumpserat,

457 753 626 790 videlicet
647 754 807 803 priorem
835 752 1031 791 (lominum
1058 752 1179 788 An...
1207 755 1243 788 et
1267 755 1448 797 caeteros,
1467 751 1566 788 viros
1589 764 1608 787 a
1633 764 1720 788 suae
1741 751 1994 802 conversionis

458 811 679 861 primordio,
713 816 754 848 ut
783 825 929 861 semper
955 810 1183 856 audivimus,
1202 809 1444 860 approbatos,
1463 809 1637 859 pacificos
1666 814 1702 845 et
1720 809 1924 856 modestos,
1948 809 1994 846 de

405 898 407 901 .
459 870 562 905 nullo
583 874 726 906 notatos
745 874 807 905 aut
826 869 934 905 etiam
955 868 991 905 in
1012 868 1138 918 aliquo
1156 868 1349 918 partiales,
1372 867 1512 918 quibus
1534 880 1657 904 coram
1685 867 1838 904 domino
1862 867 1996 906 abbate
2051 870 2055 871 ⁷

458 929 504 964 ‹le
521 929 642 964 Dunis
660 927 849 978 praedicto
868 927 906 963 in
923 927 1035 977 pleno
1053 926 1216 977 capitulo
1235 926 1461 972 constitutis,
1476 925 1639 976 legitime
1656 926 1804 963 monuit
1815 939 1944 964 omnes
1960 931 1997 964 et

459 987 624 1037 singulos
646 993 734 1023 tunc
747 990 974 1036 praesentes,
987 989 1029 1022 ut
1047 985 1086 1022 in
1105 985 1181 1022 suis
1203 984 1457 1031 conscientiis,
1477 984 1507 1021 si
1525 984 1618 1035 quid
1636 985 1774 1022 scirent
1794 985 1841 1022 de
1859 985 1996 1023 electo-

459 1045 562 1082 ribus
585 1045 806 1095 supradictis
833 1045 1078 1095 probabiliter
1094 1045 1152 1081 vel
1175 1057 1303 1081 eorum
1327 1044 1470 1094 aliquo,
1493 1044 1695 1094 quominus
1713 1044 1760 1081 ad
1778 1044 1995 1094 hujusmodi

458 1103 617 1152 eligendi
646 1103 747 1153 quod
775 1103 1016 1140 incumbebat
1041 1102 1222 1148 officium,
1248 1103 1369 1139 forent
1391 1102 1529 1152 ydonei
1567 1115 1631 1139 seu
1657 1102 1760 1152 quod
1788 1102 1836 1139 ab
1864 1102 1995 1140 eodem

460 1161 660 1211 repellendi
677 1167 798 1199 essent
812 1163 985 1212 legitime,
1005 1166 1256 1213 proponerent
1271 1161 1310 1198 id
1328 1165 1549 1199 constanter.
1565 1161 1612 1199 Et
1624 1165 1714 1198 tune
1727 1162 1827 1199 solus
1842 1161 1996 1212 quidam

463 1220 639 1257 tlartinus
659 1221 810 1257 nomine
828 1221 896 1258 soli
917 1221 1030 1271 priori
1051 1221 1365 1271 conspirationem
1388 1220 1567 1270 imposuit
1591 1225 1743 1270 propter
1761 1220 1863 1270 quod
1882 1233 1999 1272 nego-

461 1278 553 1317 tium
573 1283 690 1316 totum
706 1280 947 1316 differebatur
958 1280 1127 1330 usquein
1143 1280 1358 1317 crastinum.
1377 1279 1424 1316 Et
1437 1279 1536 1316 dicto
1550 1280 1662 1316 fratre
1674 1279 1833 1316 Martino
1847 1279 1996 1317 interim

462 1337 512 1373 nil
544 1338 726 1388 probante
753 1352 795 1375 ac
821 1339 974 1375 domino
1002 1339 1135 1375 abbate
1166 1339 1212 1376 de
1237 1339 1358 1376 Dunis
1389 1338 1656 1375 nichilominus
1686 1351 1731 1375 ex
1762 1338 1996 1377 habundanti

461 1409 573 1446 super
589 1409 631 1433 eo
650 1396 864 1447 diligentius
883 1397 1112 1448 inquirente,
1136 1397 1308 1434 inventus
1327 1397 1398 1433 suit
1412 1395 1517 1446 prior
1533 1396 1722 1433 immunis.
1741 1397 1785 1433 Et·
1802 1396 1855 1434 sic
1873 1396 1998 1434 omni-

462 1455 531 1491 hus
548 1455 770 1492 electoribus
785 1455 999 1505 approbatis
1020 1460 1055 1492 et
1070 1455 1171 1492 lectis
1187 1455 1355 1506 sequenti
1375 1454 1435 1492 die
1455 1455 1493 1491 in
1518 1455 1682 1505 capitulo
1708 1455 1998 1506 diffinitionibus

462 1526 557 1563 quae
575 1513 620 1550 ad
640 1513 856 1562 hujusmodi
877 1515 1065 1565 negotium
1084 1514 1338 1564 pertinebant,
1353 1513 1474 1551 dietus
1492 1513 1668 1550 dominus
1683 1513 1797 1551 abbas
1814 1513 1861 1550 de
1877 1513 1998 1551 Dunis

462 1573 561 1622 ipsos
585 1573 758 1610 electores
782 1574 950 1611 oneravit
971 1578 1006 1610 et
1025 1573 1211 1623 adjuravit
1233 1577 1416 1624 quatenus
1438 1573 1477 1610 in
1505 1572 1741 1610 conscientiis
1762 1573 1838 1610 suis
1865 1578 1901 1610 et
1927 1572 1999 1610 sub

463 1643 612 1667 suarum
632 1631 798 1681 periculo
817 1628 1026 1669 animarum
1043 1631 1247 1669 Dominum
1267 1631 1388 1668 solum
1409 1631 1587 1668 habentes
1605 1643 1693 1681 prae
1710 1631 1848 1676 oculis,
1868 1630 2000 1670 melio-

464 1702 540 1725 rem
559 1695 594 1726 et
610 1690 806 1736 utiliorem,
821 1695 934 1740 prout
945 1691 1122 1738 sciebant,
1137 1691 1314 1742 eligerent
1327 1704 1394 1741 per
1406 1703 1518 1741 quem
1533 1691 1572 1727 in
1586 1690 1843 1741 spiritualibus
1857 1695 1893 1726 et
1906 1694 2001 1727 tem-

465 1747 655 1797 poralibus
673 1749 937 1786 monasterium
952 1754 1076 1800 posset
1088 1749 1217 1786 utilius
1230 1753 1266 1786 et
1278 1749 1465 1787 salubrius
1477 1748 1690 1798 gubernari.
1705 1749 1776 1796 Qui
1792 1748 2002 1786 secedentes

466 1806 503 1842 in
518 1806 618 1842 ‹lomi
624 1820 713 1843 num
729 1807 961 1845 Willelmum
976 1813 1060 1845 vota
1070 1821 1135 1846 sua
1146 1808 1363 1845 direxerunt
1377 1812 1413 1844 et
1425 1821 1512 1844 eum
1521 1807 1711 1858 elegerunt
1723 1807 1958 1844 concorditer
1966 1811 2002 1844 et

466 1865 692 1901 unanimiter
706 1866 743 1901 in
758 1865 941 1902 abbatem.
956 1866 1036 1913 Qua
1051 1866 1247 1912 electione,
1266 1871 1308 1903 ut
1321 1866 1436 1903 moris
1451 1865 1556 1903 estin
1570 1865 1718 1910 ordine,
1732 1865 1832 1903 dicto
1847 1865 2001 1902 domino

466 1923 512 1959 (le
532 1923 652 1960 Dunis
679 1924 772 1973 patri
796 1924 920 1960 abbati
940 1925 1029 1961 dicti
1050 1924 1262 1962 monasterii
1281 1929 1529 1975 praesentata,
1550 1924 1669 1974 ipsam
1693 1924 1908 1961 electionem
1927 1928 2000 1962 tam

466 1995 577 2031 super
590 1982 750 2032 eligendi
770 1982 882 2019 modo
900 1996 1012 2033 quam
1035 1983 1140 2020 electi
1159 1996 1316 2034 persona
1331 1983 1558 2020 examinavit
1574 1983 1772 2034 diligenter
1789 1988 1824 2020 et
1840 1982 2004 2034 repperit

467 2043 584 2090 ipsam
603 2041 649 2077 de
663 2054 820 2091 persona
835 2054 909 2078 non
925 2042 1115 2087 infamata,
1132 2055 1199 2078 nec
1212 2042 1360 2093 partiali
1376 2042 1414 2078 in
1429 2042 1556 2092 aliquo
1570 2041 1628 2078 vel
1641 2046 1828 2091 suspecta,
1843 2041 1907 2078 sed
1923 2041 2003 2079 suf-

467 2100 612 2137 ficiente
631 2104 666 2136 et
681 2099 827 2149 ydonea
849 2113 892 2137 ac
910 2100 1025 2138 nostri
1045 2100 1188 2139 ordinis
1206 2101 1352 2138 statutis
1371 2104 1616 2152 congruente,
1634 2105 1747 2150 prout
1765 2100 1865 2138 nosci
1884 2104 2005 2150 potest

469 2158 581 2194 homo
599 2158 770 2204 exterior,
787 2158 882 2195 bene
897 2163 932 2195 et
949 2159 1112 2209 legitime
1129 2159 1351 2197 celebratam
1363 2189 1372 2205 ,
1390 2164 1426 2196 et
1443 2159 1754 2196 concurrentibus
1771 2159 1947 2196 omnibus
1961 2172 2004 2196 ac

469 2215 536 2250 rite
554 2216 710 2265 peractis
725 2230 819 2266 quae
838 2217 884 2253 ad
903 2231 1027 2254 veram
1043 2218 1259 2255 electionem
1279 2218 1434 2255 liberam
1449 2221 1484 2255 et
1498 2218 1698 2268 legitimam
1717 2217 2006 2268 requirebantur

465 2273 571 2322 juxta
593 2279 726 2311 statuta
750 2276 864 2312 nostri
892 2276 1033 2314 ordinis
1059 2290 1121 2314 seu
1147 2277 1286 2328 requiri
1313 2277 1598 2328 quomodolibet
1624 2277 1860 2323 videbantur,
1886 2276 2004 2326 ipsam

471 2331 691 2382 approbavit
708 2338 742 2369 et
756 2334 1008 2380 confirmavit,
1026 2335 1194 2386 diligenti
1214 2335 1433 2386 praehabito
1448 2335 1604 2373 consilio
1622 2340 1658 2372 et
1675 2339 1847 2380 tractatu,
1864 2339 1899 2371 et
1916 2347 2005 2371 mox

472 2391 617 2428 rediens
642 2391 687 2427 ad
715 2393 920 2442 capitulum
946 2394 1153 2444 publicavit
1170 2396 1208 2432 in
1227 2395 1417 2432 communi
1435 2408 1478 2432 ac
1496 2395 1618 2445 ipsum
1641 2393 1834 2431 dominum
1854 2393 2004 2431 Willel-
