2184 3074
733 360 895 399 CODEX
920 360 1164 399 DUNENSIS.
1646 360 1717 397 477

859 525 1059 565 CCCXXX.

188 632 239 669 Le
249 643 347 682 pape
364 632 458 669 Jean
477 631 520 670 Χ
520 632 562 669 Χ
563 632 604 669 11
619 642 756 682 enqaye
777 629 827 668 les
843 642 1049 668 communes
1065 629 1271 680 flamandea
1288 629 1311 666 ἀ
1325 629 1489 679 prendre
1500 635 1592 679 pare
1608 630 1630 666 ἀ
1654 629 1717 666 des

685 689 927 740 neqociatiom
938 700 1040 738 pour
1059 687 1096 726 la
1108 689 1215 738 paix.

234 887 424 932 Johannes
437 886 646 938 episcopus,
660 898 788 923 servus
803 898 994 923 servorum
1010 885 1090 931 Dei,
1105 884 1248 921 dilectis
1263 884 1349 920 filiis
1363 882 1546 920 universis
1561 881 1718 931 burgen-

186 947 305 994 sibus,
332 945 494 984 scabinis
515 950 552 983 et
576 945 908 983 communitatibus
925 945 1099 982 villarum
1116 944 1228 981 totius
1246 943 1442 980 comitatus
1462 941 1659 979 Flandriae
1675 953 1718 976 ac

185 1019 314 1044 eorum
328 1005 634 1056 procuratoribus
648 1018 712 1043 seu
731 1004 893 1052 nuntiis,
909 1005 956 1042 ad
969 1017 1065 1055 quos
1075 1008 1284 1055 praesentes
1303 1003 1444 1041 litterae
1461 1001 1715 1054 pervenerint.

185 1059 340 1102 salutem
359 1068 395 1101 et
413 1063 653 1115 apostolicam
671 1062 981 1100 benedictionem.

205 1136 208 1137 ⁷
234 1121 448 1160 Gaudenter
473 1121 686 1159 audivimus
713 1125 750 1158 et
771 1121 1041 1158 delectabiliter
1062 1133 1294 1158 recensemus
1317 1119 1418 1169 quod
1437 1131 1502 1156 vos
1522 1122 1715 1155 tractatum

184 1180 386 1232 quemdam
404 1180 452 1217 ab
465 1179 554 1217 olim
575 1183 807 1230 assumptum
827 1192 911 1216 cum
932 1179 1051 1216 clarae
1070 1177 1268 1215 memoriae
1286 1176 1478 1214 Ludovico
1498 1189 1582 1226 rege
1600 1175 1718 1213 Fran-

185 1239 262 1277 ciae
283 1243 319 1276 et
336 1239 534 1285 Navarrae,
553 1238 599 1275 de
617 1238 816 1275 concordia
836 1238 932 1275 inter
950 1237 1072 1288 ipsum
1091 1241 1127 1273 et
1139 1249 1206 1274 vos
1219 1235 1336 1274 solide
1356 1234 1607 1279 reformanda,
1626 1234 1717 1271 soli-

185 1297 256 1335 cite
272 1301 537 1349 prosequentes
555 1310 641 1334 cum
664 1296 858 1334 karissimo
877 1295 916 1332 in
934 1295 1083 1333 Christo
1108 1295 1187 1331 filio
1214 1298 1341 1331 nostro
1361 1293 1555 1343 Philippo,
1583 1305 1717 1343 regno-

186 1369 270 1393 rum
295 1355 461 1406 ipsorum
481 1368 565 1405 rege
583 1355 738 1401 illust-ri,
756 1367 824 1405 pro
850 1354 967 1404 ipsius
986 1352 1212 1404 perfectione
1238 1356 1415 1388 tractatus
1433 1350 1574 1388 debetis
1592 1363 1714 1387 coram

185 1415 266 1465 ipso
283 1427 369 1466 rege
385 1418 482 1451 certa
501 1413 562 1451 die
584 1413 748 1451 Parisius
774 1425 997 1463 comparere.
1017 1411 1154 1450 Verum
1173 1410 1350 1461 quoniam
1376 1409 1422 1446 ad
1451 1409 1522 1446 hoc
1540 1409 1715 1459 antiquus

188 1475 304 1514 hostis
318 1475 504 1521 innititur,
518 1475 564 1512 ad
580 1474 650 1512 hoc
664 1473 963 1525 frequentissime
977 1486 1060 1511 suas
1072 1472 1191 1510 tendit
1205 1471 1369 1517 insidias,
1383 1471 1429 1507 ad
1444 1470 1515 1508 hoc
1530 1469 1715 1507 interdum

186 1547 225 1572 se
247 1534 453 1585 periculose
480 1534 519 1571 in
544 1533 636 1571 lucis
662 1534 833 1585 angelum
860 1533 1097 1583 transfigurat
1123 1536 1165 1569 ut
1189 1530 1381 1582 perturbet
1406 1530 1507 1581 pacis
1534 1529 1717 1580 optandae

184 1592 338 1630 consilia
356 1596 392 1629 et
413 1591 642 1629 zizaniorum
667 1596 814 1643 spargat
839 1591 979 1629 semina
1005 1595 1040 1627 et
1063 1603 1189 1641 sparsa
1209 1590 1328 1626 foveat
1350 1593 1386 1625 et
1403 1592 1609 1633 conservet,
1630 1600 1716 1625 nos.

185 1655 257 1688 tam
276 1650 349 1688 de
340 1651 455 1701 ipsius
473 1650 574 1700 regni
598 1651 774 1687 Franciae
791 1650 838 1687 ad
863 1663 958 1700 quos
980 1649 1134 1700 originis
1158 1648 1251 1685 ratio
1273 1660 1340 1684 nos
1358 1646 1566 1697 specialiter
1583 1645 1713 1682 aflicit.

184 1722 297 1760 quam
314 1709 402 1746 dicti
420 1709 516 1760 regis
533 1709 571 1745 in
590 1722 666 1759 quo
682 1709 935 1747 Romanorum
962 1712 1079 1745 mater
1104 1706 1265 1745 Ecclesia
1293 1704 1492 1756 singularis
1510 1703 1716 1740 devotionis

185 1767 516 1818 promptitudinem
540 1771 576 1804 et
596 1780 662 1804 nos
689 1766 860 1804 affectum
892 1765 1117 1803 reverentiae
1147 1764 1268 1801 filialis
1297 1763 1487 1800 evidenter
1513 1762 1718 1813 repperisse

184 1826 374 1872 laetamur,
393 1825 515 1862 votiva
541 1824 824 1876 tranquillitate,
850 1837 995 1861 necnon
1014 1824 1060 1860 de
1078 1827 1195 1860 vestra
1215 1822 1332 1860 salute
1357 1820 1522 1865 solliciti,
1542 1825 1577 1857 et
1596 1819 1717 1857 nichi—

185 1884 347 1922 lominus
370 1884 635 1935 compatientes
658 1896 703 1920 ex
728 1882 870 1920 intimis
887 1884 1020 1920 Terrae
1041 1882 1195 1919 Sanctae
1216 1894 1311 1931 quae
1328 1880 1374 1917 ad
1392 1879 1500 1916 «lictis
1521 1879 1616 1929 regis
1635 1883 1718 1928 post

185 1944 302 1981 Deum
320 1943 508 1995 singulare
526 1942 743 1994 suffragium
761 1941 1045 1993 exspectationis
1064 1940 1184 1978 taedio
1202 1940 1348 1990 fatigata
1366 1938 1544 2004 suspirat.
1559 1942 1595 1974 et
1609 1949 1717 1987 prop

186 2007 282 2039 terea
301 2001 418 2052 ipsius
436 2001 552 2039 hostis
573 2001 724 2038 humani
742 2000 886 2052 generis
908 2000 1030 2037 litium
1055 1999 1227 2036 amatoris
1246 1997 1438 2035 volentes
1429 1995 1569 2046 iniquis
1588 1996 1625 2031 in
1650 1994 1717 2031 hac

187 2065 290 2111 parte
309 2059 516 2106 conatibus,
532 2059 617 2097 totis
635 2059 778 2096 viribus
789 2058 996 2109 ,omnique
1014 2058 1176 2095 cautelae
1194 2057 1328 2101 studio,
1349 2055 1513 2099 obviare,
1533 2052 1718 2090 universi-

186 2120 268 2157 tatis
285 2123 423 2157 vestras
449 2119 646 2170 rogandes,
675 2119 878 2156 monendas
896 2118 1072 2155 duximus
1090 2122 1126 2154 et
1144 2115 1371 2154 liortandas'
1362 2129 1399 2151 in
1420 2113 1582 2151 Domino
1598 2112 1619 2150 J
1624 2111 1713 2149 hesu

183 2177 347 2223 Christo,
371 2190 461 2215 sano
484 2177 590 2215 vobis
620 2177 775 2215 consilio
801 2177 997 2214 suadentes
1020 2181 1202 2227 quatenus
1229 2173 1510 2211 imminentibus
1534 2170 1640 2208 vobis
1673 2183 1717 2206 ex

185 2235 391 2274 discordiae
406 2249 472 2274 seu
489 2249 642 2287 guerrae
667 2236 963 2282 continuatione,
988 2236 1213 2280 animarum.¹
1238 2244 1516 2284 corporumque
1540 2229 1715 2280 periculis

186 2299 222 2331 et
250 2294 416 2344 lapsibus
443 2294 676 2341 facultatum
695 2294 852 2331 discreta
878 2294 1117 2338 mediatione
1143 2291 1320 2343 pensatis
1341 2290 1437 2328 circa
1455 2287 1718 2340 perfectionem

189 2356 363 2390 tractatus
382 2352 498 2403 ipsius
525 2352 578 2390 sic
594 2365 660 2389 vos
687 2352 922 2389 laudabiliter
949 2364 1075 2403 gerere
1101 2349 1271 2388 studiatis
1292 2347 1396 2399 quod
1423 2347 1502 2398 ipse
1526 2345 1718 2383 vobiscum

191 2411 252 2461 pie
269 2424 376 2462 agere
393 2424 435 2447 ac
452 2423 518 2448 vos
535 2410 729 2448 admittere
747 2410 864 2447 solide
889 2410 935 2447 ad
962 2409 1093 2460 regalis
1119 2406 1391 2446 benivolentiae
1409 2405 1591 2455 gremium
1612 2403 1720 2440 incli-

193 2473 316 2516 netur,
345 2481 413 2505 nec
443 2468 684 2519 acquiescatis
714 2468 895 2519 perversis
921 2466 1220 2519 suggestionibus
1246 2464 1458 2515 aliquorum
1486 2462 1550 2513 qui
1577 2461 1624 2499 de
1653 2461 1719 2498 hac
