2184 3074
746 284 906 322 CODEX
932 284 1179 324 DUNENSlS.
1667 293 1735 332 {25

201 401 312 440 suerit
329 401 554 438 conveniens
572 412 614 437 ac
631 399 742 437 etiam
760 403 1003 450 oportunum.
1026 401 1068 438 ln
1090 400 1203 450 hujus
1221 404 1496 452 provocationis
1518 418 1582 442 seu
1605 408 1735 458 appel-

201 459 350 497 lationis
368 457 622 497 testimonium
640 470 707 495 vos
725 458 815 495 tales
833 462 869 495 et
885 458 974 496 tales
992 462 1099 495 testes
1118 459 1294 497 invocans
1312 465 1348 497 et
1364 462 1568 512 requirens.

909 582 1028 592 ——n—

880 725 1056 763 LXXXV.

199 839 411 878 Concession
433 840 476 877 de
496 845 678 891 quarente
692 840 806 890 jour-3
827 839 1100 892 d'indulqences
1123 855 1201 879 ateae
1222 842 1459 894 biensuileurs
1477 844 1520 882 de
1539 845 1673 896 l'dqlise
1688 846 1732 883 de

705 898 981 936 Saint—Nicolas
1006 900 1030 936 ἀ
1056 901 1221 939 Damme.

248 1097 436 1137 Universis
453 1099 608 1136 Sanctae
624 1099 750 1137 Matris
768 1100 952 1138 Ecclesiae
970 1101 1055 1139 filiis
1074 1102 1119 1139 ad
1137 1116 1233 1153 quos
1250 1110 1460 1154 praesentes
1483 1105 1624 1143 litterae
1646 1120 1731 1157 per-

198 1157 387 1204 venerint,
405 1170 472 1195 nos
490 1157 734 1208 permissione
749 1157 877 1195 divina
892 1159 980 1196 tales
995 1164 1031 1197 et
1044 1161 1132 1198 tales
1145 1161 1329 1212 episcopi,
1343 1163 1497 1200 salutem
1515 1163 1553 1200 in
1567 1164 1731 1202 Domino

197 1215 473 1266 sempiternam.

245 1275 467 1314 Sanctorum
485 1274 658 1311 ecclesiae
676 1273 723 1310 ad
741 1273 890 1311 divinae
907 1275 1027 1312 laudis
1042 1276 1266 1327 obsequium
1295 1277 1334 1314 in
1360 1278 1511 1315 titulum
1537 1280 1731 1330 eriguntur

196 1338 238 1371 ut
263 1333 301 1370 in
327 1333 380 1370 eis
400 1345 496 1383 quae
517 1332 652 1370 domus
674 1332 851 1370 orationis
870 1333 1093 1381 consistunt,
1111 1335 1296 1386 suffragiis
1319 1336 1512 1374 beatorum
1539 1338 1728 1388 agminum

196 1391 444 1442 implorentur
468 1403 629 1441 quorum
653 1390 847 1441 praesidiis
874 1391 1012 1429 Christi
1033 1392 1158 1430 fideles
1181 1398 1349 1430 aeternae
1366 1395 1549 1432 felicitatis
1568 1396 1729 1446 praemia

194 1453 480 1499 consequantur.
499 1448 697 1486 Terrestris
721 1449 874 1499 quidem
891 1449 1053 1487 Ecclesia
1075 1451 1241 1488 coelestis
1262 1452 1465 1489 mansionis
1485 1453 1651 1490 aedificia
1671 1467 1729 1490 re-

194 1511 422 1558 praesentat,
436 1507 524 1544 etin
539 1507 608 1544 hae
621 1507 790 1545 exhiberi
804 1508 914 1546 debet
927 1509 1151 1560 obsequium
1165 1523 1241 1561 quo
1259 1511 1305 1547 ad
1324 1511 1423 1548 illam
1443 1525 1509 1562 per
1527 1513 1728 1549 faciliorem

194 1577 387 1603 ascensum
415 1565 532 1616 possit
554 1565 676 1603 aditus
703 1566 926 1616 praeparari.
955 1567 1229 1605 Gloriosissima
1256 1569 1408 1619 quidem
1435 1575 1471 1606 et
1496 1570 1601 1606 beata
1626 1570 1730 1621 virgo

195 1624 328 1671 Maria,
347 1629 465 1661 mater
490 1624 689 1662 Salvatoris
711 1625 866 1662 Domini
892 1626 1008 1663 nostri
1032 1626 1148 1664 Jhesu
1167 1627 1321 1673 Christi,
1348 1632 1449 1664 tanto
1476 1628 1603 1671 latius,
1630 1634 1731 1665 tanto

195 1683 382 1735 pertusius
400 1683 538 1720 meruit
556 1682 806 1720 humanarum
826 1683 980 1721 laudum
999 1685 1125 1722 extolli
1144 1686 1352 1735 praeconiis
1369 1690 1405 1722 et
1429 1686 1570 1723 devotis
1597 1687 1732 1723 menti-

195 1742 267 1779 bus
296 1741 475 1788 revereri,
506 1746 648 1792 quanto
671 1741 751 1792 ipsa
774 1741 813 1778 in
839 1748 1040 1793 conspectu
1059 1743 1125 1780 Dei
1153 1749 1188 1781 et
1212 1757 1324 1794 super
1351 1745 1485 1782 choros
1515 1746 1730 1795 angelorum

192 1800 442 1837 excellentiori
468 1799 633 1836 claritate
659 1812 856 1837 coruscans
880 1813 950 1850 pro
979 1801 1121 1839 devotis
1148 1802 1225 1838 suis
1253 1802 1452 1853 benignius
1480 1808 1516 1839 et
1547 1804 1730 1840 efficacius

197 1857 407 1904 intercedit,
425 1862 643 1908 quantoque
657 1871 726 1908 pro
741 1859 819 1895 suis
833 1858 1100 1896 excellentibus
1114 1859 1255 1897 meritis
1269 1860 1542 1897 dominantium
1557 1861 1730 1898 dominus

196 1915 294 1954 circa
315 1917 513 1954 innumera
531 1916 570 1953 in
589 1921 739 1967 aspectu
758 1916 930 1954 mirando
951 1918 1118 1968 gentium
1137 1918 1311 1955 virtutem
1330 1919 1492 1956 ostendit
1509 1933 1596 1956 suae
1618 1919 1731 1956 mira-

196 1974 284 2012 bilis
302 1974 513 2025 majestatis.
534 1975 632 2012 Haec
649 1975 748 2012 enim
764 1975 904 2026 jugiter
920 1977 1084 2026 postulat
1107 1977 1207 2026 apud
1228 1977 1348 2013 Deum
1371 1983 1412 2014 ut
1431 1977 1729 2027 delinquentium

197 2032 325 2084 culpas
349 2046 425 2070 non
446 2034 676 2083 judicialiter
692 2039 839 2084 arguat,
857 2035 921 2071 scd
947 2035 985 2071 in
1006 2035 1150 2084 judicio
1174 2036 1403 2072 misericordi
1428 2036 1560 2086 pietate
1583 2037 1729 2072 relaxet.

197 2090 297 2127 Haec
310 2090 489 2141 benignas
503 2104 610 2128 aures
628 2091 869 2128 clamantium
884 2092 1040 2129 vocibus
1054 2093 1219 2138 exhibet,
1231 2106 1297 2129 nec
1314 2093 1470 2143 denegat
1488 2094 1563 2130 suis
1583 2094 1733 2144 inquili-

198 2149 254 2186 nis
264 2149 443 2186 auxilium
456 2149 638 2200 impartiri
649 2150 869 2187 devotorum
885 2150 1011 2188 inclita
1025 2151 1261 2188 defensatrix.
1276 2151 1371 2188 llaec
1386 2152 1513 2188 sedula
1528 2152 1731 2189 consistens

195 2206 243 2244 ad
268 2207 420 2257 superni
445 2207 559 2257 patris
582 2207 771 2245 dexteram
798 2208 836 2245 in
863 2209 1015 2246 excelsis
1042 2209 1189 2245 veniam
1216 2209 1473 2258 peecatoribus
1500 2210 1671 2260 impetrat
1693 2217 1732 2247 ut

197 2265 267 2315 ipsi
287 2265 367 2314 ejus
385 2265 658 2303 intercessionis
677 2266 793 2317 gratia
812 2267 858 2304 de
877 2267 1038 2304 tenebris
1052 2267 1176 2318 egredi
1191 2272 1226 2304 et
1243 2267 1290 2304 ad
1309 2281 1415 2304 verae
1434 2269 1526 2305 lueis
1546 2269 1730 2305 introduci

196 2324 353 2374 gloriam
377 2329 599 2361 mereantur.
627 2325 827 2375 Cupientes
847 2325 961 2376 igitur
978 2331 1019 2362 ut
1036 2325 1187 2363 ecclesia
1207 2326 1330 2362 Sancti
1355 2326 1523 2363 Nicholai
1549 2327 1595 2363 de
1620 2328 1731 2371 Dani,

197 2383 442 2421 Tornacensis
460 2383 648 2433 dyocesis,
667 2384 841 2434 congruis
860 2384 1068 2422 honoribus
1086 2385 1341 2435 frequentetur
1354 2390 1390 2422 et
1403 2398 1423 2421 a
1437 2386 1580 2422 cunctis
1596 2386 1730 2422 Christi
