2184 3074
457 298 531 337 358
1002 297 1164 336 conEx
1188 300 1437 340 DUNENSIS.

1119 450 1339 499 ccxxxiv.

545 564 724 605 Pouvoirs
741 567 878 606 donnes
889 581 967 619 par
984 566 1097 607 l’abbe‘
1111 568 1156 607 de
1177 567 1324 608 Thosan
1335 583 1438 620 pour
1454 573 1586 610 cmiter
1602 571 1646 610 de
1663 571 1700 610 la
1710 574 1805 623 paiae
1821 587 1906 614 avec

1047 626 1079 664 le
1100 628 1159 665 roi
1178 627 1222 665 de
1242 626 1397 666 France.

508 820 634 858 Vestra
659 820 805 858 noverit
830 820 1051 857 universitas
1075 821 1179 872 quod
1201 821 1294 859 ordo
1322 827 1448 860 noster
1477 823 1715 874 privilegium
1745 825 1990 875 apostolieum

461 879 594 917 habeat
606 879 677 917 sub
692 879 762 916 hac
779 879 915 916 forma:

507 937 707 975 Nicholaus
724 936 938 987 episcopus,
951 949 1078 974 servus
1091 950 1284 975 servorum
1299 938 1387 984 Dei,
1405 938 1551 976 dilectis
1565 938 1652 976 filiis
1668 939 1716 977 de
1733 941 1931 987 (lister-oio,
1945 940 1992 981 de

460 996 669 1042 Firmitate,
688 995 733 1032 de
750 995 987 1042 pontiniaco,
1007 995 1055 1032 de
1072 995 1274 1034 Claravalle
1296 1001 1333 1034 et
1354 997 1402 1034 de
1421 997 1656 1036 morimundo
1681 999 1991 1049 monasteriorum

460 1054 671 1100 abbatibus,
687 1053 939 1091 Cisterciensis
956 1054 1112 1101 ordinis,
1124 1055 1710 1103 Cabillonensis,Altisidiorensis
1725 1063 1762 1096 et
1779 1059 1992 1109 Lingonum-

461 1112 511 1151 sis
525 1111 782 1162 dyochesium,
805 1111 962 1149 salutem
977 1116 1013 1149 et
1025 1113 1267 1163 apostolicam
1279 1113 1590 1151 benedictionem.
1604 1115 1698 1152 Cum
1715 1115 1812 1153 sicut
1827 1130 1874 1154 ex
1887 1121 1992 1168 parte

460 1175 580 1208 vestra
598 1169 669 1207 suit
688 1170 921 1220 propositum
942 1183 1068 1208 coram
1087 1171 1212 1218 nobis,
1239 1172 1391 1210 abbates
1412 1177 1449 1210 et
1473 1177 1692 1220 conventus,
1716 1174 1884 1225 aliaeque
1905 1188 1992 1226 par-—

461 1240 573 1265 sonae
587 1228 895 1266 monasteriorum
919 1233 956 1266 et
973 1229 1228 1267 membrorum
1243 1230 1350 1268 vobis
1364 1231 1570 1282 vestrisque
1587 1232 1820 1270 monasteriis
1841 1233 1992 1282 subjee-

462 1291 838 1336 torum,causasquae
853 1286 942 1337 ipsis
955 1300 1024 1338 pro
1038 1292 1204 1338 tempore
1218 1288 1416 1325 imminent
1430 1289 1727 1339 pertractandae,
1740 1290 1929 1328 interdum
1945 1290 1996 1328 ob

461 1344 757 1383 adversariorum
771 1347 992 1396 potentiam,
1007 1347 1235 1398 quandoque
1256 1361 1343 1385 vero
1361 1352 1514 1399 propter
1529 1361 1778 1399 expensarum
1796 1350 1995 1395 desectum,

462 1417 537 1441 non
551 1404 710 1441 audeant
727 1404 784 1441 vel
803 1417 879 1442 non
896 1404 1055 1455 possint,
1070 1418 1138 1443 nos
1152 1406 1316 1443 volentes
1333 1406 1594 1456 indempnitati
1609 1407 1825 1445 eorumdem
1844 1420 1996 1446 monas·-

465 1461 643 1498 teriorum
663 1466 699 1498 et
716 1462 971 1500 membrorum
994 1476 1037 1500 ac
1054 1476 1296 1514 personarum
1313 1469 1464 1514 paterna
1483 1464 1520 1502 in
1540 1464 1610 1502 hac
1627 1470 1731 1515 parte
1747 1466 1998 1504 sollicitudine

463 1522 698 1572 praecavere,
716 1520 824 1558 vobis
840 1522 1045 1573 vestrisque
1062 1523 1336 1560 successoribus
1349 1524 1414 1574 qui
1433 1536 1502 1574 pro
1518 1527 1685 1574 tempore
1702 1524 1859 1571 fuerint,
1877 1529 1997 1562 utvos

464 1583 500 1616 et
515 1578 651 1628 singuli
667 1582 829 1617 vestrum
845 1592 973 1617 causas
990 1584 1027 1617 et
1045 1581 1189 1631 negotia
1199 1609 1209 1627 ,
1224 1581 1375 1618 abbates
1389 1586 1425 1618 et
1442 1585 1663 1628 conventus,
1675 1594 1851 1632 personas
1865 1586 1902 1619 et
1917 1582 1997 1619 sin-

462 1637 549 1689 gula
573 1638 792 1674 monasteria
809 1643 846 1674 et
862 1639 1029 1676 membra
1053 1640 1242 1690 praedicta
1260 1640 1532 1690 contingentia,
1550 1640 1724 1691 quotiens
1747 1653 1844 1690 opus
1867 1640 1998 1685 suerit,

465 1694 693 1744 conjunctim
713 1699 749 1731 et
765 1694 914 1732 divisim
931 1700 1086 1734 tractare
1102 1702 1139 1734 et
1164 1698 1203 1734 in
1224 1697 1277 1734 eis
1294 1698 1341 1734 ad
1358 1698 1543 1748 agendum
1566 1702 1603 1735 et
1619 1697 1895 1735 defendendum
1910 1710 2000 1748 pro·

464 1758 650 1791 curatores
676 1754 900 1791 constituere
923 1755 1040 1792 libere
1063 1756 1234 1802 valeatis,
1253 1756 1461 1794 dummodo
1477 1757 1525 1794 ad
1546 1756 1586 1794 id
1603 1770 1733 1794 eorum
1752 1769 1848 1807 quos
1866 1756 2000 1807 hujus-

395 1849 400 1853 ,
463 1811 565 1849 modi
590 1811 816 1861 contingent,
831 1825 1026 1862 expressus
1042 1818 1078 1850 et
1095 1814 1263 1864 specialis
1278 1814 1429 1851 accedat
1445 1827 1632 1861 assensus,
1651 1815 1870 1852 auctoritate
1888 1814 1998 1852 vobis

464 1871 713 1922 praesentium
727 1871 974 1922 indulgemus.
990 1873 1091 1910 Nulli
1107 1887 1194 1925 ergo
1212 1875 1367 1912 omnino
1381 1876 1578 1912 hominum
1591 1875 1699 1913 liceat
1712 1876 1810 1913 hanc
1823 1876 1999 1927 paginam

465 1934 612 1967 nostrae
636 1930 885 1967 concessionis
914 1959 1085 1978 ........
1110 1933 1168 1969 vel
1195 1933 1229 1969 ei
1245 1962 1354 1970 .....
1379 1933 1573 1970 contraire.
1601 1933 1640 1971 Si
1666 1934 1752 1984 quis
1778 1939 1901 1971 autem
1928 1933 2000 1970 hoc

465 1992 681 2038 attemptare
705 1990 1011 2039 praesumpserit,
1033 1991 1329 2041 indignationem
1356 1993 1622 2043 omnipotentis
1650 1993 1718 2029 Dei
1745 1997 1782 2029 et
1804 1992 1998 2030 beatorum

465 2046 562 2083 Petri
581 2051 617 2083 ct
634 2046 739 2083 Pauli
757 2049 1010 2097 apostolorum
1026 2050 1105 2098 ejus
1119 2064 1158 2088 se
1172 2052 1316 2088 noverit
1330 2052 1540 2089 incurrisse.
1555 2052 1693 2088 Datum
1710 2051 1811 2101 apud
1826 2051 1998 2088 Sanctam

466 2104 617 2141 Mariam
635 2105 829 2154 Majorem,
848 2106 1023 2145 kalendas
1043 2109 1186 2155 martii,
1200 2110 1438 2160 pontificatus
1456 2123 1556 2147 anno
1573 2109 1752 2147 secundm

516 2161 635 2210 Hujus
654 2162 767 2212 igitur
784 2163 920 2201 virtute
938 2165 1122 2216 privilegii
1142 2180 1209 2204 nos
1229 2168 1345 2205 abbas
1358 2168 1659 2205 Claraevallensis
1682 2168 1824 2205 habens
1839 2167 1998 2205 liberam

467 2222 675 2258 facultatem
698 2236 765 2273 pro
791 2224 982 2271 domibus,
1003 2228 1235 2265 monasteriis
1257 2233 1293 2265 et
1317 2228 1495 2265 membris
1518 2229 1634 2266 nostri
1661 2227 1804 2265 ordinis
1831 2226 1870 2263 in
1893 2238 2000 2276 gene·

466 2280 607 2317 ratione
641 2286 764 2318 nostra
801 2283 1049 2321 constituendi
1084 2291 1341 2336 procuratores
1376 2293 1503 2324 contra
1532 2299 1778 2337 quoscunque
1808 2289 1844 2322 et
1874 2296 1998 2321 coram

467 2338 773 2388 quibuscunque,
788 2341 1090 2393 quandocunque
1103 2344 1319 2382 auctoritate
1336 2345 1497 2382 suffultis
1508 2374 1517 2391 ,
1535 2358 1582 2381 ne
1599 2344 1811 2394 aliquorum
1825 2342 1872 2378 de
1886 2354 1998 2391 gene·-

468 2396 608 2432 ratione
622 2402 743 2433 nostra
758 2397 843 2445 jura
858 2405 1031 2437 maneant
1044 2401 1250 2447 indefensa,
1266 2403 1475 2453 specialiter
1488 2407 1611 2440 autem
1627 2402 1777 2438 illorum
1791 2400 1837 2436 de
1849 2399 1997 2436 Thosan
