2184 3074
481 329 553 366 466
1032 325 1191 363 CODEX
1219 325 1463 363 DUNENSlS.

484 450 519 482 et
536 451 737 482 conventus
755 444 958 494 dampnum
978 448 1013 479 et
1029 455 1239 493 gravamen.
1258 442 1418 479 Nomina
1441 455 1528 478 vero
1554 455 1836 492 suspensorum,
1861 455 2010 481 exenni-

485 505 775 549 municatorum,
806 503 990 539 citatorun
1016 506 1052 538 et
1081 501 1178 537 diem
1206 513 1270 537 seu
1306 500 1384 537 dies
1414 501 1632 537 citationum
1659 501 1785 547 nobis,
1809 501 1839 538 si
1867 510 2013 539 necesse

485 562 611 608 suerit,
637 566 673 598 et
705 561 799 611 quid
827 560 914 597 inde
941 559 1116 605 feceritis,
1143 558 1399 604 rescribendo,
1418 559 1468 595 ita
1493 558 1596 609 quod
1619 559 1657 595 in
1685 558 1757 596 hiis
1787 558 2013 610 exequendis

485 632 583 656 unus
608 623 769 656 vestrum
795 618 908 654 alium
936 618 991 654 vel
1018 617 1108 654 alios
1136 629 1211 653 non
1241 620 1440 666 exspectet,
1467 617 1537 654 sub
1569 630 1688 667 poena
1719 617 1920 664 antedicta,
1937 629 2013 654 non

486 678 654 715 obstante
672 691 715 714 eo
735 677 836 727 quod
854 676 960 713 vobis
983 676 1141 712 litteram
1161 675 1304 712 domini
1321 688 1438 725 papae
1456 676 1634 713 bullatam
1653 680 1688 712 et
1706 675 2016 713 conservaturiam
2056 673 2062 680 ‘

488 741 650 773 nostram
667 740 821 785 propter
849 734 993 770 viarum
1015 733 1179 783 pericula
1210 733 1458 770 transmittere
1490 747 1565 770 non
1598 733 1796 780 audemus,
1814 733 1879 770 sed
1901 733 1948 770 de
1963 733 2015 771 eis

487 795 604 845 parati
625 807 752 831 sumus
769 794 874 830 vobis
894 793 1037 843 copiam
1057 793 1174 829 facere
1188 793 1235 829 ad
1250 792 1365 839 diem„
1386 793 1414 830 si
1430 793 1577 842 petierit
1593 806 1677 843 pars
1693 792 1855 830 adversa.

1205 917 1313 926 ⁴0*-

1170 1032 1354 1096 cccxxi.

537 1178 664 1223 ,Leltre
682 1177 831 1214 relative
849 1178 871 1213 ἀ
889 1177 1117 1234 ἰόρροεὶεἱοζι
1130 1177 1220 1227 faite
1239 1191 1287 1214 au
1303 1179 1469 1227 mariaqe
1484 1177 1526 1214 de
1545 1177 1674 1214 Pieri-e
1696 1176 1871 1215 Thoroud
1887 1158 1984 1215 avec*
1999 1223 2003 1229 y

1078 1235 1264 1272 Elisabeth
1284 1235 1327 1272 de
1346 1234 1453 1273 Heloe.

540 1440 632 1476 Cum
651 1452 762 1490 super
788 1439 1026 1476 matrimonio
1043 1439 1145 1489 quod
1163 1439 1371 1476 adinvicem
1391 1438 1607 1475 contrahere
1627 1437 1869 1475 intendebant
1889 1437 2019 1474 Petrus

491 1497 611 1534 dictus
634 1497 828 1543 Thoroud,
848 1497 1064 1547 parrochiae
1081 1498 1204 1534 Sancti
1222 1496 1427 1541 Michaelis,
1444 1501 1479 1533 et
1495 1495 1706 1533 Elisabetha
1720 1495 1820 1533 dicto
1838 1495 1885 1532 de
1903 1495 2018 1542 Heke,

492 1555 709 1605 parrochiae
730 1556 853 1593 Sancti
873 1556 1021 1601 Jacobi,
1042 1556 1127 1592 fidei
1151 1555 1366 1592 dationibus
1384 1567 1487 1591 more
1504 1554 1612 1592 solito
1635 1555 1672 1591 in
1692 1567 1805 1590 manu
1823 1553 2017 1604 presbiteri

495 1614 610 1650 curati
627 1614 751 1650 Sancti
765 1614 894 1651 Jacobi
913 1614 1092 1664 praedicti
1108 1614 1228 1660 factis,
1243 1614 1391 1651 duobus
1405 1613 1539 1650 bannis
1556 1613 1595 1649 in
1609 1613 1701 1649 facie
1714 1612 1897 1650 Ecclesiae
1910 1624 2023 1663 super

493 1673 591 1710 dicto
606 1674 843 1711 matrimonio
862 1675 1109 1725 proclamatis,
1123 1674 1275 1724 quidam
1290 1674 1479 1711 Johannes
1494 1673 1615 1710 dictus
1631 1673 1787 1711 Scakere
1800 1685 1870 1723 pro
1880 1671 2021 1710 Jaoobo

493 1733 592 1770 dicto
613 1734 734 1784 Cupre
752 1734 831 1783 ejus
851 1735 961 1771 fratre
979 1739 1015 1771 et
1033 1734 1184 1771 nomine
1210 1733 1376 1783 ejusdem
1399 1734 1457 1770 sui
1484 1733 1605 1770 fratris
1628 1732 1872 1777 denuntians,
1892 1730 2023 1780 nonlse

492 1798 634 1843 partem
673 1794 841 1830 faciendo
872 1794 1105 1844 opposuerit,
1132 1795 1329 1831 asserendo
1357 1798 1393 1830 et
1426 1792 1619 1842 allegando
1652 1803 1800 1829 causam
1835 1802 1950 1841 quare
1976 1788 2022 1826 ad

493 1852 801 1902 sollempnitatem
825 1852 914 1889 dicti
931 1852 1158 1889 matrimonii
1174 1852 1271 1889 inter
1288 1852 1408 1889 dictos
1421 1850 1638 1888 contrahere
1656 1850 1819 1886 volentes
1840 1860 1914 1885 non
1932 1850 2025 1884 esset.

492 1910 649 1948 ulterius
679 1911 975 1961 procedendum,
1008 1912 1096 1962 ipsis
1132 1911 1349 1949 contrahere
1379 1910 1590 1948 volentibus
1618 1914 1653 1946 et
1682 1908 1781 1946 dicto
1814 1909 2024 1957 opponente

494 1981 617 2005 coram
647 1970 754 2006 nobis
782 1970 900 2007 citatis
919 1970 964 2006 ad
991 1970 1127 2007 dictam
1156 1970 1275 2016 diem,
1292 1970 1419 2006 libello
1445 1982 1490 2006 ex
1511 1973 1614 2019 parte
1632 1967 1722 2004 dicti
1739 1966 1869 2004 Jacobi
1895 1969 2023 2002 contra

493 2027 630 2064 dictam
648 2028 900 2065 Elizabetham
921 2034 956 2066 et
973 2029 1114 2066 dietum
1132 2029 1299 2075 Petrum7
1318 2029 1347 2066 si
1366 2042 1432 2066 sua
1451 2027 1652 2065 crediderit
1674 2027 1864 2071 interesse,
1881 2023 2021 2069 oblato,

496 2084 632 2135 liteque
662 2099 774 2136 super
807 2087 937 2123 eodem
964 2092 1177 2124 ¹contestata
1209 2088 1254 2124 ad
1290 2087 1599 2138 supplicationem
1634 2085 1754 2122 dictae
1789 2082 2024 2120 Elizabethae

494 2144 601 2180 nobis
619 2145 750 2181 saetam
762 2175 770 2191 7
788 2145 894 2182 vobis
908 2150 943 2182 et
961 2151 1123 2183 vestrum
1142 2147 1296 2183 cuilibet
1315 2145 1578 2197 praecipiendo
1604 2143 1825 2181 mandamus
1842 2145 2024 2192 quatenus

494 2202 540 2238 ad
565 2203 705 2239 dictum
731 2204 881 2241 Petrum
917 2205 1160 2254 personaliter
1187 2205 1400 2241 accedentes
1431 2203 1630 2240 inhibeatis
1655 2201 1776 2239 eidem
1804 2200 1875 2237 sub
1905 2211 2023 2250 poena

495 2261 888 2299 excommunicationis
906 2267 1029 2299 nostra
1048 2263 1266 2299 auctoritate
1280 2266 1316 2299 et
1333 2266 1482 2299 centum
1497 2260 1732 2298 marcharum
1752 2258 1894 2310 argenti
1913 2257 2020 2294 nobis

496 2319 541 2355 ad
561 2333 654 2369 opus
672 2321 864 2358 reverendi
889 2322 926 2358 in
946 2322 1092 2359 Christo
1111 2323 1226 2372 patris
1251 2322 1404 2359 domino
1427 2319 1647 2359 Tornacensi
1673 2318 1849 2369 episeopo
1874 2316 2021 2353 solven-

497 2377 644 2423 darum,
662 2392 707 2415 ne
721 2392 805 2416 cum
827 2380 951 2430 aliqua
968 2381 1041 2417 alia
1059 2395 1078 2417 a
1097 2381 1195 2418 dicta
1209 2380 1425 2418 Elizabetha
1447 2378 1600 2430 aliquod
1618 2377 1810 2415 vinculum
1830 2372 2023 2411 matrimo-

484 2435 593 2473 ,niale
612 2437 803 2474 contrahat
818 2443 879 2475 aut
899 2452 937 2475 se
955 2439 1001 2475 ad
1020 2439 1090 2476 alia
1111 2444 1195 2476 vota
1213 2440 1409 2476 transferat
1423 2443 1486 2475 aut
1511 2436 1727 2474 contrahere
1744 2447 1809 2471 seu
1827 2430 2023 2470 transferre
