2184 3074
726 257 886 296 CODEX
914 256 1161 296 DUNENsls.
1666 258 1710 295 15

177 379 265 416 tiam
284 378 450 416 deserere
468 381 503 413 ct
520 377 558 413 in
577 377 684 426 fugae
702 374 929 426 praesidium
950 377 1164 411 convertere
1176 385 1322 423 gressus
1338 377 1493 410 nostros.
1509 372 1711 409 Amisimus

176 437 274 474 enim
294 436 484 488 grangiam
501 439 664 472 nostram
683 433 905 471 Bossombre
917 437 954 470 et
966 431 1148 483 quicquid
1164 431 1201 468 in
1217 431 1326 468 bonis
1341 430 1480 468 ibidem
1497 430 1709 477 habuimus,

176 508 260 532 nam
281 494 419 532 ibidem
440 493 622 531 exercitus
635 492 910 544 praedictorum
930 491 1093 528 fixerunt
1110 490 1265 527 tentoria
1285 503 1351 541 per
1365 489 1443 527 dies
1458 490 1594 540 plures,
1609 489 1710 526 etsie

175 553 352 594 radicitus
369 552 531 596 arbores,
549 551 715 597 bladum,
734 550 864 588 domos
878 554 914 587 et
926 550 1045 587 casale
1057 549 1336 594 destruxerunt,
1350 547 1452 599 quod
1469 561 1543 585 non
1559 553 1710 598 apparet

175 611 228 649 ibi
248 612 361 650 fuisse
379 624 492 649 manu
513 610 675 647 bominis
693 614 903 660 operatum,
923 608 992 645 nisi
1013 607 1250 645 solummodo
1270 611 1364 643 terra
1383 619 1497 643 vacua
1516 612 1551 644 et
1569 607 1710 657 lapides

174 669 288 706 diruti
303 674 339 706 et
351 669 547 706 combusti.
565 669 667 706 Bona
682 668 791 704 etiam
807 680 902 718 quae
916 671 1020 704 erant
1036 666 1074 702 in
1089 666 1180 702 turri
1196 679 1308 716 super
1323 666 1443 702 rivum
1461 666 1588 703 Fontis
1603 666 1709 703 Orto-

176 741 279 775 rum,
297 727 479 766 sarraceni
499 727 639 778 pedites
659 727 908 771 abstulerunt,
927 724 1184 762 molendinum
1203 738 1355 775 quoque
1378 729 1413 761 et
1439 724 1591 770 domos,
1616 737 1708 760 con-

175 786 299 823 fractis
325 785 451 832 molis,
478 785 573 836 ignis
599 785 766 836 voragini
799 784 1063 822 submiserunt.
1093 783 1225 821 Roscia
1257 782 1366 819 etiam
1397 782 1550 833 grangia
1583 787 1707 819 nostra

175 843 367 882 combusta
384 848 438 881 est
452 848 486 880 et
500 843 703 888 destructa,
717 843 818 880 etsie
832 841 1033 892 praesentis
1047 840 1134 878 anni
1149 840 1292 877 labores
1306 853 1480 890 agrorum
1496 845 1706 878 nostrorum

175 901 386 948 amisimus,
404 901 507 953 quod
526 901 573 938 ad
596 901 900 941 sustentationem
925 904 1088 937 nostram
1115 899 1184 936 nisi
1212 899 1319 936 valde
1342 899 1552 945 modicum,
1574 905 1610 936 et
1637 899 1706 936 nisi

175 960 326 998 aliunde
344 959 452 997 nobis
474 960 574 996 Deus
595 958 810 1002 subveniat,
830 971 904 995 non
927 957 1120 997 habemus,
1145 957 1333 994 Mor-amur
1351 957 1537 1008 siquidem
1557 958 1595 995 in
1613 958 1707 995 civi-

175 1024 247 1058 tate
266 1018 513 1069 Tripolitana,
533 1031 602 1054 nec
619 1017 799 1054 audemus
818 1016 863 1054 ad
878 1016 1065 1053 abbatiam
1080 1016 1230 1061 reverti,
1244 1015 1331 1065 quia
1346 1029 1413 1066 pro
1430 1016 1536 1052 lirmo
1553 1015 1710 1053 habetur

174 1078 277 1130 quod
296 1078 425 1116 iterato
443 1077 625 1114 reversuri
644 1081 732 1114 sunt
749 1081 790 1112 ut
809 1089 883 1113 non
903 1075 1054 1125 effugiat
1066 1075 1113 1111 ab
1127 1074 1178 1111 eis
1192 1074 1372 1125 quicquid
1388 1088 1515 1111 eorum
1530 1074 1709 1125 attingere

177 1150 308 1176 manus
326 1135 472 1187 poterit.
491 1135 682 1172 Praeterea
701 1134 877 1171 noveritis
894 1133 997 1184 quod
1017 1133 1257 1170 fortissimum
1277 1138 1436 1170 castrum
1452 1133 1554 1184 quod
1571 1133 1710 1170 dicitur

176 1195 333 1247 saphet,
352 1194 455 1246 quod
473 1198 551 1231 erat
568 1193 883 1243 Templariorum,
901 1191 1122 1229 mirabiliter
1146 1191 1258 1228 armis
1282 1190 1425 1228 bellicis
1448 1197 1707 1241 praeparatum

175 1260 211 1293 et
223 1253 514 1292 bellicosissimis
527 1252 617 1290 viris
632 1251 812 1302 religiosis
826 1255 862 1288 et
875 1250 956 1287 aliis
970 1250 1199 1288 secularibus
1213 1249 1417 1296 munitum,
1431 1249 1533 1300 quod
1547 1254 1706 1288 castrum

174 1313 237 1351 ille
261 1311 484 1350 fortissimus
511 1310 687 1348 soldanus
713 1309 929 1355 Saladinus,
948 1308 1159 1359 quondam,
1178 1321 1244 1358 per
1262 1312 1332 1344 tres
1350 1321 1467 1346 annos
1489 1313 1524 1345 et
1547 1313 1709 1360 quatuor

174 1383 339 1417 menses,
358 1368 572 1414 obsederat,
590 1381 658 1405 nec
681 1368 716 1405 vi
742 1381 871 1418 capere
894 1367 1033 1418 potuit,
1058 1366 1124 1404 iste
1152 1365 1373 1403 Bendocdac
1397 1366 1572 1404 soldanus
1594 1367 1708 1404 Babi-

174 1429 294 1467 loniae
317 1441 384 1479 per
408 1441 472 1465 sex
495 1426 749 1464 hebdomadas
774 1426 970 1472 continue,
989 1425 1049 1462 die
1068 1429 1275 1475 noctuque,
1294 1424 1479 1470 ferociter,
1498 1425 1708 1472 crudeliter,

173 1488 398 1525 incessanter
415 1486 658 1536 obpugnans,
677 1484 837 1536 peccatis
856 1483 1144 1521 christianorum
1164 1482 1412 1532 exigentibus,
1432 1483 1542 1533 cepit,
1568 1489 1603 1520 et
1625 1496 1708 1520 om·

173 1559 237 1583 nes
255 1545 589 1594 christianosquos
614 1543 714 1580 intus
738 1543 897 1589 invenit,
916 1542 1040 1592 gladio
1066 1541 1273 1579 trucidavit.
1299 1541 1404 1579 Unde
1427 1541 1576 1578 timetur
1604 1541 1707 1592 quod

173 1617 248 1642 non
267 1603 314 1641 sit
331 1603 479 1648 civitas,
499 1615 566 1638 nec
584 1606 745 1639 castrum
764 1601 867 1651 quod
886 1600 915 1637 si
935 1599 1054 1636 voluit
1077 1599 1263 1645 obsidere,
1290 1599 1381 1649 quin
1411 1599 1527 1649 possit
1552 1599 1632 1650 capi
1660 1599 1707 1636 ab

173 1675 227 1700 eo.
244 1660 360 1700 Vobis
375 1659 499 1710 igitur,
514 1659 578 1710 qui
598 1671 672 1696 non
691 1659 812 1696 solum
833 1658 870 1695 in
891 1658 1041 1704 nostris,
1056 1657 1120 1694 sed
1139 1657 1248 1693 etiam
1269 1656 1307 1692 in
1328 1656 1438 1694 totius
1457 1657 1586 1707 populi
1605 1657 1707 1694 chri-

172 1720 282 1759 stiani
301 1718 609 1770 prosperitatibus
633 1716 873 1768 congaudetis
896 1721 932 1753 et
956 1715 1152 1753 tristamini
1173 1716 1210 1751 in
1230 1715 1413 1761 adversis,
1433 1715 1620 1765 praedicta
1639 1715 1707 1753 do-

171 1778 282 1816 lendo
295 1776 505 1823 referimus,
520 1775 770 1826 supplicantes
783 1779 825 1812 ut
839 1788 905 1812 nos
920 1779 956 1812 et
968 1773 1212 1811 christianum
1227 1773 1407 1824 populum
1423 1773 1703 1811 citramarinum

171 1838 237 1889 qui
255 1837 351 1874 vires
370 1835 416 1873 ad
436 1835 681 1872 resistendum
707 1839 829 1871 tantae
853 1833 1038 1886 potentiae
1061 1846 1135 1870 non
1161 1832 1365 1878 babemus,
1386 1832 1559 1882 precibus
1577 1833 1707 1870 vestris

171 1895 270 1946 apud
295 1894 501 1932 Dominum
527 1893 845 1930 recommendatos
870 1893 1006 1930 habere
1030 1891 1170 1938 velitis,
1197 1895 1238 1927 ut
1258 1890 1397 1940 quibus
1416 1890 1513 1927 vires
1534 1890 1707 1940 propriae

173 1966 247 1992 non
266 1952 475 2000 sufficiunt,
495 1965 605 1989 suum
624 1951 799 2002 dignetur
814 1952 1013 1988 clementer
1031 1949 1208 1988 auxilium
1229 1948 1422 1999 impartiri.
