2184 3074
723 347 884 386 CODEX
910 349 1155 388 DUNENSlS.
1630 348 1702 386 489

168 470 306 515 ponere
325 465 466 512 velitis,
489 471 601 517 prout
622 467 703 517 paci
730 472 766 504 ct
786 468 895 505 saluti
919 468 999 518 ojus
1023 468 1199 506 noveritis
1223 467 1415 518 expedire,
1434 467 1549 504 alium
1567 479 1701 518 quem-

167 535 316 574 cunque
332 523 379 561 de
398 525 529 563 vestris
548 525 615 576 qui
641 539 726 563 cum
755 526 890 564 nostris
908 525 1052 578 ingredi
1078 530 1115 564 et
1131 526 1255 578 egredi
1285 526 1372 563 velit
1398 530 1434 563 et
1458 526 1595 571 valeat,
1622 525 1703 561 loco

169 581 285 632 ipsius
295 610 304 628 ‚
322 582 352 620 si
369 583 476 620 vobis
489 583 687 633 placuerit,
702 585 1007 632 transmittentes,
1021 585 1080 622 cui
1097 585 1216 636 parati
1235 585 1374 622 erimus
1389 584 1550 622 caritatis
1564 588 1600 620 et
1614 583 1702 620 hos-

171 639 253 689 pitii
270 639 449 678 beneficia
467 641 654 679 exhibere.
1335 644 1338 647 ’

841 830 1038 868 CCCXLll.

469 937 591 975 Leure
611 938 654 976 de
673 939 1010 978 recommendation
1022 953 1124 990 pour
1141 954 1192 977 un
1210 940 1402 991 reliyieux.

218 1108 447 1155 Venerabili,
465 1113 532 1147 etc.
551 1109 737 1147 Dilectum
758 1110 867 1147 nobis
893 1111 932 1147 in
950 1110 1098 1148 Christo
1116 1111 1291 1148 devotum
1310 1111 1430 1149 filium
1454 1117 1614 1151 vestrum
1633 1115 1701 1151 fra-

169 1171 272 1205 trem.
289 1196 297 1205 .
312 1195 321 1205 .
337 1197 344 1205 .
360 1168 514 1206 latorem
532 1168 800 1219 praesentium,
818 1168 942 1206 virum
962 1169 1160 1220 pacificum
1179 1174 1216 1207 et
1236 1169 1450 1217 honestum,
1468 1170 1514 1207 ad
1534 1170 1701 1208 Paterni-

170 1225 253 1264 tatis
270 1225 420 1264 Vestrae
445 1227 683 1264 dulcedinem
701 1227 749 1264 de
767 1231 889 1264 vestro
906 1227 1139 1278 beneplacito
1158 1232 1194 1266 et
1210 1228 1360 1279 speciali
1379 1229 1554 1266 mandato
1570 1229 1618 1266 ad
1635 1242 1701 1266 vos

170 1284 405 1332 remittimus,
418 1285 465 1323 de
478 1299 566 1323 suae
584 1285 828 1323 revocationis
842 1286 958 1336 gratia
972 1286 1210 1337 gratulantes,
1225 1286 1401 1337 gaudenti
1416 1286 1699 1337 congaudentesff

169 1344 341 1395 quamvis
370 1345 591 1383 deberemus
608 1345 655 1382 de
684 1345 801 1396 ipsius
830 1346 1060 1396 separatione
1090 1346 1243 1392 tristari,
1261 1351 1298 1383 et
1313 1346 1343 1384 si
1364 1347 1558 1397 proprium
1579 1347 1617 1383 in
1632 1347 1701 1383 bac

168 1407 272 1453 parte
284 1404 523 1453 commodum
539 1417 798 1454 pensaremus,
811 1417 854 1441 eo
872 1404 975 1455 quod
995 1404 1103 1442 nobis
1122 1405 1159 1442 in
1179 1405 1351 1456 pluribus
1369 1405 1470 1443 utilis
1492 1405 1697 1443 videbatur.

168 1461 356 1511 Rogamus
381 1461 506 1513 itaque
530 1461 793 1499 paternitatem
814 1462 978 1500 Vestram
996 1463 1174 1513 quatinus
1197 1462 1345 1500 divinae
1374 1463 1519 1513 pietatis
1544 1463 1697 1505 intuitu,

168 1532 396 1570 precumque
413 1525 623 1558 nostrarum
642 1520 853 1558 interventu
870 1520 1041 1558 eumdem
1062 1521 1109 1558 ad
1129 1534 1194 1559 vos
1212 1526 1472 1567 revertentem,
1490 1535 1602 1573 seque
1617 1526 1700 1559 tan-
1765 1517 1773 1528 '

168 1594 282 1632 quam
300 1579 421 1617 filium
439 1579 672 1618 obedientiae
689 1579 819 1617 vestris
840 1579 1081 1631 beneplacitis
1098 1580 1380 1631 exponendum,
1402 1580 1561 1632 benigne
1579 1581 1699 1618 velitis

169 1640 332 1691 recipere
344 1643 381 1676 et
392 1652 478 1677 eum
492 1643 649 1676 tractare
663 1639 701 1675 in
714 1638 920 1676 visceribus
935 1640 1111 1686 caritatis,
1125 1640 1280 1677 scientes
1293 1639 1408 1690 quod,
1423 1639 1539 1690 ipsius
1553 1640 1700 1690 exigen-

169 1699 269 1736 tibus
290 1697 400 1735 bonis
429 1697 605 1748 operibus
640 1700 676 1734 et
704 1696 903 1747 exemplis,
933 1710 1018 1734 cum
1050 1697 1228 1735 debemus
1264 1698 1396 1734 merito
1427 1697 1696 1734 commendare.

169 1757 366 1796 Universos
383 1761 506 1794 autem
527 1770 595 1808 per
612 1769 707 1807 quos
729 1756 932 1802 transierit,
959 1770 1132 1808 rogamus
1157 1762 1193 1794 et
1211 1757 1437 1808 requirimus
1462 1770 1547 1794 cum
1566 1757 1698 1794 affectu

167 1815 344 1866 quatinus
362 1815 482 1852 eidem
500 1815 672 1853 assistant
689 1814 979 1852 misericorditer
1000 1815 1039 1852 in
1061 1815 1201 1866 quibus
1225 1829 1311 1852 cum
1331 1815 1503 1852 noverint
1522 1814 1698 1865 indigere.

167 1874 265 1912 Vale.

885 1929 1001 1940 ⁴⁴*—

830 2053 1045 2091 CCCXLlll.

167 2159 454 2198 Lucre-relative
470 2162 492 2199 ἀ
511 2162 549 2199 la
569 2162 777 2212 dispersim
797 2162 859 2200 des
875 2162 1058 2212 reliqieuae
1074 2161 1162 2198 d'un
1179 2162 1395 2204 monestere,
1424 2160 1446 2196 ἀ
1463 2170 1571 2196 caitae
1590 2158 1634 2194 de
1660 2158 1699 2195 la

644 2221 767 2259 discite
779 2220 960 2258 resultant
976 2220 1039 2257 des
1054 2231 1219 2269 quem-es.

220 2394 407 2433 Universis
424 2401 649 2447 praesentes,
666 2402 751 2444 etc.‚
766 2397 847 2435 talis
865 2396 980 2434 abbas
998 2395 1153 2432 salutem
1171 2399 1207 2431 et
1222 2394 1361 2444 gratiae
1378 2398 1561 2444 quantum
1582 2393 1665 2431 sibi.

217 2451 463 2504 Opprimente
479 2455 641 2506 graviter
659 2455 898 2493 intollerabili
917 2453 1059 2492 sarcina
1080 2453 1292 2490 debitorum
1316 2465 1358 2488 ac
1385 2452 1608 2547 pensignum
1629 2451 1699 2489 do-

1514 2511 1539 2547 2
