2184 3074
719 382 881 419 CODEX
908 379 1150 419 DUNENSlS.
1633 374 1704 413 457

174 497 440 546 cisterciensis,
464 499 571 549 cujus
589 499 776 550 professor
798 499 940 543 existis,
965 498 1059 535 infra
1080 510 1235 548 regnum
1261 496 1415 548 Angliae
1433 493 1641 536 constituti,
1662 496 1703 529 ut

174 556 316 595 labores
337 557 534 595 accedendi
558 557 775 595 cistercium
801 557 847 594 ad
873 557 1078 607 capitulum
1105 556 1271 606 ejusdem
1297 555 1441 592 ordinis
1466 552 1636 605 generale
1659 563 1701 588 ac

174 628 285 653 onera
312 629 408 666 quae
432 616 630 653 abbatibus
654 616 742 653 dicti
766 616 908 654 ordinis
931 616 1069 653 ibidem
1094 629 1160 665 per
1177 614 1319 651 dictum
1344 613 1549 663 capitulum
1579 610 1702 660 impo-

178 679 330 722 nuntur,
361 675 547 713 interdum
574 675 706 721 vitare,
732 680 767 713 et
793 675 1041 713 obedientiam
1067 679 1102 712 et
1119 674 1354 725 disciplinam
1373 672 1533 722 effugere
1557 670 1703 707 valeant

177 732 398 784 regularem,
418 733 533 770 multa
554 738 589 770 et
607 733 706 770 varia
725 747 770 770 ne
787 734 832 770 ad
853 734 973 784 ipsum
1001 734 1205 784 capitulum
1230 732 1418 776 accedant,
1436 729 1701 781 impedimenta

175 790 411 839 contingunt,
424 794 474 836 et,
488 791 590 841 quod
606 791 710 842 pejus
724 795 796 836 est,
812 792 926 843 aliqui
942 805 986 828 ex
1002 792 1053 828 eis
1068 805 1106 829 se
1120 795 1272 842 propter
1287 790 1409 827 hocin
1426 789 1542 839 ipsius
1558 785 1700 824 ordinis

174 853 211 885 et
235 849 423 900 religionis
453 849 699 900 obprobrium
729 864 795 901 per
820 851 1020 901 potentiam
1053 850 1254 887 sccularem
1282 848 1362 900 capi
1393 861 1458 899 per
1485 860 1523 884 se
1548 851 1584 883 et
1610 844 1701 882 alios

175 913 377 958 procurant
398 913 434 945 et
455 909 564 946 etiam
591 909 746 947 detineri
775 914 810 946 et
835 910 987 960 quidam
1008 909 1168 947 inhiberi
1190 909 1260 946 sibi
1280 909 1389 945 etiam
1410 921 1476 958 per
1492 905 1700 956 captionem

178 966 360 1004 bonorum
381 968 688 1005 monasteriorum
709 981 880 1014 suorum,
904 982 950 1005 ne
974 981 1127 1018 regnum
1154 967 1383 1018 praedictum
1402 969 1551 1008 exeant,
1579 968 1619 1000 ut
1638 975 1703 1012 per

176 1025 246 1063 hoc
272 1026 502 1063 occasionem
531 1026 691 1064 habeant
716 1028 762 1064 ad
789 1028 930 1065 dictum
958 1028 1161 1078 capitulum
1182 1027 1335 1063 minime
1362 1023 1533 1062 veniendi
1554 1039 1561 1059 :
1587 1034 1703 1073 quare

176 1097 259 1130 nos,
276 1083 323 1121 de
343 1089 425 1121 tuae
443 1085 784 1136 circumspectionis
804 1086 982 1123 industria
1003 1086 1148 1137 plenam
1170 1085 1207 1122 in
1226 1085 1388 1122 Domino
1408 1082 1582 1120 fiduciam
1602 1079 1702 1117 obti-

175 1148 302 1181 nentes
325 1150 360 1181 et
384 1143 463 1181 sine
489 1144 722 1182 dubitat-ione
748 1150 936 1196 sperantes
960 1145 1062 1196 quod
1089 1158 1173 1196 erga
1203 1143 1371 1181 ordinem
1398 1142 1539 1179 sincera
1562 1140 1701 1176 ferveas

174 1201 338 1247 caritate,
364 1202 585 1239 Discretioni
611 1203 711 1240 Tuae
733 1204 946 1241 auctoritate
967 1203 1165 1254 apostolica
1192 1201 1392 1245 statuendi,
1420 1196 1641 1236 decernendi
1667 1199 1703 1233 et

175 1258 283 1296 etiam
306 1259 503 1297 ordinandi
530 1262 631 1312 quod
659 1275 787 1299 omnes
814 1267 849 1299 et
875 1262 1011 1313 singuli
1039 1262 1189 1299 abbates
1214 1259 1390 1311 praedicti
1415 1263 1450 1295 et
1474 1267 1701 1294 successores

175 1330 302 1355 eorum
321 1318 385 1368 qui
411 1332 478 1370 pro
505 1324 671 1371 tempore
698 1321 834 1358 fuerint
853 1321 1117 1372 impedimenta
1140 1320 1295 1357 conficta
1314 1321 1554 1369 procurantes
1572 1313 1700 1351 eadem

174 1375 231 1412 vel
257 1375 410 1426 aliquod
433 1378 666 1424 eorumdem,
685 1383 748 1416 aut
766 1379 830 1430 qui
854 1379 899 1416 ad
918 1379 1059 1416 dictum
1082 1379 1306 1429 capitulum,
1331 1375 1596 1428 impedimento
1623 1386 1703 1410 ces-

174 1438 276 1471 sante
307 1434 485 1485 legitimo,
511 1442 622 1487 prout
654 1442 827 1475 tenentur
850 1443 886 1475 et
906 1442 1177 1475 consueverunt
1209 1437 1401 1479 hactenus,
1433 1433 1577 1472 statutis
1609 1438 1703 1469 tem-

147 1547 149 1550 .
175 1492 328 1543 poribus
358 1494 531 1531 accedere
558 1496 650 1533 sorte
675 1501 990 1548 contempserunt,
1023 1500 1214 1534 incurrant
1244 1491 1641 1532 excommunicationis
1666 1493 1702 1526 et

174 1550 263 1588 alias
281 1553 480 1590 sententias
494 1558 605 1605 atque
619 1568 755 1605 poenas
773 1556 968 1593 canonicas
987 1556 1033 1593 de
1050 1556 1188 1606 quibus
1204 1555 1270 1592 tibi
1289 1554 1478 1591 videbitur
1494 1552 1574 1602 ipso
1589 1551 1702 1588 facto.

175 1622 248 1646 non
272 1610 506 1650 obstantibus
529 1613 759 1663 quibuslibet
776 1615 994 1667 privilegiis,
1014 1615 1253 1665 indulgentiis
1280 1618 1314 1650 et
1336 1612 1465 1650 litteris
1491 1608 1702 1661 apostolicis

173 1668 406 1717 generalibus
425 1670 480 1706 vel
500 1672 741 1721 specialibus,
759 1673 1015 1724 cujuscunque
1034 1674 1170 1711 tenoris
1195 1673 1372 1717 existant,
1391 1670 1514 1708 ordini
1538 1668 1702 1719 praefato

174 1725 229 1762 vel
253 1727 421 1776 personis
447 1728 562 1778 ipsius
584 1730 654 1767 sub
678 1744 903 1782 quacunque
923 1733 1120 1770 verborum
1146 1732 1262 1769 forma
1281 1729 1479 1774 concessis,
1499 1728 1545 1765 de
1564 1726 1703 1777 quibus

175 1784 211 1820 in
243 1784 378 1822 nostris
406 1785 536 1824 litteris
567 1793 660 1825 esset
690 1789 861 1827 habenda
896 1790 1032 1827 mentio
1064 1790 1251 1841 specialis,
1282 1789 1428 1840 plenam
1464 1784 1702 1824 concedimus

174 1843 390 1880 auctoritate
408 1846 657 1895 praesentium
678 1847 899 1885 facultatem.
919 1849 1054 1886 Datum
1072 1849 1107 1885 in
1128 1848 1293 1899 prioratu
1313 1848 1359 1884 de
1378 1845 1567 1883 Gransella
1587 1856 1702 1895 prope

174 1899 440 1948 lllalansanam,
460 1902 694 1942 vasionensis
714 1906 900 1956 dyocesis,
926 1907 973 1944 Xl
994 1907 1168 1944 kalendas
1182 1906 1296 1956 junii,
1325 1905 1560 1956 pontificatus
1585 1900 1701 1939 nostri

173 1971 271 1997 anno
290 1961 458 2012 septimo.

221 2015 296 2055 Nos
322 2019 447 2071 itaque
474 2023 637 2061 volentes
666 2024 754 2062 huic
773 2025 904 2063 morbo
925 2026 1098 2076 congruis
1121 2025 1293 2062 remediis
1309 2024 1460 2061 obviare
1485 2021 1701 2059 auctoritate

172 2077 371 2126 apostolica
397 2081 608 2130 supradicta
633 2084 815 2133 praesenti
847 2089 982 2121 statuto
1014 2084 1316 2134 irrefragabiliter
1338 2087 1516 2133 perpetuo
1541 2079 1700 2116 valituro

173 2133 404 2181 ordinamus,
427 2139 623 2177 statuimus
648 2145 759 2192 atque
785 2142 1019 2180 decernimus
1041 2142 1142 2192 quod
1169 2154 1296 2178 omnes
1325 2145 1361 2178 et
1385 2139 1519 2190 singuli
1550 2138 1702 2175 abbates

174 2193 325 2242 praefati
346 2195 488 2237 ordinis
511 2196 762 2237 Cisterciensis
789 2200 884 2237 infra
911 2200 1052 2237 dictum
1076 2213 1230 2250 regnum
1253 2199 1405 2250 Angliae
1426 2196 1615 2235 constituti
1635 2195 1700 2246 qui

174 2263 274 2287 nunc
293 2257 380 2289 sunt
397 2259 432 2290 et
449 2267 676 2294 successores
695 2271 821 2296 eorum
837 2259 901 2309 qui
917 2272 985 2309 pro
1001 2263 1165 2309 tempore
1185 2258 1336 2301 suerint,
1352 2257 1417 2308 qui
1434 2255 1699 2307 impedimenta

173 2308 329 2346 conficta
347 2310 385 2347 in
404 2311 501 2350 dicta
521 2315 641 2364 papali
658 2316 776 2353 littera
795 2317 1060 2368 comprehensa
1079 2321 1142 2354 aut
1157 2316 1310 2367 aliquod
1330 2315 1544 2353 eorumdem
1564 2326 1702 2365 procu-

174 2368 349 2413 raverint,
364 2370 420 2406 vel
436 2371 481 2407 ad
500 2374 668 2422 generale
686 2375 890 2425 capitulum
905 2375 1004 2426 apud
1013 2375 1418 2420 Cistercium,cessante
1433 2372 1700 2424 impedimento

174 2425 338 2476 legitimo
364 2429 419 2465 vel
452 2442 526 2467 non
553 2431 703 2470 obtenta
736 2433 881 2471 licentia
911 2434 957 2471 de
988 2433 1212 2471 remanendo
1243 2433 1290 2470 ab
1321 2446 1364 2470 eo
1394 2431 1459 2483 qui
1497 2444 1576 2468 eam
1613 2430 1702 2467 dare

174 2485 348 2532 potuerit,
363 2486 409 2523 de
422 2487 560 2537 quibus
577 2488 614 2525 in
629 2491 758 2528 eodem
775 2491 938 2542 capitulo
951 2491 1110 2543 generali
1123 2491 1169 2529 ad
1180 2491 1282 2542 quod
1300 2491 1437 2528 debent
1450 2489 1622 2527 accedere
1636 2501 1702 2539 per

1510 2548 1557 2586 58
