2184 3074
493 340 566 377 462
1045 338 1203 374 (loom
1235 338 1479 375 DUNENSlS.

492 448 588 499 gulis
612 446 776 484 terminis
802 446 1033 496 supradictis.
1062 446 1105 482 Et
1133 459 1196 490 ne,
1227 446 1329 495 quod
1356 446 1467 492 absit,
1494 446 1592 483 dieta
1618 447 1731 485 Maria
1759 450 1962 500 aliquando
1989 452 2027 488 in

496 509 683 556 posterum
707 503 802 540 eirca
823 503 1006 540 dictarum
1030 503 1200 554 quinque
1227 503 1409 540 librarum
1427 504 1651 542 solutionem
1673 505 1859 545 defectum
1877 509 2028 557 seude-

495 564 707 600 trimentum
734 561 887 612 aliquod
910 561 1087 611 patiatur,
1114 560 1399 611 assignationem
1424 561 1511 599 inde
1534 563 1603 613 ipsi
1636 564 1792 603 facimus
1811 571 1848 604 et
1872 567 2027 605 facimus

493 623 538 659 ad
560 622 687 658 decem
708 633 898 656 mensuras
926 624 1041 656 terrae
1065 620 1163 656 tales.
1189 619 1423 657 Praedictum
1453 621 1606 671 quidem
1628 623 1947 674 assignamentum
1960 640 2028 677 pro

493 686 598 731 porta
624 684 749 716 nostra
781 678 900 715 eidem
926 678 1059 715 Mariae
1091 692 1132 715 ea
1163 683 1270 715 tenus
1297 679 1473 717 duximus
1503 680 1714 727 faciendum
1744 683 1847 733 quod
1871 684 2028 735 singulis

492 739 598 776 annis
616 738 754 788 quibus
772 737 868 787 ipsa,
884 736 985 787 quod
1006 736 1120 782 absit,
1139 736 1324 774 defectum
1344 738 1540 776 solutionis
1556 739 1790 788 sustinuerit,
1809 742 1855 779 ad
1873 756 2026 781 censum

492 810 556 834 seu
575 801 796 846 proventum
817 795 1001 832 dictarum
1029 799 1210 831 terrarum
1237 809 1368 833 manus
1388 810 1454 846 per
1479 810 1518 834 se
1536 798 1593 834 vel
1611 811 1678 848 per
1695 811 1940 851 quoscunque
1957 814 2026 839 vo-

492 855 601 892 luerit
630 867 833 905 apponere,
864 854 1064 904 ipsumque
1093 866 1244 891 censum
1275 867 1340 891 seu
1370 859 1594 905 proventum
1620 870 1640 893 a
1671 858 1874 896 censuariis
1904 859 2024 898 dietae

491 918 615 963 portae
634 925 763 962 capere
782 912 915 962 poterit
934 916 971 948 et
988 912 1123 958 levare,
1141 926 1327 963 suumque
1351 914 1506 951 omnino
1528 915 1647 952 faeere
1678 928 1746 965 pro
1765 920 1930 967 tempore
1946 931 2023 968 quo

489 973 675 1023 portarius
699 971 872 1008 defecerit
889 985 907 1008 a
928 972 1124 1018 solutione,
1149 972 1186 1008 in
1213 972 1407 1010 utilitatem
1425 973 1615 1025 propriam
1635 974 1750 1012 libere
1773 977 2034 1017 convertendo.

489 1037 524 1069 et
541 1032 648 1068 annis
666 1044 731 1068 seu
751 1030 918 1067 terminis
935 1031 1075 1081 quibus
1098 1031 1240 1068 ratione
1256 1031 1420 1069 defectus
1439 1032 1655 1083 hujusmodi
1676 1033 1796 1071 dietae
1813 1034 1948 1072 Mariae
1963 1036 2020 1075 vel

488 1091 567 1139 ejus
586 1089 760 1126 mandato
787 1089 978 1126 memorati
1003 1089 1186 1126 censuarii
1207 1090 1400 1137 solverint,
1423 1091 1470 1128 ab
1494 1091 1584 1142 ipsis
1608 1096 1733 1130 noster
1751 1093 1936 1143 portarius
1954 1107 2021 1144 pe-

487 1149 586 1186 nitus
605 1148 656 1185 nil
676 1147 854 1198 requiret,
873 1147 935 1185 sed
956 1147 1056 1198 ipsos
1074 1147 1120 1184 de
1139 1152 1239 1185 tanto
1258 1148 1404 1199 quietos
1421 1154 1458 1186 et
1475 1149 1611 1188 liberos
1629 1150 1852 1188 observabit.

1197 1303 1302 1312 v-—uoo-

1157 1463 1339 1500 cccxix.

483 1602 600 1637 Letlre
617 1600 659 1637 cle
679 1600 849 1650 philippe
869 1600 900 1636 le
920 1600 985 1637 Bel
1005 1600 1154 1637 relative
1176 1601 1198 1636 ἁ
1226 1600 1263 1637 la
1281 1600 1437 1638 deire-sse
1453 1601 1514 1638 des
1533 1601 1714 1651 reliqieux
1731 1602 1775 1638 de
1795 1601 2011 1639 Clairvaux.

526 1814 741 1864 Philippus,
758 1815 823 1851 Dei
843 1815 958 1865 gratia
974 1815 1202 1852 Francorum
1223 1828 1303 1859 rex,
1324 1814 1461 1851 ballivo
1476 1813 1679 1852 Senonensi
1695 1814 1861 1850 salutem.

528 1873 626 1910 lnter
655 1878 792 1910 ceteras
827 1887 1000 1910 curarum
1032 1873 1289 1910 fluctuationes
1312 1873 1452 1923 quibus
1480 1877 1604 1910 nostra
1630 1870 1843 1909 sollicitudo
1873 1870 2008 1907 distra-

476 1932 587 1977 hitur,
609 1932 679 1968 hoc
692 1932 890 1982 praecipue
903 1932 1064 1982 gerimus
1080 1931 1117 1968 in
1131 1931 1324 1968 desideriis
1338 1936 1374 1968 et
1382 1961 1485 1968 .....
1507 1937 1550 1968 ut
1565 1931 1740 1968 eeclesiae
1762 1934 1798 1967 et
1816 1929 2008 1980 potissime

474 1991 658 2040 regulares
672 2003 766 2041 quae
781 1991 850 2027 sub
867 1994 991 2027 nostra
1008 1990 1149 2027 ditione
1166 1990 1375 2027 consistunt
1389 1989 1524 2027 nostris
1540 1989 1769 2040 temporibus
1787 1993 1887 2038 grata
1905 1988 2006 2038 pacis

474 2048 597 2098 quiete
618 2049 820 2099 gaudeant,
846 2054 1129 2100 praeserventur
1151 2063 1171 2086 a
1190 2049 1311 2086 noxiis
1330 2055 1365 2086 et
1382 2062 1640 2101 perversorum
1659 2061 1836 2100 oppressa
1855 2046 2005 2084 malitiis

474 2108 667 2158 oportunis
686 2108 858 2145 remediis
877 2109 1095 2155 releventur,
1114 2114 1156 2146 ut
1173 2122 1299 2146 earum
1320 2121 1498 2160 personae
1516 2108 1594 2146 Deo
1612 2107 1683 2146 sub
1698 2106 1857 2158 regulari
1875 2106 2006 2144 obser-

474 2166 595 2203 vantia
620 2167 839 2204 famulantes
866 2181 908 2204 eo
937 2167 1090 2204 liberius
1115 2167 1305 2218 obsequiis
1328 2167 1466 2204 divinis
1484 2180 1614 2204 vacare
1634 2166 1778 2203 valeant
1793 2169 1829 2202 et
1850 2163 2023 2202 redderev

472 2224 659 2261 Altissimo
690 2229 773 2261 vota
804 2239 885 2271 sua,
905 2238 980 2275 quo
1010 2239 1076 2275 per
1106 2230 1252 2263 nostrae
1283 2225 1523 2276 protectionis
1550 2224 1747 2270 auxilium,
1773 2221 2004 2274 quibuslibet

470 2282 618 2319 semotis
637 2283 996 2332 perturbationibus,
1014 2283 1144 2333 maj0ri
1166 2297 1204 2320 se
1229 2283 1402 2321 noverint
1427 2283 1694 2334 tranquillitate
1715 2281 1885 2332 gaudere.
1905 2280 2001 2318 Sane

469 2354 513 2377 ex
532 2340 781 2378 insinuatione
800 2342 898 2379 fideli
918 2342 1079 2393 religiosi
1100 2342 1169 2379 viri
1189 2342 1333 2380 abbatis
1349 2341 1562 2380 monasterii
1582 2339 1878 2386 clarevallensis,
1896 2338 1998 2389 quod

470 2398 566 2435 inter
596 2403 712 2436 cetera
746 2400 887 2437 ordinis
918 2401 1034 2450 ipsius
1064 2401 1285 2438 monasteria
1317 2401 1547 2452 praeclarum
1576 2404 1612 2437 et
1644 2399 1770 2436 nobile
1796 2401 1997 2448 reputatur,

470 2456 576 2493 nobis
599 2456 762 2494 innotuit
779 2458 881 2508 quod
901 2458 1023 2508 ipsum
1044 2459 1309 2496 monasterium
1329 2463 1383 2496 tot
1400 2464 1434 2496 et
1451 2463 1639 2496 tantorum
1657 2470 1769 2494 onere
1786 2455 1997 2493 debitorum
2018 2470 2022 2476 ’
