2184 3074
734 283 895 322 CODEX
922 284 1167 323 Dt'NENfflS.
1637 291 1711 329 265

177 410 274 436 unus
290 404 457 437 nostrum
472 413 539 450 per
553 413 620 438 nos
637 405 702 437 aut
714 400 828 438 alium
847 413 912 438 seu
930 401 1022 438 alios
1035 401 1207 438 eumdem
1226 401 1421 439 dominum
1441 403 1633 450 Lennium,
1651 407 1707 443 vel

175 463 452 507 procuratorem
478 472 587 496 suum
619 458 699 509 ejus
726 459 891 504 nominc,
920 459 957 495 in
987 459 1216 510 corporalem
1244 460 1513 510 possessionem
1541 462 1706 512 ejusdem

174 517 452 567 praepositurae
476 517 675 568 brugensis
706 531 748 555 ac
771 517 916 567 jurium
943 522 978 554 et
1009 518 1316 568 pertinentiarum
1343 519 1422 569 ejus
1446 520 1708 561 induceremus

171 575 388 613 auctoritate
404 576 621 626 apostoliea,
640 580 676 613 et
693 576 976 614 defenderemus
1000 577 1212 623 inductum,
1234 584 1358 616 amoto
1375 580 1546 630 quolibet
1576 581 1707 620 deten-

174 634 462 680 tore,·rt'acientes
479 648 564 672 eum
584 634 851 673 nichilominus
871 636 926 673 vel
951 641 1227 686 procuratorem
1250 650 1358 674 suum
1379 651 1447 688 pro
1465 652 1509 676 eo
1527 640 1573 677 ad
1600 654 1707 691 prae-

174 691 378 742 posituram
405 693 572 731 eamdem
600 694 638 730 in
669 695 940 745 praepositum,
972 700 1083 745 prout
1111 695 1224 733 moris
1251 701 1319 742 est,
1342 697 1454 747 recipi
1482 702 1518 734 et
1543 698 1707 745 admitti,

173 749 321 801 sibique
333 751 379 788 de
397 751 514 801 ipsius
529 752 806 802 praepositurae
821 753 1002 790 fructibus
1014 782 1022 796 ,
1042 753 1266 799 redditibus,
1287 756 1545 804 proventibus,
1556 757 1707 806 juribus

174 812 210 845 et
223 809 512 848 obventionibus
527 811 710 848 universis
727 811 867 862 integre
877 811 1113 862 responderi,
1132 812 1421 851 contradictores
1435 827 1502 864 per
1513 828 1706 853 censuram

173 866 456 905 ecclesiasticam
477 869 724 919 appellatione
744 869 946 919 postposita
965 870 1250 920 compescendo,
1271 876 1383 921 prout
1396 871 1433 908 in
1450 872 1580 910 litteris
1599 887 1709 924 apos-

174 924 293 963 tolicis
318 939 430 976 super
457 926 528 963 hoc
555 927 732 964 consectis
759 928 906 978 plenius
929 928 1151 964 continetur.
1179 929 1272 966 Cum
1301 929 1454 980 insuper
1482 931 1709 968 venerabiles

172 982 242 1020 viri
260 982 423 1021 decanus
441 988 477 1021 et
496 985 700 1035 capitulum
724 986 907 1036 praefatae
937 986 1135 1036 brugensis
1156 987 1329 1024 ecclesiae
1351 987 1492 1025 dictum
1512 989 1707 1026 dominum

172 1041 354 1079 Leonium
388 1041 604 1091 hujusmodi
636 1043 841 1080 litterarum
874 1044 1010 1081 virtute
1044 1044 1079 1080 in
1105 1058 1213 1082 suum
1239 1050 1275 1082 et
1305 1046 1480 1083 ccclesiae
1510 1047 1709 1098 Brugensis

172 1100 424 1150 praepositum
444 1101 613 1138 unanimi
637 1114 819 1139 consensu
848 1108 1085 1152 receperunt,
1113 1103 1291 1140 tradendo
1310 1103 1380 1140 sibi
1401 1105 1629 1154 corporalem
1652 1107 1707 1143 vel

171 1157 278 1208 quasi
302 1158 571 1208 possessionem
597 1159 712 1210 ipsius
732 1160 1025 1210 praepositurae,
1047 1161 1189 1210 jurium
1217 1175 1258 1198 ac
1282 1162 1590 1212 pertinentiarum
1609 1163 1708 1213 ejus,

173 1221 287 1267 prout
313 1216 426 1254 moris
451 1223 524 1264 est,
549 1217 728 1255 adhibitis
755 1218 865 1255 etiam
888 1219 1227 1270 sollempnitatibus
1251 1221 1453 1264 consuetis,
1476 1221 1562 1271 quia
1586 1226 1706 1258 tamen

174 1274 328 1312 illustris
355 1275 529 1313 dominus
552 1277 615 1323 G.,
649 1277 885 1315 Flandrensis
911 1291 1051 1319 comes,
1082 1279 1128 1315 ad
1159 1279 1415 1316 cancellariam
1445 1280 1707 1318 Flandrensein

171 1345 354 1370 annexam
374 1334 422 1371 ab
440 1335 604 1385 antiquis
623 1337 852 1387 temporibus
867 1337 987 1374 dictae
1002 1338 1292 1389 praepositurae,
1313 1352 1425 1389 quam
1452 1340 1707 1376 cancellariam

170 1403 235 1428 seu
253 1391 332 1440 ejus
350 1393 590 1430 cancellariae
609 1394 707 1431 bona
726 1400 851 1431 contra
866 1395 1049 1444 justitiam
1065 1402 1100 1433 et
1117 1396 1424 1434 consuetudinem
1445 1411 1486 1434 ac
1500 1397 1706 1435 libertatem

171 1454 206 1487 et
229 1449 423 1502 privilegia
443 1452 627 1501 praefatae
652 1453 854 1504 Brugensis
879 1454 1053 1491 ecclcsiae
1076 1455 1216 1491 nullius
1241 1455 1399 1492 efficacis
1422 1456 1575 1493 rationis
1602 1470 1709 1507 prae-

171 1508 266 1546 sidio
281 1509 396 1546 fultus
413 1510 459 1546 de
475 1511 570 1548 facto
589 1511 701 1562 lapsis
715 1511 792 1561 jam
812 1513 984 1563 pluribus
1006 1513 1196 1551 mensibus
1220 1519 1256 1550 et
1278 1514 1410 1551 diebus
1429 1516 1643 1566 occupavit,
1669 1516 1705 1552 in

171 1580 258 1605 suae
281 1568 409 1606 salutis
433 1569 672 1620 dispendium
697 1575 733 1607 et
756 1571 934 1621 praedicti
957 1572 1156 1623 praepositi
1184 1573 1389 1622 dampnum
1419 1586 1492 1610 non
1516 1573 1704 1610 modicum

170 1630 206 1662 et
227 1639 448 1676 gravamen,
471 1628 643 1665 eumdem
666 1630 918 1680 praepositum
947 1630 1160 1667 offerentem
1186 1631 1253 1680 ipsi
1281 1631 1426 1676 comiti.v
1446 1631 1542 1668 sicut
1562 1632 1705 1681 justum

170 1688 241 1730 est⁷
263 1683 477 1735 homagium
497 1690 532 1722 et
549 1686 719 1737 obsequii
739 1687 854 1724 debiti
876 1688 1226 1738 promptitudinem,
1245 1694 1329 1739 post
1347 1689 1494 1738 longam
1515 1695 1707 1740 exspecta-

169 1741 308 1779 tionem
337 1747 373 1779 ct
397 1743 702 1782 deliberationem
725 1746 920 1783 admittere
946 1746 1169 1783 contradixit
1190 1752 1225 1783 et
1246 1747 1370 1783 adhuc
1393 1747 1516 1784 minus
1543 1748 1706 1785 rationa-

170 1799 295 1837 biliter
311 1802 542 1848 contradicit,
560 1804 727 1840 eamdem
746 1805 1001 1842 cancellariam
1023 1810 1058 1842 et
1075 1805 1155 1854 ejus
1175 1805 1287 1851 bona,
1308 1818 1382 1842 non
1397 1805 1482 1854 jure
1499 1806 1562 1843 sed
1583 1807 1705 1856 potius

171 1858 307 1908 injuria
329 1865 365 1896 et
385 1860 578 1908 violentia,
602 1861 821 1910 detinendo,
841 1876 886 1900 ne
908 1863 1031 1901 dictus
1059 1863 1235 1901 dominus
1265 1877 1387 1901 comes
1410 1865 1446 1900 in
1472 1863 1539 1900 hac
1557 1869 1706 1900 contra—

170 1917 333 1955 dictione
354 1918 496 1957 diutius
523 1920 812 1971 dampnabiliter
840 1927 1062 1972 perseveret,
1096 1923 1255 1960 instante
1281 1922 1469 1972 praedicto
1496 1923 1705 1972 praeposito

173 1981 300 2013 contra
322 1977 464 2015 dictum
482 1979 655 2016 comitem
677 1984 713 2016 et
729 1980 808 2030 ejus
836 1981 873 2017 in
898 1981 965 2018 hac
985 1988 1087 2032 parte
1114 1983 1275 2018 fautores
1298 1982 1398 2017 hunc
1417 1982 1535 2018 facere
1557 1993 1705 2030 proces-

173 2047 254 2071 sum
273 2035 460 2085 eogimur,
483 2037 548 2087 qui
571 2051 684 2088 super
707 2039 924 2076 executione
942 2040 1095 2090 praefati
1115 2040 1251 2076 summi
1273 2039 1458 2089 pontificis
1479 2038 1640 2075 mandati
1659 2038 1705 2074 (le

173 2093 396 2143 negligentia
414 2096 555 2132 causari
580 2096 770 2143 nolumus,
793 2110 860 2134 nee
877 2098 923 2134 de
945 2097 1194 2134 inobedientia
1214 2097 1444 2148 reprehendi.
1462 2096 1574 2134 Vobis
1593 2096 1706 2147 igitur

171 2156 282 2202 atque
312 2157 475 2189 vestrum
506 2153 661 2191 cuilibet
695 2155 765 2192 sub
800 2155 1195 2193 excommunicationis
1223 2169 1340 2206 poena
1370 2155 1535 2192 districte
1562 2155 1705 2206 praeci—

172 2212 309 2262 piendo
328 2212 548 2251 mandamus
573 2220 757 2265 quatenus
778 2217 958 2253 moneatis
980 2216 1120 2253 dictum
1141 2217 1312 2252 comitem
1333 2215 1624 2266 praesentialiter
1641 2220 1705 2252 aut

172 2271 211 2308 in
225 2272 387 2310 ecclesiis
407 2273 535 2311 vestris
551 2274 639 2311 hora
659 2275 792 2313 missae
811 2282 893 2326 post
911 2276 1152 2326 ewangelium
1173 2276 1331 2312 dictum.
1351 2280 1463 2326 prout
1478 2280 1515 2312 et
1531 2275 1704 2325 quotiens

172 2330 266 2367 lator
292 2331 540 2380 praesentium
570 2333 798 2383 requisierit.
831 2335 1010 2371 moneatis
1036 2334 1188 2385 quidem
1221 2340 1259 2370 ut
1287 2334 1380 2370 inl'ra
1414 2340 1485 2371 tres
1513 2334 1592 2371 dies
1622 2339 1705 2384 post

173 2394 329 2427 vestram
349 2390 613 2437 monitionem,
632 2405 726 2442 quos
742 2393 820 2430 dics
840 2407 907 2443 pro
926 2393 1074 2430 (luobus
1094 2393 1261 2430 terminis
1275 2399 1309 2429 et
1326 2407 1392 2443 pro
1409 2393 1515 2429 lertio
1530 2406 1703 2443 peremp—
