2184 3074
470 333 520 370 80
720 376 728 381 *
1019 329 1180 367 CODEX
1207 330 1452 369 DUNENSIS.

1199 503 1290 541 LIX.

472 625 523 661 Le
545 635 640 673 pape
667 621 826 659 Cle'ment
853 621 892 658 V
906 625 1048 669 permet
1078 633 1127 657 au
1156 626 1267 657 comte
1296 621 1340 657 de
1367 621 1534 658 Flandre
1561 621 1606 658 de
1634 621 1731 660 lever
1754 623 1816 660 des
1843 622 2008 661 subsides

521 694 589 719 sur
615 681 663 717 les
692 679 790 716 biens
817 679 867 715 du
896 678 1014 728 clerqe'
1033 690 1134 727 pour
1154 690 1276 728 payer
1307 692 1344 716 ee
1375 681 1441 730 qui
1466 685 1518 716 est
1544 679 1595 716 dvi
1625 693 1676 718 au
1705 682 1766 719 roi
1792 680 1836 718 de
1865 681 2009 720 France

520 739 692 788 Philippo
721 738 751 774 Ie
776 737 853 774 Bel.

519 924 687 960 Clemens
702 923 915 974 episcopus,
929 936 1056 960 servus
1073 936 1266 960 servorum
1286 923 1372 969 Dei,
1387 922 1532 960 dilectis
1551 923 1638 961 filiis
1655 924 1866 974 praeposito
1884 925 2007 963 Sancti

470 982 565 1020 Petri
588 981 792 1019 Duacensis
816 986 851 1018 et
875 981 1104 1018 thesaurario
1124 981 1395 1027 Lenthonensi,
1417 981 1690 1019 Cameracensis
1705 986 1741 1019 et
1758 982 2010 1021 Atrebatensis

469 1041 637 1091 dyocesis
664 1040 919 1086 ecclesiarum,
943 1053 986 1076 ac
1007 1039 1178 1076 Michaeli
1197 1041 1246 1077 As
1266 1040 1451 1085 CloketeS,
1471 1040 1664 1090 capellano
1683 1045 1810 1078 nostro
1827 1041 2008 1079 canonino

469 1099 687 1144 camerario,
705 1099 858 1135 salutem
879 1103 915 1135 et
931 1099 1172 1148 apostolicam
1191 1098 1501 1141 benedictionem,

516 1157 611 1204 Quia
626 1157 691 1193 ubi
708 1155 918 1193 communis
932 1160 1099 1193 versatur
1113 1156 1272 1202 utilitas,
1291 1156 1343 1193 ibi
1363 1156 1627 1193 communibus
1646 1160 1700 1193 est
1717 1156 1850 1194 studiis
1868 1162 1904 1194 et
1914 1158 2008 1196 sub-

467 1215 572 1252 sidiis
590 1214 885 1265 providendum,
903 1219 939 1251 et
956 1214 1219 1265 participantes
1237 1214 1276 1251 in
1299 1214 1506 1251 commodis
1528 1214 1640 1265 digne
1665 1215 1944 1253 communicant
1965 1216 2004 1253 in

467 1273 664 1319 oneribus,
691 1286 757 1310 nos
783 1273 848 1323 qui
877 1273 1012 1310 libram
1039 1273 1235 1324 aequitatis
1261 1273 1508 1324 appendimus
1541 1273 1579 1310 in
1609 1274 1777 1324 agendis,
1809 1274 2004 1325 petitiones

467 1345 564 1382 quae
581 1331 689 1368 nobis
708 1344 776 1381 pro
795 1331 932 1368 talibus
949 1331 1316 1381 compensationibus
1335 1331 1589 1382 porriguntur,
1608 1331 1767 1369 libenter
1783 1333 1830 1369 ad
1847 1333 2004 1384 gratiam

468 1389 716 1426 exauditionis
742 1389 985 1426 admittimus.
1009 1389 1228 1426 Praesertim
1250 1403 1334 1426 cum
1356 1389 1552 1427 necessitas
1574 1390 1689 1440 exigit
1706 1395 1742 1427 et
1758 1403 1868 1428 causa
1890 1391 2005 1429 ratio-

468 1448 602 1485 nabilis
621 1447 659 1484 id
677 1447 862 1497 exposcit.¹
882 1461 969 1484 sane
986 1461 1055 1498 pro
1073 1452 1176 1498 parte
1194 1448 1318 1485 dilecti
1338 1448 1404 1485 filii
1426 1448 1561 1485 nobilis
1579 1448 1650 1485 viri
1667 1449 1837 1495 Roberti,
1858 1450 2004 1488 comitis

467 1507 495 1544 F
498 1506 682 1552 landriae,
703 1519 822 1556 nuper
839 1510 893 1543 est
910 1506 1019 1543 nobis
1037 1519 1122 1543 cum
1141 1506 1316 1544 instantia
1334 1507 1585 1557 supplicatum
1610 1511 1653 1543 ut
1676 1508 1827 1544 cum‘ex
1846 1512 2003 1546 tractatu

466 1570 501 1602 et
514 1564 748 1602 ordinatione
763 1563 863 1614 pacis
879 1564 975 1600 inter
990 1564 1224 1601 karissimum
1241 1564 1279 1601 in
1294 1564 1440 1602 Christo
1455 1564 1575 1607 filium
1593 1569 1761 1602 nostrum
1773 1565 2002 1616 Philippum,

466 1637 586 1674 regem
607 1623 835 1659 Francorum
855 1622 1056 1669 illustrem,
1075 1637 1120 1659 ex
1139 1636 1213 1660 una
1232 1627 1350 1673 parte,
1369 1627 1406 1660 et
1433 1623 1556 1674 ipsum
1584 1624 1776 1672 comitem,
1803 1637 1847 1661 ex
1873 1625 2001 1671 altera,

465 1683 575 1719 dante
600 1681 778 1727 Domino,
807 1681 1041 1728 reformatae,
1069 1681 1167 1718 idem
1193 1695 1315 1718 comes
1339 1686 1375 1718 et
1399 1682 1456 1719 sui
1481 1682 1661 1733 quasdam
1685 1683 1866 1720 maximas
1885 1696 2000 1734 pecu-

466 1741 610 1777 niarum
639 1752 802 1776 summas
827 1739 934 1776 certis
965 1740 1153 1776 exsolvere
1177 1740 1344 1777 terminis
1368 1740 1426 1776 vel
1450 1744 1586 1777 certam
1612 1744 1730 1777 terrae
1756 1741 1998 1791 quantitatem

462 1804 564 1837 extra
588 1798 782 1835 Flandriae
801 1798 1017 1834 comitatum
1039 1799 1231 1849 acquirere
1255 1812 1297 1835 ac
1325 1799 1512 1849 assignare
1537 1799 1614 1849 regi
1642 1803 1838 1837 teneantur
1862 1800 2000 1847 eidem,

462 1871 557 1908 quae
572 1861 688 1893 terrae
707 1856 893 1906 quantitas
912 1856 975 1892 vix
994 1861 1117 1906 posset
1138 1857 1279 1908 absque
1298 1870 1409 1893 onere
1426 1857 1711 1894 innumerabilis
1728 1859 1803 1895 fere
1821 1859 2000 1908 pecuniae

463 1915 679 1967 quantitatis
702 1915 864 1964 acquiri,
888 1920 923 1951 et
945 1915 991 1951 ad
1017 1915 1237 1952 solvendum
1262 1916 1506 1966 pecuniarum
1533 1916 1750 1965 hujusmodi
1777 1917 2000 1967 quantitates

464 1976 653 2025 laycorum
672 1973 930 2010 universitates
949 1974 1144 2011 comitatus
1163 1975 1330 2024 ejusdem
1351 1975 1616 2012 insufficientes
1633 1975 1739 2026 quasi
1760 1980 1795 2012 et
1814 1975 2001 2026 impoten-

464 2039 515 2070 tes
534 2032 739 2069 reddantur
755 2031 929 2079 omnino,
949 2032 1019 2069 nisi
1039 2033 1091 2070 eis
1113 2033 1159 2069 ad
1183 2033 1221 2070 id
1241 2033 1357 2084 ipsius
1377 2034 1572 2070 comitatus
1595 2033 1682 2070 cleri
1703 2033 1901 2070 subventio
1921 2034 2000 2071 suf·
2048 2078 2052 2085 ,

463 2093 641 2140 sragetur,
671 2089 867 2139 providere
902 2103 1013 2140 super
1045 2096 1197 2141 paterna
1227 2091 1461 2141 providentia
1491 2091 1741 2142 dignaremur.
1776 2090 1850 2128 Nos
1888 2092 2002 2142 igitur

463 2147 659 2200 praedictis
677 2147 803 2183 comiti
826 2151 861 2184 et
883 2148 959 2185 suis
981 2161 1023 2185 ac
1045 2149 1349 2187 universitatibus
1376 2149 1588 2200 praelibatis
1615 2154 1769 2200 paterno
1792 2163 1904 2200 super
1927 2149 1998 2187 hoc

462 2206 725 2256 compatientes
749 2205 880 2242 affectu
907 2212 943 2243 et
962 2207 1190 2245 attendentes
1215 2209 1318 2258 quod
1344 2209 1382 2244 in
1405 2208 1616 2259 praemissis
1644 2209 1730 2245 cleri
1758 2208 1925 2258 ejusdem
1957 2210 1994 2246 in

462 2270 563 2317 parte
589 2263 762 2299 interesse
786 2269 953 2301 versatur
978 2270 1020 2301 ut
1046 2265 1135 2302 dum
1163 2265 1201 2302 in
1229 2266 1506 2316 praedictorum
1533 2266 1679 2303 comitis
1706 2270 1742 2302 et
1768 2279 1922 2303 suorum
1949 2280 1990 2304 ac

460 2321 741 2361 universitatum
761 2322 1007 2371 praefatarum
1027 2324 1304 2361 communicant
1321 2324 1524 2375 prosperis,
1539 2324 1770 2361 humanitate
1787 2328 1889 2374 grata
1903 2337 1990 2374 par-

459 2382 612 2431 ticipent
630 2379 668 2415 in
686 2379 863 2426 adversis,
884 2381 929 2417 de
950 2382 1283 2433 circumspectione
1304 2397 1455 2434 quoque
1478 2388 1597 2421 vestra
1621 2387 1787 2434 gerentes
1813 2382 1989 2420 fiduciam

461 2444 498 2479 in
519 2438 681 2477 Domino
700 2438 922 2488 pleniorem,
943 2442 1170 2479 concedendi
1189 2443 1375 2480 licentiam
1393 2443 1547 2480 liberam
1566 2443 1685 2480 eidem
1700 2443 1798 2479 clero
1813 2445 1887 2478 tam
1902 2443 1990 2479 reli-
