2184 3074
738 322 901 361 conEx
926 322 1173 362 DUNENSlS.
1651 323 1716 360 481

192 441 333 480 sionem
360 440 590 478 celsitudinis
624 440 743 491 regiae
774 443 938 490 vergeret
967 444 1032 476 aut
1056 440 1207 477 alterius
1233 440 1506 491 cujuscunque,
1533 453 1598 477 seu
1621 438 1722 489 quod

193 499 313 537 eidem
329 498 568 550 singulariter
583 502 686 536 extra
704 511 833 536 omnes
853 497 944 536 alios
962 497 1008 535 ad
1028 510 1185 548 poenam
1205 499 1259 535 vel
1280 498 1427 549 culpam
1442 510 1597 549 quoquo
1611 495 1723 534 modo

193 562 338 608 poterat
354 557 541 609 imputari.
564 557 682 608 Igitur
699 556 816 608 ipsius
841 556 984 593 domini
1009 556 1154 594 abbatis
1178 556 1427 595 innocentiam
1446 560 1724 608 cognoscentes,

194 629 241 654 ne
257 617 337 668 ipse
354 616 532 654 innocens
556 620 732 671 nocenter
749 629 768 652 a
788 614 1009 653 nocentibus
1028 615 1218 661 laceretur,
1238 620 1302 653 aut
1323 616 1472 662 veritas,
1487 614 1589 666 quod
1612 614 1722 658 absit,

179 675 352 713 ‘salsitate
371 678 540 725 suggesta
563 674 717 711 confusa
735 673 968 719 succumbat,
987 673 1118 711 seriem
1139 673 1252 722 hujus
1271 674 1354 711 sacti
1378 673 1579 724 praesentis
1596 672 1723 722 scripti

193 733 444 773 insinuatione
468 732 645 770 duximus
669 731 933 769 declarandum
958 736 999 768 ut
1021 731 1237 781 hujusmodi
1266 736 1521 782 suggestorum
1541 729 1724 781 repellatis

194 790 355 829 fallacias
372 795 409 828 et
424 803 531 828 aures
549 790 721 828 avertatis
739 789 946 828 consultius
964 789 1011 827 ab
1031 790 1179 826 eisdem.

906 915 1021 925 “—

833 1062 1086 1102 cccxxxln.

326 1182 446 1219 Lctlre
462 1181 506 1218 de
519 1179 683 1225 Nicolas,
702 1179 788 1218 abbe
801 1179 844 1217 de
848 1207 965 1218 .....
984 1180 1007 1216 ἁ
1025 1178 1138 1217 ἱάὁόέ
1151 1179 1195 1217 de
1215 1179 1421 1218 Glairvauae
1433 1192 1482 1216 au
1505 1181 1600 1231 sajet

722 1237 774 1275 du
782 1242 980 1288 payement
995 1237 1039 1274 de
1057 1237 1092 1274 Ια
1111 1237 1218 1274 dime.

245 1431 555 1471 Reverentissimo
570 1431 665 1482 patri
685 1444 728 1468 ac
744 1431 898 1468 domino
915 1431 987 1469 sibi
1009 1431 1310 1482 praecordialiter
1331 1432 1521 1482 diligendo
1538 1431 1728 1469 domino...

195 1490 396 1528 venerabili
427 1490 552 1528 abbati
577 1489 863 1527 Claraevalensis
888 1489 1011 1527 devoti
1033 1490 1091 1527 sui
1123 1490 1236 1527 frater
1253 1489 1453 1527 Nicholaus
1477 1490 1598 1526 dictus
1615 1488 1730 1526 abbas

196 1553 276 1596 etc„
293 1549 449 1587 salutem
467 1553 503 1586 et
521 1553 594 1586 tam
613 1552 777 1598 paratam
798 1561 912 1598 quam
931 1547 1095 1585 debitam
1119 1548 1157 1584 in
1182 1548 1357 1585 omnibus
1378 1547 1619 1585 reverentiam
1645 1559 1730 1583 cum

198 1607 350 1645 honore.
843 1645 846 1652 ,

246 1665 436 1714 lntellecto
461 1664 564 1715 quod
594 1664 711 1715 aliqui
743 1669 941 1702 causentur
978 1669 1014 1700 ct
1052 1676 1119 1700 nos
1152 1664 1323 1701 infestare
1355 1668 1537 1700 conentur
1569 1663 1732 1700 indebite

197 1736 309 1774 super
329 1722 569 1760 insufficienti
600 1721 786 1759 solutione
811 1722 943 1772 regalis
962 1721 1126 1758 decimae
1148 1734 1213 1758 seu
1236 1734 1311 1759 non
1334 1721 1458 1772 plena,
1476 1720 1730 1758 reverentissi—

195 1794 294 1819 mam
312 1781 572 1819 Paternitatem
601 1779 768 1818 Vestram
799 1779 974 1830 cupimus
1009 1792 1083 1816 non
1115 1779 1226 1816 latere
1251 1779 1354 1830 quod
1381 1778 1526 1816 dudum
1551 1779 1729 1829 priusque

195 1839 318 1880 ordini
349 1839 531 1879 decimam
564 1839 790 1876 solveremus
827 1838 1054 1889 praedictam
1092 1843 1238 1875 nostrae
1278 1837 1522 1875 Tornacensis
1560 1836 1728 1887 dyocesis

195 1897 455 1935 collectoribus
469 1897 653 1934 bonorum
673 1901 886 1934 nostrorum
904 1909 1001 1947 quae
1019 1909 1094 1933 non
1111 1896 1226 1932 multa
1240 1895 1279 1932 in
1294 1909 1407 1946 regno
1427 1895 1603 1932 Franciae
1616 1896 1730 1945 possi-

196 1955 345 2003 demus,
363 1955 506 1992 viribus
523 1954 739 2001 aestimatis,
751 1954 893 1992 solvere
911 1954 1170 1991 consuevimus
1188 1967 1256 2004 pro
1274 1954 1381 1991 annis
1398 1954 1554 2003 singulis
1571 1954 1600 1991 L
1615 1954 1728 1990 libras

199 2026 400 2064 parvorum
419 2012 693 2050 Turonensium
704 2040 714 2059 ,
732 2012 778 2049 de
795 2012 934 2062 quibus
954 2012 1116 2049 contenti
1135 2012 1285 2048 fuerunt
1298 2017 1334 2048 et
1351 2025 1389 2048 se
1404 2012 1576 2048 tenebant
1589 2011 1727 2061 optime

200 2085 269 2122 pro
292 2071 443 2123 pagatis.
468 2071 625 2121 Insuper
649 2083 760 2120 super
788 2070 959 2121 portione
983 2070 1302 2107 contributionum
1329 2070 1472 2107 ordinis
1502 2083 1595 2120 quas
1615 2083 1727 2106 vene-

198 2130 336 2168 randus
354 2134 457 2181 pater
473 2134 509 2166 et
525 2129 582 2166 sui
602 2129 726 2175 nobis,
741 2128 870 2165 habito
890 2134 1058 2179 respectu
1077 2129 1123 2164 de
1142 2133 1288 2164 moneta
1311 2128 1516 2165 Turonensi
1542 2128 1588 2164 ad
1610 2128 1726 2178 ipsam

202 2187 458 2234 Parisiensem,
474 2187 665 2237 imponere
677 2191 966 2232 consueverunt,
982 2186 1258 2236 conquerimur,
1269 2198 1354 2222 cum
1374 2191 1450 2223 rata
1469 2187 1672 2231 bonorum,
1698 2186 1727 2222 si

199 2246 303 2283 tieret
318 2246 418 2295 justa
432 2245 648 2292 aestimatio,
663 2250 806 2282 tantum
822 2245 1032 2282 nullatenus
1051 2245 1277 2295 importaret.
1287 2244 1420 2292 Quare,
1436 2242 1646 2288 reverende,
1660 2247 1727 2279 etc.

925 2422 1014 2432 ⁴-—

1537 2488 1579 2524 61
