2184 3074
0 270 8 732 mam—saw*
2 253 7 258 ,
0 214 7 234 ν.
0 192 6 202 -«
0 143 12 181 lae'
0 80 2 82 <
0 39 1 44 Α

0 938 8 1089 „ww—..0

31 1001 38 1011 ο

751 304 909 342 CODEX
938 306 1035 344 DUN
1039 306 1097 344 EN
1102 306 1180 346 SlS.
1649 309 1715 347 52¹

201 416 392 454 tiationem
409 429 474 455 seu
493 417 728 455 concordiam
749 419 909 469 partium
933 422 1117 471 praefatus
1141 435 1204 459 rex
1226 422 1378 473 Angliae
1395 422 1589 461 habiturus
1606 427 1660 460 est
1675 421 1721 458 de

202 475 413 525 praedictis,
441 487 488 512 ne
518 475 652 512 amodo
689 476 786 514 idem
818 490 881 514 rex
916 478 1068 529 Angliae
1097 480 1152 516 vel
1181 493 1407 518 successores
1439 486 1566 518 contra
1598 493 1719 531 regem

202 532 378 572 Franciae
395 533 453 571 vel
471 546 700 571 successores
718 534 833 585 ipsius
853 536 995 574 valeant
1008 537 1196 583 rebellari,
1215 538 1373 576 dicimus
1389 538 1514 584 etiam,
1529 538 1722 576 laudamus

201 591 480 630 et-arbitramur
497 604 560 629 seu
587 592 792 631 diffinimus
815 594 916 644 quod
943 609 1090 633 exnunc
1111 609 1239 634 omnes
1260 601 1390 642 terrae,
1407 597 1550 635 vassalli
1569 602 1605 634 et
1625 597 1720 635 bona

202 649 389 700 praedicta
405 655 440 688 et
465 650 536 689 alia
555 655 629 688 tam
649 665 746 702 quae
772 657 868 690 tenet
892 667 955 691 rex
984 655 1157 692 Franciae
1183 655 1229 692 de
1261 656 1332 693 hiis
1362 669 1456 706 quae
1483 655 1628 693 tenebat
1658 668 1721 693 rex

202 708 356 759 Angliae
372 710 457 747 ante
473 722 644 760 guerram
663 716 907 760 praesentem,
929 726 1041 763 quam
1068 727 1162 764 quae
1183 719 1280 751 tenet
1298 728 1360 751 rex
1381 714 1533 764 Angliae
1553 714 1591 751 in
1610 727 1722 764 regno

202 766 391 813 Franciae,
404 766 502 804 bona
517 767 591 804 fide
608 772 644 805 et
661 768 740 806 sine
757 770 858 806 omni
876 770 1014 816 fraude,
1034 771 1200 809 absolute
1213 777 1248 809 et
1266 772 1380 809 libere
1399 772 1437 809 in
1455 771 1627 809 manibus
1643 785 1724 809 nos-

204 824 271 865 tris
287 837 330 862 ac
346 837 453 875 posse
470 830 658 876 ponantur
675 831 711 863 et
727 827 960 877 assignentur
977 829 1132 866 tenenda
1154 843 1174 867 a
1197 830 1303 868 nobis
1324 830 1474 867 nomine
1494 830 1588 881 regis
1606 830 1724 867 Fran-

197 882 283 921 «ciue
304 895 400 933 quae
421 896 467 920 ex
490 887 594 934 parte
619 896 700 930 sua,
727 889 762 921 et
787 886 937 922 nomine
964 887 1059 936 regis
1082 887 1234 938 Angliae
1258 901 1353 938 quae
1378 901 1422 924 ex
1445 893 1546 938 parte
1566 887 1724 925 nominis

205 941 371 992 ejusdem
387 942 526 980 suerint
542 942 743 994 assignata,
762 943 810 981 ita
830 948 950 981 tamen
970 945 1071 996 quod
1090 959 1155 996 per
1173 946 1242 983 hoc
1262 947 1297 983 in
1318 947 1546 997 possessione
1562 947 1617 983 vel
1637 959 1725 997 pro—

204 1000 359 1051 prietate
377 1001 471 1039 nihil
493 1001 578 1038 novi
593 1002 690 1051 juris
705 1008 888 1040 accrescat
908 1004 1080 1041 alteruter
1097 1005 1256 1055 partium
1280 1006 1335 1041 vel
1361 1005 1502 1056 antiqui
1526 1005 1725 1050 decrescat,

204 1071 316 1109 super
333 1071 492 1110 quorum
513 1061 780 1110 assignatione,
802 1061 831 1099 si
852 1075 926 1112 qua
946 1062 1056 1099 fuerit
1074 1067 1197 1099 exorta
1220 1063 1403 1100 dubitatio
1427 1063 1481 1099 vel
1505 1062 1725 1113 ambiguitas

204 1117 301 1154 inter
326 1122 464 1168 partes,
489 1117 590 1155 illam
617 1124 762 1156 nostrae
792 1119 1029 1157 declarationi
1055 1125 1090 1157 et
1113 1121 1266 1158 arbitrio
1297 1133 1534 1158 reservamus.
1561 1119 1669 1168 Quod
1695 1119 1724 1156 si

207 1175 332 1213 forsan
363 1175 452 1213 dicti
483 1189 585 1227 reges
617 1177 663 1214 de
694 1177 783 1228 ipsis
819 1178 924 1215 terris
958 1183 993 1214 et
1028 1178 1134 1215 bonis
1168 1178 1469 1215 concordaverint
1502 1177 1725 1221 adinvicem,

207 1233 400 1280 volumus,
421 1233 615 1272 laudamus
640 1238 676 1272 et
689 1235 914 1272 arbitramur
931 1248 1077 1272 exnunc
1100 1236 1136 1272 id
1156 1235 1194 1272 in
1212 1248 1287 1286 quo
1304 1235 1620 1280 concordaverint,
1643 1247 1727 1285 per-

207 1298 319 1344 petuo
332 1306 374 1330 ac
388 1293 654 1331 inviolabiliter
667 1294 871 1341 observari,
886 1295 1050 1346 alioquin
1068 1308 1134 1332 nos
1147 1308 1192 1347 ex
1206 1294 1381 1345 praedicti
1396 1293 1579 1331 commissi
1595 1293 1729 1330 virtute

208 1364 439 1402 apponemus
465 1352 512 1389 ad
540 1352 578 1390 id
606 1353 700 1390 illud
725 1354 929 1391 remedium
957 1354 1057 1404 quod
1089 1353 1312 1390 ministrabit
1335 1357 1370 1389 et
1393 1366 1438 1389 ex
1465 1351 1594 1388 tradita
1623 1350 1729 1387 nobis

206 1412 386 1459 potestate
414 1409 552 1447 licebit.
576 1410 615 1448 Si
641 1424 730 1448 vero
751 1412 878 1463 aliquo
903 1425 987 1449 casu
1015 1411 1249 1462 contingente
1271 1410 1341 1447 hoc
1364 1411 1480 1447 facere
1503 1422 1576 1446 non
1603 1421 1728 1458 posse-

208 1479 308 1514 mus,
332 1468 524 1516 volumus,
549 1468 709 1507 dicimus
731 1474 767 1506 et
792 1470 1017 1507 arbitramur
1036 1470 1136 1520 quod
1166 1470 1314 1519 utrique
1343 1469 1435 1519 parti
1462 1467 1615 1518 pristina
1642 1466 1726 1515 jura

207 1525 316 1566 nobis
346 1526 446 1564 salva
481 1530 695 1564 remaneant
724 1531 760 1564 et
794 1527 927 1565 illaesa.
961 1527 1076 1564 Porro
1107 1540 1173 1577 per
1203 1525 1415 1575 hujusmodi
1444 1524 1725 1575 assignationem

208 1583 415 1622 faciendam
433 1585 479 1622 de
501 1585 625 1631 terris,
643 1585 808 1623 vassallis
830 1585 989 1623 ethonis
1011 1585 1206 1635 praedictis
1227 1585 1370 1621 nullum
1393 1584 1482 1634 ipsis
1500 1583 1647 1633 regibus
1669 1582 1725 1618 vel

207 1658 335 1684 eorum
358 1646 462 1684 alteri
481 1646 898 1698 quoad‘possessionem
918 1648 974 1684 vel
997 1647 1254 1698 proprietatem
1279 1660 1342 1683 seu
1364 1645 1649 1683 detentationem
1670 1644 1725 1680 vel

207 1704 314 1742 aliter
331 1704 603 1756 praejudicium
621 1711 826 1757 generetur.
846 1706 980 1743 Omnia
1002 1711 1123 1742 autem
1142 1710 1178 1742 et
1190 1705 1333 1755 singula
1351 1703 1560 1755 supradicta
1578 1716 1644 1753 per
1661 1714 1727 1739 nos

199 1762 401 1809 arbitrata,
423 1763 587 1810 laudata,
605 1763 764 1814 diffinita
791 1768 825 1801 et
846 1764 1068 1801 arbitraliter
1086 1763 1301 1800 sententiata
1324 1766 1360 1799 et
1381 1761 1615 1812 pronuntiata
1633 1759 1727 1796 dici-

210 1833 310 1866 mus),
326 1821 553 1859 arbitramur
569 1825 605 1859 et
622 1822 870 1873 praecipimus
889 1822 959 1859 sub
981 1822 1109 1872 poenis
1129 1822 1165 1858 in
1189 1820 1464 1871 compromissis
1490 1818 1670 1856 contentis
1693 1822 1728 1854 et

199 1877 290 1922 ,aliis
303 1878 350 1915 de
362 1879 501 1930 quibus
516 1879 624 1917 nobis
638 1879 836 1926 videbitur,
852 1884 977 1918 nostro
992 1880 1145 1917 arbitrio
1164 1878 1406 1916 nihilominus
1420 1877 1528 1914 firmo
1546 1879 1727 1918 manente,

173 1984 179 1989 -
208 1949 229 1974 a
253 1936 422 1988 partibus
445 1937 710 1975 inviolabiliter
726 1939 925 1976 observari.
947 1939 992 1976 Et
1017 1938 1168 1989 insuper
1192 1949 1419 1974 reservamus
1437 1935 1544 1972 nobis
1568 1934 1727 1970 liberum

199 1995 404 2034 arbitrium
421 2000 458 2034 et
474 1997 678 2047 plenariam
696 2002 922 2049 potestatem,
938 2002 1048 2049 prout
1065 2010 1110 2034 ex
1128 1997 1243 2033 forma
1262 1994 1611 2045 compromissorum
1627 2004 1727 2042 prae—

207 2051 393 2091 dictorum
420 2054 528 2092 nobis
553 2056 748 2107 competit,
773 2069 884 2107 super
908 2055 1082 2093 omnibus
1108 2059 1143 2092 et
1167 2053 1321 2104 singulis
1342 2065 1436 2103 quae
1461 2051 1556 2088 inter
1579 2048 1726 2086 eosdem

206 2123 308 2161 reges
323 2124 369 2149 ex
383 2113 663 2164 compromissis
681 2114 878 2165 praedictis
895 2113 1120 2159 arbitranda,
1140 2111 1335 2156 laudanda,
1349 2107 1615 2160 componenda,
1633 2105 1727 2143 diffi-

207 2169 342 2208 nienda
359 2175 396 2208 et
408 2172 686 2222 pronuntianda
703 2177 852 2219 restant,
870 2177 906 2210 et
921 2172 1010 2209 haec
1028 2171 1214 2217 arbitrata,
1233 2169 1390 2214 laudata,
1409 2166 1567 2205 diffinita
1587 2171 1623 2203 et
1639 2177 1727 2216 pro—

207 2228 376 2266 nuntiata
397 2229 475 2267 sive
488 2229 667 2281 disposita
683 2244 758 2269 non
777 2235 873 2277 sunt,
892 2229 1108 2275 arbitrandi,
1127 2227 1315 2272 laudandi,
1333 2225 1554 2270 diffiniendi,
1571 2223 1729 2261 arbitra·

204 2285 289 2324 liter
306 2289 567 2337 sententiandi,
584 2290 847 2341 praecipiendi,
861 2288 1072 2335 ordinandi,
1084 2285 1305 2338 disponendi
1319 2290 1430 2335 atque
1448 2281 1727 2334 pronuntiandi,

205 2357 351 2384 necnon
382 2351 418 2385 et
443 2351 518 2385 tam
548 2348 588 2385 in
620 2348 795 2386 omnibus
825 2353 861 2385 et
888 2346 1043 2398 singulis
1075 2344 1272 2389 arbitratis,
1299 2341 1467 2386 laudatis,
1493 2339 1661 2378 diffinitis
1694 2344 1729 2405 et

204 2405 455 2454 pronuntiatis
476 2406 514 2444 in
541 2407 722 2458 praesenti
751 2406 905 2444 arbitrio
931 2410 1041 2456 atque
1063 2404 1182 2449 laude,
1209 2415 1320 2453 quam
1349 2401 1387 2438 in
1414 2400 1486 2437 hiis
1510 2411 1605 2450 quae
1626 2397 1728 2435 arbi-

1558 2456 1605 2494 66
