2184 3074
697 256 707 262 ’
737 266 899 305 connx
923 265 1166 306 DUNENsls.
1647 268 1720 305 sss

853 448 1076 489 ccxxxm.

296 578 534 617 Nomination
549 578 594 616 de
609 577 758 629 deputes
774 577 928 630 charqu
944 577 989 616 de
1005 578 1136 616 truiter
1152 590 1236 616 avec
1253 577 1285 616 le
1302 579 1362 616 roi
1379 577 1424 616 de
1443 578 1597 617 Franco.

937 686 985 695 -υ-

237 792 426 832 Universis
441 795 652 843 praesentes
664 791 803 829 litteras
824 791 1045 841 inspecturis
1061 791 1230 829 officialis
1243 791 1485 829 Tornacensis
1500 792 1655 829 salutem
1675 793 1713 829 in

188 850 362 889 nomino.

235 907 553 959 Supplieationem
569 919 616 944 ex
631 910 736 957 parte
751 905 1029 944 communitatis
1045 907 1211 957 gentium
1226 907 1358 945 Franci
1371 907 1493 945 Officii
1510 908 1557 945 de
1573 908 1717 959 Brugis‚

187 966 429 1005 Tornacensis
465 965 634 1016 dyooesis
647 993 657 1012 ‚
687 979 754 1016 per
782 965 921 1003 litteras
950 965 1172 1003 venerabilis
1205 965 1277 1003 viri
1307 967 1471 1017 magistri
1511 967 1641 1005 Jacobi
1671 967 1719 1004 de

189 1024 518 1064 Sancto-Auberto
547 1028 584 1061 et
612 1023 749 1061 nobilis
777 1023 846 1060 viri
875 1023 1019 1061 domini
1047 1023 1175 1061 militis
1203 1024 1394 1062 familiaris
1419 1025 1716 1063 excellentissimi

189 1083 370 1135 principis
387 1082 531 1120 domini
549 1081 665 1120 nostri
688 1081 874 1133 Philippi,
892 1082 960 1118 Dei
985 1081 1101 1132 gratia
1124 1082 1353 1119 Francorum
1375 1083 1486 1134 regis,
1512 1084 1720 1134 recepimus

189 1141 440 1179 continentem
457 1140 561 1191 quod
579 1153 665 1178 cum
683 1139 931 1178 communitas
948 1140 1135 1190 praedicta
1153 1141 1346 1191 proprium
1365 1141 1529 1191 sigillum
1546 1142 1592 1179 ad
1611 1155 1719 1192 prae-

189 1211 273 1238 sens
289 1211 366 1237 non
384 1199 531 1244 habeat,
549 1198 788 1249 indigeatque
804 1197 932 1235 eadem
950 1211 1019 1248 pro
1032 1198 1222 1235 communi
1240 1198 1399 1236 utilitate
1415 1199 1532 1250 ipsius
1548 1213 1719 1237 eommu-

189 1257 314 1296 nitatis
334 1261 371 1295 et
393 1270 433 1294 re
457 1257 608 1309 publiea
629 1261 747 1294 certos
774 1260 1030 1307 procuratores
1059 1256 1251 1294 instituere
1275 1270 1388 1308 super
1410 1258 1518 1295 certis
1539 1260 1659 1297 causis
1683 1263 1719 1296 et

189 1316 347 1367 negotiis
362 1315 480 1366 ipsam
495 1314 800 1352 communitatem
819 1314 1067 1365 tangentibus,
1081 1319 1124 1351 ut
1142 1327 1209 1352 nos
1226 1315 1389 1366 aliquem
1410 1329 1454 1354 ex
1473 1322 1576 1367 parte
1594 1323 1718 1356 nostra

189 1373 236 1412 ad
255 1373 510 1424 recipiendum
529 1372 785 1423 procuratoria
809 1372 994 1410 destinare
1014 1372 1277 1422 dignaremur:
1310 1385 1378 1411 nos
1400 1374 1607 1424 praedictae
1627 1389 1720 1426 sup-

188 1432 381 1484 plicationi
398 1445 561 1470 annuere
578 1431 762 1478 volentes,
777 1431 983 1469 Robertum
1001 1431 1143 1468 dictum
1162 1460 1311 1479 ......
1336 1433 1510 1470 clericum
1530 1438 1698 1472 nostrum
1709 1463 1719 1480 ‚

189 1491 336 1529 fidelem
355 1492 480 1528 curiae
496 1491 740 1528 Tornacensis
759 1491 964 1537 notarium,
987 1490 1034 1527 ad
1052 1491 1178 1528 villam
1202 1491 1428 1542 Brugensem
1451 1492 1718 1531 destinavimus

189 1555 227 1588 et
249 1554 466 1602 potestatem
483 1549 614 1587 eidem
633 1549 779 1587 notario
803 1549 850 1586 ad
876 1549 1130 1615 recipiendum
1155 1550 1253 1587 dicta
1272 1551 1538 1601 procuratoria,
1564 1556 1601 1588 et
1620 1551 1717 1589 vices

190 1612 332 1646 nostras
354 1608 610 1645 commisimus
631 1621 699 1658 per
722 1608 860 1645 litteras
883 1608 1008 1645 curiae
1028 1608 1291 1654 Tornacensis
1312 1609 1434 1659 sigillo
1455 1609 1552 1646 sedis
1577 1609 1718 1646 Torna-

189 1667 308 1704 eensis
330 1666 525 1717 sigillatas,
543 1678 703 1716 quarum
722 1670 829 1703 tenor
845 1666 929 1703 talis
946 1670 1025 1703 est:

238 1725 417 1764 Officialis
440 1725 685 1762 Tornacensis
703 1724 839 1762 dilecto
862 1729 989 1762 nostro
1015 1725 1177 1763 Roberto
1205 1725 1285 1771 tali
1311 1726 1445 1763 elerico
1472 1727 1596 1764 curiae
1624 1727 1718 1765 Tor-

189 1784 377 1830 nacensh,
403 1782 565 1828 notario
584 1783 752 1820 salutem.
782 1783 874 1820 Cum
898 1783 1145 1820 communitas
1170 1783 1336 1833 gentium
1367 1783 1498 1821 Franci
1529 1785 1651 1822 Officii
1670 1785 1717 1822 de

189 1841 323 1893 Brugis
353 1843 540 1891 negotiare
570 1840 723 1886 habeat,
747 1844 790 1877 ut
813 1840 967 1887 dicitur,
994 1854 1118 1878 coram
1146 1842 1452 1879 excellentissimo
1482 1843 1650 1893 principe
1674 1852 1717 1881 ao

189 1901 343 1938 domino
365 1899 518 1937 domino
544 1898 731 1949 Philippo,
749 1899 816 1936 Dei
839 1899 955 1950 gratia
980 1913 1065 1949 rege
1082 1900 1310 1938 Francorum
1336 1900 1488 1946 illustri,
1502 1914 1613 1951 super
1628 1902 1716 1952 qui-

189 1958 345 1996 busdam
365 1958 473 1995 certis
498 1957 654 2008 negotiis
679 1969 748 2007 pro
767 1957 906 2007 quibus
931 1970 1076 1995 necesse
1101 1957 1149 1994 sit
1170 1957 1289 1994 dietae
1314 1958 1571 1995 communitati
1597 1964 1715 1998 certos

188 2021 445 2068 procuratores
458 2015 681 2053 constituere
694 2015 758 2066 qui
778 2015 939 2052 habeant
951 2016 1154 2066 plenariam
1168 2016 1215 2053 ab
1228 2016 1280 2053 eis
1293 2020 1329 2053 et
1344 2016 1391 2053 ab
1405 2030 1533 2054 eorum
1547 2018 1716 2068 quolibet

188 2078 404 2125 potestatem
419 2073 576 2110 faciendi
592 2078 628 2110 et
639 2073 889 2109 concordandi
904 2073 1075 2124 prodicta
1089 2073 1353 2110 communitate
1366 2078 1400 2110 et
1409 2075 1578 2123 quolibet
1585 2088 1714 2113 eorum

189 2132 402 2182 singulatim
419 2131 516 2168 dicta
535 2131 680 2182 negotia
702 2136 737 2168 et
749 2130 795 2167 ad
816 2131 1026 2168 faciendum
1043 2131 1168 2168 omnia
1190 2136 1226 2168 et
1241 2131 1386 2180 singula
1401 2145 1497 2183 quae
1511 2133 1606 2170 circa
1626 2134 1715 2171 haec

189 2190 327 2228 suerint
344 2195 548 2240 oportuna,
563 2190 716 2240 ipsaque
733 2189 981 2227 communitas
999 2189 1045 2226 ad
1061 2202 1232 2239 praesens
1250 2190 1413 2239 sigillum
1428 2191 1622 2241 proprium
1638 2205 1712 2230 non

189 2248 323 2286 habeat
334 2247 405 2285 sub
418 2260 494 2298 quo
508 2251 627 2284 certos
642 2251 898 2298 procuratores
911 2247 1102 2284 instituere
1116 2247 1245 2292 valeat,
1258 2253 1294 2284 et
1308 2247 1415 2285 nobis
1429 2261 1474 2285 ex
1488 2254 1591 2299 parte
1605 2263 1715 2287 vene-

189 2307 364 2345 rabilium
378 2306 543 2343 virorum
559 2306 722 2356 magistri
735 2306 864 2343 Jacobi
882 2310 918 2342 et
935 2306 1062 2342 talium
1076 2306 1122 2342 ad
1136 2310 1257 2356 partes
1275 2306 1304 2343 F
1306 2306 1470 2343 laudi-iae
1483 2321 1595 2358 super
1607 2310 1714 2347 certis

190 2365 345 2416 negotiis
363 2377 381 2401 a
397 2364 508 2401 latere
525 2363 690 2413 ejusdem
709 2364 1005 2401 excellentissimi
1032 2364 1213 2414 principis
1240 2365 1538 2402 transmissorum
1565 2368 1715 2406 nomine
