2184 3074
722 299 885 336 CODEx
912 298 1160 336 DUNENSlS'.
1637 299 1708 336 -247

170 419 360 469 potuimus
389 419 484 455 bene
515 432 557 455 ac
590 423 666 455 tute
693 418 879 468 deponere
909 421 1061 467 propter
1092 415 1243 453 hostiles
1275 416 1461 461 incursus,
1495 416 1642 466 rapinas
1673 421 1709 452 et

169 475 370 514 homicidia
396 490 492 527 quae
523 476 661 513 fiebant
686 476 724 512 in
753 474 946 520 Flandria,
974 474 1050 511 sive
1079 486 1253 524 personas
1280 487 1299 510 a
1325 473 1464 524 quibus
1491 487 1706 524 praesumc—

169 533 279 571 batur
305 534 448 585 aliquid
473 547 581 585 posse
606 533 777 584 conquiri
810 533 857 569 ab
887 532 976 583 ipsis
1002 532 1230 582 raptoribus,
1254 532 1534 582 spoliatoribus,
1558 532 1706 569 invaso-

169 592 274 630 ribus
295 592 495 638 universis,
515 591 822 642 adinventoribus
840 591 984 627 viarum
1009 591 1177 627 omnium
1205 590 1451 640 conquirendi
1475 590 1591 640 spolia
1620 604 1706 640 per-

167 662 354 687 sonarum.
374 650 588 688 Praemissis
607 650 731 700 itaque
749 663 788 686 se
808 649 1049 695 habentibus,
1067 654 1180 699 prout
1204 649 1375 699 superius
1399 654 1454 686 est
1470 662 1704 699 expressum,

167 707 256 745 dicti
289 712 501 746 executores
531 722 570 745 se
601 708 709 745 nobis
740 707 944 745 offerebant
978 711 1123 757 paratos
1154 708 1301 744 totalem
1336 707 1472 744 dictam
1508 710 1703 759 pecuniam

167 770 344 816 tanquam
369 766 442 804 illis
463 780 558 817 quos
585 771 732 817 tangere
755 766 952 804 videbatur
977 779 1138 817 quorum
1170 767 1279 804 etiam
1313 767 1487 805 interesse
1511 769 1594 818 plus
1622 769 1703 807 aliis

165 823 403 872 credebatur,
421 825 558 863 etenim
577 838 645 876 pro
664 838 766 862 mora
790 825 1000 863 absentium
1023 825 1299 875 praedictorum
1322 826 1466 863 diutina
1489 840 1704 877 praesume-

165 882 276 920 batur
291 883 338 920 de
356 887 474 920 morte
490 883 640 920 illorum
659 883 886 928 absentium,
905 888 941 920 et
962 883 1015 920 sic
1032 883 1130 920 bona
1149 883 1299 920 illorum
1317 884 1363 920 ad
1384 884 1467 923 illos
1486 885 1532 921 de
1551 886 1702 923 ecclesia

166 941 346 993 Brugensi
365 941 590 980 videbantur
606 947 785 992 spectare,
803 955 888 979 cum
908 942 1055 979 nullum
1075 942 1184 979 ctiam
1207 955 1335 979 eorum
1357 943 1567 980 absentium
1592 949 1702 982 test&

166 1004 333 1038 mentum
358 1013 424 1038 seu
447 999 634 1037 ordinatio
660 1000 818 1049 alicujus
844 1000 1046 1038 voluntatis
1070 1001 1223 1037 ultimae
1247 1006 1450 1051 appareret.
1473 1002 1547 1039 Nos
1577 1007 1700 1040 autem

164 1071 277 1109 super
293 1058 366 1096 hiis
383 1058 650 1096 deliberatione
672 1057 906 1109 praehabita,
931 1058 1199 1109 perpendentes
1223 1059 1386 1109 pericula
1412 1064 1448 1096 et
1469 1060 1700 1107 discrimina,

164 1129 267 1164 cum,
290 1121 334 1155 ut
359 1117 590 1168 praedictum
618 1122 690 1163 est,
724 1117 797 1156 hiis
829 1118 1060 1168 temporibus
1089 1118 1227 1155 nemini
1255 1123 1450 1168 parcatur,
1476 1123 1511 1155 et
1539 1120 1700 1157 maxime

163 1173 305 1213 clericis
330 1175 470 1226 quibus
487 1175 642 1214 omnino
660 1181 748 1213 sunt
765 1175 887 1214 infesti
907 1176 1019 1226 layci,
1043 1177 1304 1214 executoribus
1325 1177 1519 1214 antedictis
1543 1191 1700 1228 respou-

163 1231 287 1270 dimus
303 1233 405 1284 quod
421 1233 643 1271 antedictam
659 1234 855 1284 pecuniam
870 1234 908 1271 in
924 1239 1086 1271 nostram
1101 1234 1307 1272 custodiam
1327 1235 1489 1285 recipere
1507 1236 1698 1283 nolumus,

163 1301 231 1330 nec
248 1291 294 1329 ad
314 1304 394 1329 eam
413 1292 679 1330 restituendam
699 1293 737 1330 in
752 1306 901 1330 omnem
921 1298 1094 1330 eventum
1109 1293 1223 1330 teneri
1242 1293 1434 1339 volumus,
1452 1293 1516 1330 sed
1536 1293 1574 1330 in
1592 1307 1698 1332 suam

161 1349 352 1401 propriam
370 1350 543 1388 videlicet
565 1355 805 1388 executorum
826 1350 1032 1388 custodiam
1055 1351 1218 1388 debitam
1239 1351 1346 1400 juxta
1368 1352 1582 1401 qualitatem
1603 1358 1699 1389 tem-

161 1407 264 1459 poris
279 1413 315 1446 et
330 1408 558 1446 discriminis
573 1409 828 1446 consuluimus
843 1422 1042 1446 remanere.
1057 1409 1128 1457 Qui
1147 1413 1362 1446 executores
1380 1410 1548 1447 fecerunt
1560 1415 1697 1461 protes-

162 1465 338 1505 tationem
360 1466 576 1518 hujusmodi
599 1481 663 1505 seu
686 1467 758 1505 hoc
779 1467 892 1506 modo
911 1483 918 1504 :
938 1467 1107 1514 Domini,
1125 1480 1191 1504 vos
1209 1467 1255 1504 de
1273 1468 1435 1518 capitulo
1458 1474 1493 1505 et
1510 1481 1638 1506 omnes
1661 1474 1698 1506 et

161 1523 298 1575 singuli
315 1523 387 1562 hoc
405 1525 528 1563 sciatis
552 1525 655 1576 quod
679 1531 830 1577 propter
855 1526 1043 1576 praedicta
1069 1526 1233 1576 pericula
1253 1531 1288 1563 et
1306 1527 1476 1564 fortuitos
1500 1540 1606 1564 casus
1630 1528 1696 1578 qui

160 1583 367 1633 praevideri
386 1597 462 1622 non
480 1590 653 1635 possunt,
673 1586 848 1623 nolumus
870 1599 948 1623 esse
967 1586 1105 1623 astricti
1131 1590 1194 1622 aut
1216 1586 1450 1636 aliquatenus
1469 1587 1639 1637 obligati,
1663 1588 1694 1624 si

160 1641 259 1678 dicta
282 1643 479 1693 pecuniaa
497 1643 607 1681 nobis
630 1644 752 1682 ablata
777 1644 905 1690 suerit,
924 1644 1033 1681 nobis
1061 1649 1181 1680 tamen
1210 1645 1350 1681 nullam
1377 1645 1608 1682 occasionem
1631 1658 1694 1682 seu

160 1712 308 1738 causam
333 1701 530 1739 ablationis
552 1701 652 1739 illius
675 1701 826 1739 fortuite
843 1701 1135 1752 praestantibus,
1159 1715 1226 1739 nec
1248 1702 1469 1740 facientibus
1490 1703 1694 1753 quicquam

161 1759 263 1810 quod
281 1761 411 1812 eulpae
428 1774 493 1798 seu
511 1761 756 1812 negligentiae
774 1767 920 1800 nostrae
937 1767 1060 1812 posset
1081 1762 1236 1812 imponi.
1255 1762 1296 1799 ln
1316 1763 1568 1800 testimonium
1587 1776 1696 1813 prae-

161 1818 360 1856 missorum
379 1832 447 1858 nos
472 1833 601 1858 omnes
626 1826 662 1858 et
685 1821 840 1872 singuli,
859 1821 1030 1858 videlicet
1051 1821 1106 1867 N,
1127 1821 1307 1867 decanus,
1327 1822 1368 1859 L.
1389 1822 1596 1867 Raweloes,
1615 1827 1695 1868 etc,

161 1877 200 1914 in
225 1877 357 1916 ordine
384 1879 438 1916 sic
463 1879 630 1918 sedentes
656 1879 695 1917 in
722 1881 804 1931 ipso
830 1880 992 1930 capitulo
1021 1885 1146 1917 nostro
1170 1893 1190 1917 a
1213 1879 1410 1930 praedictis
1435 1881 1695 1917 executoribus

162 1939 268 1973 testes
283 1937 400 1987 rogati
418 1937 464 1975 ad
483 1951 608 1988 preces
626 1943 866 1976 executurum
885 1938 1159 1989 praedictorum
1177 1938 1340 1989 sigillum
1359 1938 1532 1975 ecclesiae
1551 1942 1696 1974 nostrae

162 1995 282 2045 majus
296 1997 551 2047 praesentibus
571 1998 700 2036 litteris
713 1998 891 2036 duximus
905 1998 1180 2049 apponendum.
