2184 3074
753 284 916 323 conssx
939 283 1184 323 DUNENSlS.
1711 287 1735 324 9

199 421 219 445 a
241 405 421 456 regimine
442 405 654 443 monasterii
681 405 862 450 amoveri,
880 417 923 441 ac
945 404 1053 442 dictis
1077 405 1270 442 monachis
1290 418 1332 442 ac
1354 418 1483 442 eorum
1509 406 1732 443 monasterio

199 478 310 516 super
323 463 552 516 praemissis‚.
562 467 675 515 prout
687 463 831 514 justum
849 463 977 509 fuerit,
993 462 1192 514 provideri,
1210 463 1330 500 causis
1348 468 1384 500 et
1401 463 1609 501 rationibus
1624 477 1733 514 prae-

198 523 320 561 missis
331 551 341 570 ,
359 522 553 560 offerentes
570 534 608 559 se
626 521 846 573 probaturos
864 534 906 558 ea
923 534 1020 572 quae
1039 520 1123 558 sacti
1142 525 1231 559 sunt
1247 521 1293 558 dc
1311 521 1533 572 praemissis.

932 766 1006 805 Vll.

356 883 458 921 Saite
483 883 527 920 de
553 883 590 920 la
610 883 754 932 plainte
779 883 917 934 diriqe‘e
941 889 1063 921 contre
1089 883 1202 922 l’abbe
1226 886 1270 922 de
1294 886 1570 924 Saint-Pierre.

943 969 991 988 L—

236 1077 329 1114 Cum
347 1077 435 1114 tales
449 1075 622 1114 monachi
633 1076 834 1127 procedere
848 1077 1041 1114 intendant
1052 1091 1119 1128 pro
1134 1078 1291 1116 utilitate
1305 1080 1361 1117 sui
1379 1082 1589 1118 monasterii
1605 1087 1731 1120 contra

197 1134 375 1172 abbatem
387 1147 499 1186 super
516 1134 698 1172 contentis
717 1135 754 1172 in
776 1135 954 1185 petitione
972 1136 1136 1186 ipsorum
1156 1137 1253 1174 edita
1271 1138 1446 1176 adversus
1471 1140 1594 1190 ipsum
1616 1140 1732 1178 abba-

198 1198 289 1240 tem,
315 1193 481 1244 dictique
505 1193 678 1230 monachi
706 1194 901 1245 proprium
927 1208 1002 1232 non
1031 1195 1211 1242 habeant,
1237 1210 1304 1233 nec
1326 1197 1462 1235 habere
1481 1199 1645 1245 valeant,
1665 1213 1733 1237 nec

198 1251 350 1289 aliunde
371 1251 470 1288 hona
494 1251 540 1288 ad
567 1252 863 1302 prosecutionem
891 1252 1010 1289 dictae
1037 1267 1167 1290 causae
1191 1259 1226 1290 et
1251 1255 1360 1291 etiam
1390 1253 1484 1292 vitae
1510 1258 1732 1303 necessaria,

199 1312 412 1362 supplicant
430 1311 556 1358 vobis,
570 1311 865 1362 dominejudex,
880 1313 1033 1363 praefati
1054 1314 1224 1351 monachi
1246 1328 1425 1366 expensas
1444 1316 1490 1352 ad
1510 1318 1734 1366 prosecutio-

199 1383 283 1408 nem
303 1383 434 1407 causae
452 1369 661 1420 praedictae
678 1374 714 1407 et
732 1370 827 1407 vitae
846 1371 1012 1422 ipsorum
1034 1373 1233 1409 necessaria
1253 1387 1319 1422 per
1336 1387 1401 1410 vos
1426 1374 1496 1411 sibi
1520 1375 1668 1412 decerni
1687 1376 1733 1413 de

198 1428 307 1466 bonis
326 1427 414 1465 dicti
435 1428 647 1465 monasterii
674 1429 839 1466 decretas
861 1443 928 1479 per
951 1442 1016 1466 vos
1037 1429 1108 1466 sibi
1133 1430 1265 1472 taxari,
1291 1436 1326 1467 et
1348 1431 1511 1469 decretas
1534 1437 1569 1469 et
1593 1438 1731 1471 taxatas

196 1486 266 1524 sibi
285 1486 566 1533 amministrari‚
585 1487 680 1524 etad
697 1487 953 1527 hoceumdem
968 1489 1140 1526 abbatem
1159 1489 1425 1540 condempnari
1441 1495 1476 1527 ct
1491 1491 1674 1541 compelli.

901 1603 1018 1613 —000—

924 1734 1015 1772 Vlll.

437 1849 611 1900 Replique
636 1823 687 1887 hu
710 1862 920 1899 procureur
945 1850 988 1888 de
1015 1850 1127 1891 l’abbe'
1151 1852 1196 1889 de
1219 1853 1495 1892 Sainl—Pae'erre.

250 2045 307 2082 Ad
327 2045 422 2082 hanc
439 2046 551 2083 finem
570 2051 612 2084 ut
629 2047 737 2084 dictis
756 2048 948 2086 monachis
966 2049 1155 2086 silentium
1176 2050 1390 2100 imponatur
1407 2065 1519 2102 super
1538 2052 1732 2090 amminis-

202 2102 359 2140 tratione
376 2116 622 2154 expensarum
641 2105 687 2142 de
705 2118 779 2156 qua
802 2106 844 2143 fit
869 2106 1008 2143 mentio
1036 2107 1072 2144 in
1099 2109 1370 2158 supplicatione
1393 2109 1628 2156 corumdem,
1658 2124 1732 2148 non

200 2161 407 2198 recedendo
433 2162 479 2199 ab
506 2162 578 2200 hiis
603 2177 699 2214 quae
723 2178 768 2201 ex
789 2170 892 2215 parte
916 2167 1166 2216 procuratoris
1190 2167 1352 2218 religiosi
1379 2168 1448 2204 viri
1474 2168 1619 2206 abbatis
1644 2169 1733 2207 dicti

202 2219 272 2256 loci
298 2221 488 2271 proposita
514 2226 602 2259 sunt
627 2227 754 2260 contra
777 2224 935 2274 primam
959 2225 1267 2275 supplicationem
1286 2239 1434 2271 corum,
1454 2227 1569 2263 immo
1592 2227 1735 2265 sortiter

201 2277 338 2315 eisdem
358 2278 583 2326 inhibendo,
602 2281 779 2331 proponit
795 2286 830 2318 et
847 2282 939 2318 dicit
956 2281 1077 2319 dictus
1091 2288 1321 2333 procurator,
1337 2284 1488 2321 nomine
1502 2286 1734 2335 procuratio-

203 2335 278 2382 nis,
303 2348 372 2387 pro
397 2336 497 2374 dicto
523 2337 657 2375 abbate
681 2343 808 2376 contra
836 2339 954 2376 dictos
982 2340 1182 2378 monachos
1206 2345 1242 2378 et
1266 2354 1394 2378 eorum
1422 2343 1732 2393 supplicationem

202 2393 306 2444 quod
323 2407 388 2432 vos
409 2395 455 2432 ad
475 2395 704 2444 instantiam,
722 2402 929 2448 requestam
947 2411 1011 2436 seu
1029 2399 1303 2450 querimoniam
1322 2401 1507 2438 dictorum
1531 2403 1734 2440 monacho-

1564 2461 1588 2498 2
