2184 3074
433 339 504 376 164
979 334 1140 372 CODEX
1167 332 1414 371 DUNENSIS.

431 454 626 499 volumus,
653 466 814 503 quorum
837 449 1073 488 ecclesiastici
1098 452 1300 499 proventus
1323 460 1388 484 seu
1419 447 1586 484 redditus
1614 460 1798 484 summam
1828 451 1968 498 septem

434 512 612 549 librarum
632 523 831 562 parvorum
850 508 1125 546 Turonensium
1145 520 1220 544 non
1240 506 1435 562 excedunt.
1453 505 1636 553 Quocirca
1653 505 1868 543 discretioni
1885 518 1970 542 ves-

433 575 509 607 trae
530 585 597 621 per
618 569 818 620 apostolica
845 568 979 618 scripta
1011 567 1232 604 mandamus
1258 570 1442 616 quatenus
1467 577 1552 610 vos,
1575 564 1633 616 vel
1659 563 1754 610 duo,
1778 567 1842 600 aut
1871 575 1970 600 unus

433 633 595 665 vestrum
622 641 688 678 per
712 640 775 664 vos
802 627 860 663 vel
890 627 982 663 alios
1009 639 1074 662 seu
1098 625 1233 671 alium,
1260 623 1576 674 archiepiscopos,
1603 621 1796 672 episcopos
1820 626 1857 659 et
1878 621 1970 659 alios

433 699 560 723 omnes
589 690 625 722 et
649 685 816 735 singulos
839 683 1072 734 supradictos
1098 683 1238 734 quibus
1258 695 1324 732 per
1346 681 1492 718 easdem
1511 684 1656 718 nostras
1675 680 1813 717 litteras
1830 680 1877 716 de
1894 680 1971 717 sol-

433 745 562 781 vendis
581 743 798 793 hujusmodi
818 742 972 779 decimis
987 742 1203 792 diriguntur
1221 740 1410 786 mandata,
1425 745 1467 776 ut
1483 740 1684 790 praefatam
1703 739 1884 776 decimam
1904 751 1972 789 per

434 802 530 838 idem
557 802 771 847 biennium,
799 800 1005 837 secundum
1028 799 1242 836 earumdem
1260 799 1473 836 'litterarum
1496 802 1682 844 tenorem,
1705 797 1846 848 absque
1869 797 1972 834 diffi-

432 860 567 896 cultate
585 860 813 910 persolvant,
829 859 936 908 juxta
955 858 1078 895 datam
1098 871 1118 894 a
1136 859 1214 895 Deo
1232 857 1339 894 vobis
1353 856 1591 908 prudentiam
1606 855 1803 905 efficaciter
1820 869 1972 892 monere

430 923 466 955 et
483 918 660 955 inducere
678 918 903 968 procuretis,
921 918 1023 968 quod
1039 918 1069 954 si
1090 917 1306 967 hujusmodi
1326 915 1479 953 monitis
1493 928 1622 966 parere
1638 914 1889 965 neglexerint,
1905 927 1971 951 vos

429 990 491 1014 eos
505 977 699 1014 universos
717 981 752 1013 et
771 976 938 1027 singulos
957 976 1003 1013 ad
1024 976 1060 1012 id
1081 975 1299 1012 auctoritate
1316 979 1441 1012 nostra
1453 1003 1462 1020 ,
1481 973 1730 1025 appellatione
1751 973 1972 1024 postposita,

430 1036 677 1086 compellatis,
704 1048 779 1072 non
811 1035 1047 1072 obstantibus
1070 1034 1246 1071 omnibus
1272 1033 1514 1084 supradictis,
1544 1037 1608 1070 aut
1629 1033 1658 1070 si
1682 1033 1734 1076 eis
1758 1033 1816 1069 vel
1843 1026 1994 1069 eorum-

430 1093 539 1130 alicui
563 1098 626 1130 aut
647 1093 837 1143 aliquibus
860 1106 879 1129 a
902 1092 1091 1143 praedicta
1117 1092 1212 1129 Sede
1233 1092 1304 1129 sub
1327 1091 1460 1142 quavis
1481 1092 1599 1128 forma
1622 1090 1812 1127 indultum
1839 1090 1974 1128 existat

428 1151 532 1202 quod
552 1151 885 1199 excommunicari,
901 1151 1077 1202 suspendi
1097 1152 1154 1188 vel
1174 1151 1345 1188 interdici
1365 1164 1439 1188 non
1458 1151 1604 1201 possint
1620 1163 1687 1200 per
1704 1149 1843 1187 litteras
1861 1162 1972 1200 apos-

429 1210 556 1248 tolicas
576 1224 671 1261 quae
693 1210 739 1247 de
757 1211 904 1247 indulto
924 1210 1141 1260 hujusmodi
1160 1210 1206 1246 de
1230 1210 1344 1246 verbo
1363 1210 1408 1246 ad
1430 1209 1605 1254 verbum,
1625 1222 1668 1245 ac
1685 1208 1732 1245 de
1750 1208 1918 1259 ipsorum
1937 1212 1973 1245 et

428 1282 555 1306 eorum
577 1270 743 1306 locorum
760 1269 977 1307 nominibus
996 1270 1158 1320 propriis
1177 1270 1326 1320 plenam
1344 1274 1380 1306 et
1397 1281 1608 1319 expressam
1627 1273 1663 1305 et
1680 1267 1876 1318 specialem
1896 1280 1972 1305 non

430 1327 584 1364 fecerint
601 1328 840 1364 mentionem.
868 1328 942 1365 Nos
967 1328 1122 1378 insuper
1146 1329 1252 1365 vobis
1278 1327 1547 1364 nichilominus
1569 1326 1820 1377 praesentium
1847 1331 1974 1364 tenore

429 1387 697 1424 committimus
725 1388 825 1438 quod
855 1388 1024 1438 personis
1054 1401 1150 1438 quae
1182 1392 1335 1438 propter
1365 1386 1582 1436 hujusmodi
1612 1386 1794 1422 decimam
1827 1384 1973 1422 statutis

430 1444 597 1482 terminis
616 1458 691 1482 non
714 1446 872 1482 solutam
900 1446 1298 1483 excommunicationis
1322 1447 1379 1482 vel
1405 1445 1660 1496 suspensionis
1681 1444 1873 1482 sententiis
1891 1444 1974 1480 sue-

430 1504 505 1541 rint
523 1504 739 1550 innodatae,
754 1504 902 1555 possitis
921 1518 985 1542 vos
997 1533 1006 1545 ,
1025 1509 1090 1541 aut
1107 1505 1183 1542 duo
1209 1505 1266 1541 vel
1286 1517 1385 1541 unus
1403 1508 1586 1556 vestrum,
1608 1516 1676 1554 per
1690 1516 1756 1540 vos
1774 1516 1837 1540 seu
1856 1501 1972 1539 alium

430 1562 486 1598 vel
513 1562 622 1609 alios,
652 1562 825 1612 quotiens
857 1562 968 1599 suerit
995 1567 1242 1613 oportunum,
1273 1562 1491 1599 auctoritate
1522 1566 1646 1598 nostra
1673 1561 1782 1611 juxta
1811 1561 1972 1597 formam

429 1620 614 1658 Ecclesiae
632 1621 678 1657 de
696 1620 942 1658 absolutionis
961 1621 1143 1658 beneficio
1163 1621 1358 1671 providere
1376 1633 1418 1657 ac
1436 1619 1622 1657 interdicti
1642 1619 1842 1656 sententias
1856 1631 1973 1669 prop-

431 1684 485 1716 ter
510 1679 599 1716 latas
623 1680 807 1725 relaxare,
834 1680 1240 1730 necnon-dispensare,
1262 1693 1347 1716 cum
1366 1679 1418 1716 eis
1442 1678 1507 1729 qui
1529 1678 1746 1728 hujusmodi
1767 1677 1868 1740 “825
1887 1670 1974 1714 sen-

431 1737 555 1774 tentiis
583 1738 641 1774 vel
674 1738 713 1773 in
745 1738 835 1774 locis
862 1738 984 1775 taliter
1012 1738 1220 1775 interdictis
1247 1738 1375 1774 divina
1405 1737 1526 1774 officia
1558 1736 1826 1774 celebraverint
1851 1736 1908 1773 vel
1935 1749 1974 1774 se

432 1798 702 1835 immiscuerint
723 1812 835 1849 super
859 1800 1128 1850 irregularitate
1149 1799 1236 1836 inde
1260 1804 1468 1844 contracta,
1493 1798 1665 1849 imposita
1691 1798 1744 1835 eis
1767 1811 1836 1848 pro
1861 1797 1974 1835 modo

432 1858 562 1907 culpae
581 1857 806 1907 poenitentia
828 1858 1004 1908 salutari,
1023 1863 1136 1908 prout
1153 1858 1362 1895 animarum
1378 1870 1529 1895 suarum
1547 1856 1655 1901 saluti
1673 1856 1841 1892 videritis
1860 1869 1974 1906 expe-

431 1914 520 1951 dire.
541 1915 677 1951 Datum
698 1915 840 1952 Perusii
858 1916 1022 1952 secundo
1041 1916 1126 1953 idus
1145 1916 1250 1960 maii,
1270 1915 1509 1966 pontificatus
1530 1915 1644 1952 nostri
1667 1926 1766 1950 anno
1783 1913 1918 1964 primo.

479 1971 575 2019 Quia
600 1985 688 2009 vero
714 1974 924 2010 executioni
949 1974 1142 2024 apostolici
1170 1974 1334 2011 mandati
1358 1974 1465 2011 nobis
1491 1974 1529 2010 in
1557 1973 1626 2010 hac
1641 1977 1755 2023 -parte
1778 1972 1908 2009 directi
1923 1972 1973 2026 ad

433 2042 604 2080 praesens
624 2044 754 2068 vacare
772 2033 967 2069 commode
991 2046 1064 2069 non
1084 2033 1249 2070 valemus
1261 2062 1270 2079 ,
1302 2032 1476 2083 pluribus
1494 2032 1576 2068 aliis
1595 2031 1730 2068 nostris
1748 2035 1784 2067 et
1801 2030 1975 2067 ecclesia—

433 2101 514 2124 rum
534 2094 746 2126 nostrorum
765 2091 892 2128 arduis
909 2091 1064 2142 negotiis
1083 2092 1276 2142 occupati,
1292 2091 1399 2128 vobis
1418 2090 1850 2128 auctoritatelitterarum
1865 2101 1976 2140 apos-

434 2147 627 2184 tolicarum
654 2162 750 2198 quae
774 2150 882 2187 nobis
914 2150 1067 2187 domino
1090 2164 1185 2201 papa
1208 2151 1355 2187 vivente
1380 2154 1632 2200 praesentatae
1658 2153 1694 2185 et
1718 2162 1786 2199 per
1807 2161 1874 2185 nos
1899 2148 1976 2185 sol—

434 2205 631 2254 lempniter
655 2207 866 2257 publicatae
893 2209 1063 2256 suerunt,
1088 2214 1124 2246 et
1138 2222 1264 2246 earum
1293 2209 1510 2246 auctoritate
1531 2208 1715 2258 praelatos
1740 2211 1775 2244 et
1799 2219 1974 2257 personas

433 2263 694 2302 ecclesiasticas
714 2270 803 2303 tunc
824 2272 1036 2317 praesentes
1061 2268 1240 2304 canonice
1261 2281 1412 2304 monere
1430 2267 1646 2304 curavimus
1669 2270 1710 2302 ut
1728 2266 1765 2302 in
1786 2265 1854 2302 hac
1872 2269 1976 2315 parte

433 2322 615 2359 mandatis
634 2326 845 2374 apostolicis
864 2327 1062 2364 efficaciter
1079 2327 1276 2364 obedirent
1301 2327 1339 2364 in
1358 2327 1494 2364 virtute
1521 2331 1668 2363 sanctae
1691 2323 1924 2362 obedientiae
1940 2328 1976 2360 et

432 2380 503 2417 sub
520 2394 638 2430 poena
654 2385 907 2432 suspensionis
923 2390 959 2421 et
973 2386 1370 2423 excommunicationis
1387 2385 1575 2422 districtae
1588 2382 1851 2435 praecipiendo
1867 2395 1975 2418 man-

434 2438 565 2475 damus
590 2445 771 2490 quatenus
794 2442 840 2478 ad
863 2447 984 2492 partes
1007 2445 1222 2494 provinciae
1246 2445 1439 2482 Remensis
1462 2457 1528 2480 vos
1550 2441 1795 2493 personaliter
1816 2441 1976 2477 transse-
