2184 3074
440 364 488 402 40
906 405 916 415 .
991 360 1150 398 CODEX
1178 360 1426 398 DUNENStS.

435 481 541 529 juxta
563 481 663 531 quod
683 479 852 530 superius
872 482 925 515 est
942 490 1167 528 expressum.
1190 477 1244 513 Ad
1263 477 1463 527 praemissa
1481 482 1604 515 autem
1633 480 1804 519 universa
1831 486 1866 520 et
1894 484 1973 521 sin-

438 539 538 588 gula„
557 543 668 589 prout
685 537 893 586 conscripta
913 540 998 572 sunt
1022 535 1210 585 superius7
1232 536 1388 572 firmiter
1409 536 1638 574 observanda
1651 567 1659 583 ,
1679 551 1746 575 nos
1769 545 1805 577 et
1825 554 1974 579 sueces-

437 610 537 634 sores
559 601 718 642 nostros,
739 599 984 644 nostrumque
1004 594 1269 630 monasterium
1293 594 1449 630 firmiter
1471 595 1695 644 obligamus,
1717 599 1970 638 renuntiantes

436 669 607 706 expresse
625 654 749 705 quoad
770 652 969 703 praemissa
985 652 1160 688 omnibus
1181 652 1464 702 exceptionibus
1479 652 1575 701 juris
1593 657 1629 690 et
1646 654 1747 700 saeti7
1761 657 1968 707 exceptioni

437 727 511 751 non
538 717 748 750 numerat-ae
775 711 972 762 pecuniae,
998 723 1072 746 non
1097 710 1251 746 traditae
1273 714 1308 746 et
1334 723 1408 746 non
1436 715 1621 761 receptae,
1647 715 1855 764 exceptioni
1883 716 1970 763 sori,

434 772 509 809 doli
534 772 637 817 mali,
656 770 757 807 omni
782 769 991 819 deceptioni
1011 774 1046 805 et
1063 769 1235 813 laesioni,
1253 769 1433 819 omnique
1446 770 1542 818 juris
1561 771 1700 808 auxilio
1718 774 1888 811 canonici
1912 775 1968 811 vel

433 831 568 875 civilis7
588 830 763 866 omnibus
783 827 1039 877 indulgentiis,
1057 827 1200 878 gratiis,
1220 828 1372 874 litteris3
1392 828 1596 880 privilegiis
1615 835 1650 867 et
1672 831 1926 871 instrumentis
1949 847 1969 870 a

432 889 525 926 Sede
548 887 759 938 Apostolica
779 887 835 923 vel
854 898 1095 936 quocumque
1113 885 1186 922 alio
1206 885 1411 936 impetratis
1430 887 1485 923 vel
1510 887 1769 938 impetrandis,
1788 891 1968 929 beneficio

431 947 674 985 restitutionis
700 947 737 982 in
763 946 948 996 integrum
976 949 1011 981 et
1036 944 1212 982 omnibus
1239 945 1320 982 aliis
1343 959 1438 995 quae
1456 946 1645 996 praedicto
1663 948 1817 986 domino
1836 950 1968 1001 Egidio

430 1011 466 1044 et
483 1006 650 1056 personis
670 1004 870 1042 nominatis
887 1003 1058 1054 superius
1077 1003 1114 1040 in
1134 1004 1344 1054 praemissis
1364 1004 1493 1042 obesse
1517 1011 1667 1056 possent
1688 1012 1724 1044 et
1743 1008 1852 1046 nobis
1879 1022 1968 1059 pro-

429 1066 543 1102 desse.

1129 1251 1258 1288 XXIX.

424 1370 660 1407 De'claration
680 1370 723 1406 de
739 1370 918 1420 Jacques,
936 1369 991 1406 dic
1006 1369 1209 1414 Alverdoe,
1229 1369 1273 1406 de
1289 1382 1331 1406 sa
1347 1370 1480 1419 semme
1499 1371 1537 1408 V
1536 1372 1689 1421 irqinie,
1713 1378 1746 1409 el
1768 1372 1812 1409 de
1830 1372 1964 1411 Soha'er

471 1429 515 1465 de
534 1429 690 1466 Boneem
707 1428 818 1478 qu’ils
835 1428 936 1465 n’onl
953 1429 1035 1465 rien
1053 1428 1076 1464 ἀ
1093 1427 1274 1464 re'clamer
1295 1428 1356 1465 des
1380 1428 1484 1466 abbe-s
1506 1429 1569 1466 des
1592 1431 1719 1467 Demea
1744 1436 1778 1467 et
1796 1430 1841 1467 de
1862 1430 1960 1469 Tho-

469 1499 550 1523 sa‘n.

467 1651 650 1689 Noveritis
679 1652 781 1701 quod
811 1656 962 1701 propter
996 1652 1067 1688 hoc
1097 1665 1220 1689 eoram
1253 1652 1360 1689 nobis
1393 1653 1636 1702 personaliter
1664 1654 1855 1691 constituti
1887 1668 1954 1692 sua

417 1715 618 1761 spontanea
632 1711 822 1747 voluntate
836 1715 872 1747 et
885 1723 959 1747 non
975 1711 1089 1747 coacti
1101 1740 1110 1756 ‚
1123 1711 1285 1748 Jacobus
1304 1711 1425 1748 dietus
1443 1712 1636 1758 Alverdoeff
1647 1712 1843 1763 Virgfflna,
1858 1727 1956 1752 uxot

416 1769 508 1818 ejus,
523 1773 558 1805 et
570 1769 746 1818 Sygerus„
761 1769 860 1805 filius
879 1768 1000 1805 dictae
1015 1768 1231 1818 Virghinae‚
1245 1782 1357 1819 quem
1371 1769 1500 1819 genuit
1512 1783 1557 1806 ex
1572 1770 1699 1821 Sigero
1713 1771 1759 1807 de
1774 1771 1935 1809 Boneem
1945 1800 1954 1818 ‚

416 1827 540 1878 priore
563 1827 695 1864 marito
718 1840 804 1873 suo,
824 1832 1126 1877 recognoscentes
1150 1841 1218 1877 pro
1237 1842 1276 1865 se
1297 1833 1333 1865 et
1356 1841 1486 1865 eorum
1509 1829 1666 1879 singulis
1687 1842 1729 1866 ac
1749 1829 1954 1877 willelmo,

414 1888 602 1932 Johanne,
621 1887 672 1924 W
677 1916 831 1923 .....
859 1891 894 1923 et
912 1887 1098 1937 Wirgina7
1118 1887 1245 1924 liberis
1263 1887 1372 1924 etiam
1391 1887 1511 1924 dictae
1530 1887 1732 1938 Virghinae
1750 1888 1886 1926 habitis
1907 1902 1952 1926 ex

415 1946 514 1982 dicto
537 1946 694 1996 Sygero,
715 1945 924 1995 quondam,
942 1949 985 1981 ut
1005 1945 1145 1982 dictum
1165 1950 1234 1991 est,
1260 1959 1328 1982 suo
1355 1946 1505 1992 marito,
1524 1951 1640 1983 aetate
1665 1946 1893 1993 minoribus,
1912 1961 1951 1985 se

414 2004 466 2040 nil
487 2004 583 2053 juris
610 2003 783 2040 habuisse
808 2003 864 2039 vel
894 2003 1030 2040 habere
1055 2003 1093 2039 in
1117 2003 1225 2040 bonis
1254 2004 1445 2054 quondam
1476 2005 1640 2054 magistri
1669 2005 1710 2042 E.
1734 2005 1896 2053 Bonins,
1914 2011 1951 2043 et

412 2062 652 2112 quitaverunt
678 2066 713 2097 et
736 2061 987 2098 liberaverunt
1005 2074 1068 2098 seu
1094 2061 1217 2111 quitos
1236 2066 1271 2098 et
1290 2062 1428 2099 liberos
1445 2063 1698 2100 clamaverunt
1718 2064 1948 2102 venerabiles

411 2124 532 2170 patres
556 2120 602 2156 de
622 2119 741 2156 Dunis
767 2123 803 2156 et
822 2119 867 2155 de
890 2119 1037 2156 Thosan
1064 2119 1215 2156 abbates
1241 2124 1277 2157 et
1298 2133 1545 2171 quoscunque
1568 2121 1659 2158 alios
1685 2121 1731 2157 de
1757 2121 1859 2158 omni
1884 2135 1946 2168 eo,

410 2179 440 2216 si
459 2179 560 2228 quod
589 2178 740 2215 forsitan
767 2182 802 2214 et
826 2178 1050 2215 sormortura
1069 2179 1158 2215 dicti
1177 2179 1340 2229 magistri
1361 2179 1408 2217 de
1425 2180 1534 2216 bonis
1553 2180 1628 2217 suis
1651 2180 1842 2230 quondam
1860 2194 1947 2231 per-

409 2237 535 2274 venire
559 2241 701 2287 poterat
720 2236 766 2273 ad
787 2237 956 2283 eosdem,
974 2242 1038 2274 aut
1061 2238 1171 2275 modo
1192 2239 1362 2288 quolibet
1385 2239 1586 2289 pertinere,
1608 2252 1650 2276 ea
1671 2244 1775 2289 parte
1797 2239 1946 2277 heredi-

409 2294 492 2331 tatis
507 2294 700 2330 dumtaxat
717 2299 868 2345 excepta
886 2309 981 2345 quae
998 2300 1082 2346 post
1100 2296 1242 2333 dictum
1261 2292 1480 2347 magistrum
1499 2297 1539 2334 E.
1558 2310 1670 2347 supra
1689 2297 1942 2334 testimonium

408 2352 524 2402 ipsius
549 2353 725 2389 remansit
752 2353 848 2390 inter
873 2367 959 2390 suos
987 2354 1140 2391 heredes
1166 2355 1378 2392 dividenda.
1406 2356 1451 2393 Et
1476 2356 1738 2406 praestiterunt
1764 2355 1942 2406 praedicti

404 2411 583 2456 Jacobus‚
603 2410 781 2461 Virghina
801 2417 837 2448 et
854 2412 1014 2463 Sygerus
1032 2418 1143 2464 atque
1162 2415 1326 2452 fecerunt
1345 2415 1492 2465 plenam
1514 2414 1748 2452 securitatem
1767 2413 1814 2450 de
1832 2427 1941 2463 prae-

404 2470 513 2506 dictis
539 2469 750 2517 Willelmo,
771 2470 968 2522 Virghina‚
986 2472 1158 2510 Johanne
1175 2478 1212 2510 et
1228 2475 1277 2512 W
1281 2503 1400 2511 .....
1421 2503 1430 2521 ‚
1448 2474 1658 2511 minoribus
1675 2477 1808 2519 aetate,
1827 2477 1939 2524 atque
