2184 3074
721 291 882 328 CODEX
910 290 1154 330 DUNENSIS.
1631 290 1702 326 217

839 465 1030 503 cxxxiv.

250 582 300 618 Le
317 583 429 618 mome
444 582 574 630 copisle
590 580 757 630 s’enqaqe
775 581 797 617 (ὶ
815 582 1019 618 transcrire
1036 594 1088 617 un
1106 583 1366 619 commentaire
1381 594 1450 618 8111·
1468 581 1498 618 le
1517 581 1623 619 Cede.

224 786 293 823 Per
311 785 421 822 fldem
441 797 545 822 suam
567 785 604 821 in
624 798 736 822 manu
757 789 880 822 nostra
899 784 1021 822 datam
1041 798 1079 822 se
1099 785 1341 836 scripturum,
1361 791 1441 831 etc„
1460 791 1495 822 et
1510 785 1709 822 continua-

175 850 301 883 turum
326 849 543 895 apparatum
571 843 710 881 codicis
731 843 778 880 de
805 856 923 894 aeque
941 844 1038 880 bona
1060 844 1198 889 littera,
1219 849 1330 895 prout
1347 849 1401 881 est
1421 844 1557 894 scripta
1579 844 1709 880 cedula

177 905 248 942 hiis
275 916 435 947 annexa,
459 902 624 939 Gerardo
650 902 696 939 de
723 930 915 939 ......
943 902 1076 939 clerico
1102 915 1170 953 pro
1193 903 1223 940 X
1244 903 1348 940 libris
1368 902 1646 948 parisiensium,
1665 902 1711 939 de

177 963 316 1014 quibus
340 961 474 998 habuit
498 959 597 997 idem
624 959 784 1010 scriptor
806 959 869 998 LX
904 960 1042 997 solidos
1067 960 1329 998 Parisiensium
1352 974 1440 1012 prae
1460 961 1654 1007 manibus,
1677 965 1712 998 et

178 1021 368 1068 residuum
401 1019 530 1057 reddet
565 1019 597 1056 ei
628 1019 724 1056 idem
758 1018 961 1065 Gerardus,
992 1024 1104 1070 prout
1130 1020 1227 1057 idem
1257 1021 1416 1071 scriptor
1442 1020 1648 1057 lucrabitur
1674 1020 1710 1056 in

178 1079 391 1124 scribend03
409 1083 444 1116 et
462 1078 634 1128 promisit
651 1077 748 1117 idem
768 1078 928 1129 scriptor
944 1092 1011 1129 per
1028 1079 1138 1115 fidem
1158 1092 1261 1116 suam
1282 1079 1384 1130 quod
1403 1079 1504 1116 aliud
1523 1092 1617 1130 opus
1636 1091 1711 1115 non

178 1139 306 1183 faciet,
325 1149 447 1187 neque
473 1135 622 1180 scribet„
645 1148 842 1186 quousque
869 1136 1010 1173 dictum
1034 1149 1127 1187 opus
1153 1136 1380 1187 integraliter
1401 1137 1512 1174 suerit
1535 1149 1713 1173 consum-

179 1200 336 1239 matum,
356 1207 500 1232 necnon
520 1194 754 1231 redditurum
769 1207 806 1231 se
820 1199 855 1231 et
870 1195 1079 1232 refusurum
1096 1195 1215 1232 eidem
1231 1195 1396 1232 Gerardo
1411 1195 1536 1232 omnia
1551 1195 1713 1245 dampna

178 1253 385 1305 deperdita,
413 1252 588 1289 interesse
610 1257 645 1288 et
666 1265 845 1302 expensas
863 1265 958 1302 quae
979 1257 1014 1288 et
1032 1265 1125 1302 quas
1144 1252 1240 1289 idem
1265 1252 1453 1290 Gerardus
1479 1252 1632 1289 habebit
1649 1266 1714 1289 seu

180 1313 344 1350 incurret
369 1311 417 1348 ob
447 1311 631 1348 desectum
659 1310 946 1360 praemissorum
972 1310 1029 1346 vel
1056 1310 1268 1360 aliquorum
1289 1310 1505 1347 eorumdem
1537 1323 1610 1347 non
1638 1310 1715 1346 sac-

180 1376 323 1416 torum,
342 1373 454 1420 prout
471 1368 642 1418 superius
659 1373 713 1405 est
730 1381 962 1419 expressum,
986 1368 1033 1404 de
1055 1368 1194 1419 quibus
1218 1369 1390 1406 credetur
1406 1368 1526 1405 eidem
1549 1367 1715 1405 Gerardo

180 1441 247 1467 suo
265 1427 424 1478 simplici
440 1427 668 1476 juramento,
683 1427 753 1464 alia
769 1427 989 1477 probatione
1005 1440 1118 1478 super
1131 1427 1201 1465 hoc
1219 1428 1374 1464 minime
1392 1427 1631 1477 requirenda:
1646 1440 1715 1477 pro

181 1486 319 1538 quibus
337 1485 512 1522 omnibus
532 1489 567 1521 et
586 1484 760 1534 singulis,
775 1489 817 1521 ut
829 1485 971 1522 dictum
987 1490 1059 1530 est,
1079 1486 1327 1536 adimplendis
1346 1485 1535 1523 Johannes
1552 1485 1716 1522 'rhomae

181 1550 216 1583 et
234 1544 408 1595 magister
424 1543 580 1592 Alanus,
606 1557 673 1594 per
697 1543 808 1580 fidem
831 1556 955 1590 suam,
978 1548 1013 1580 et
1041 1543 1200 1594 quilibet
1226 1557 1354 1581 eorum
1382 1544 1418 1580 in
1446 1543 1608 1581 solidum
1632 1556 1717 1594 erga

181 1604 322 1641 dictum
341 1601 547 1639 Gerardum
574 1614 642 1652 pro
664 1601 764 1639 dicto
791 1602 970 1652 scriptore
995 1615 1034 1639 se
1059 1603 1331 1640 constituerunt
1348 1603 1571 1653 principales
1596 1602 1718 1638 adim-

183 1663 358 1713 pletores,
389 1667 424 1699 et
451 1660 549 1698 idem
575 1661 765 1699 ,lohannes
790 1662 962 1712 promisit
991 1662 1132 1699 dictum
1152 1663 1311 1699 Alanum
1331 1675 1444 1713 super
1473 1662 1544 1699 hoc
1573 1675 1718 1699 servare

184 1721 439 1770 indempnem7
466 1724 501 1756 et
532 1719 560 1756 si
591 1719 688 1756 idern
718 1720 877 1770 scriptor
903 1720 939 1756 in
964 1719 1161 1757 scribendo
1186 1719 1358 1757 deficeret
1380 1721 1418 1757 in
1446 1721 1591 1771 aliquo,
1619 1719 1716 1756 idem

183 1781 372 1819 Johannes
389 1780 553 1817 Thomae
575 1780 746 1830 promisit
764 1794 830 1830 per
848 1780 959 1817 tidem
978 1793 1082 1817 suam
1106 1793 1144 1818 se
1161 1780 1386 1831 scripturum
1413 1785 1449 1818 et
1467 1781 1717 1831 perfecturum

184 1837 326 1876 dictum
354 1851 449 1889 opus
479 1852 544 1876 sua
573 1852 686 1876 manu
715 1839 866 1889 propria
891 1839 938 1875 de
964 1852 1080 1889 aeque
1098 1839 1195 1876 bona
1215 1839 1353 1883 littera,
1371 1843 1482 1890 prout
1503 1839 1639 1888 scripta
1666 1842 1720 1884 est

185 1897 316 1935 cedula
338 1897 537 1943 antedicta,
562 1897 767 1947 obligantes
793 1897 918 1949 quoad
949 1897 1039 1935 haec
1065 1911 1131 1948 per
1156 1897 1266 1935 fidem
1298 1911 1402 1935 suam
1430 1897 1529 1934 dicto
1552 1896 1718 1933 Gerardo

186 1956 275 1993 dicti
305 1955 495 1994 lohannes
523 1960 559 1993 et
585 1956 725 1994 Alanus
751 1956 789 1994 in
819 1956 980 1994 solidum
1012 1969 1050 1994 se
1076 1961 1111 1993 et
1142 1956 1315 1994 haeredes
1340 1969 1444 2001 suos,
1471 1960 1551 2001 etc.7
1579 1968 1719 1991 renun-

188 2015 338 2058 tiantes,
356 2019 436 2060 etc„
455 2015 589 2052 actioni
610 2015 646 2052 in
667 2016 821 2059 factum„
843 2015 1023 2053 beneficio
1041 2015 1216 2065 epistolae
1234 2014 1310 2051 divi
1330 2013 1502 2059 Adriani,
1520 2018 1586 2050 etc.
