2184 3074
741 343 902 381 conssx
931 342 994 382 DL'
1000 343 1028 380 N
1033 342 1177 381 ENSlS.
1658 347 1724 384 ¹85

192 468 386 501 vacaturae
416 476 435 500 a
463 461 665 499 reverendo
696 466 799 512 patre
824 460 978 498 domino
1003 460 1172 506 Simone,
1203 461 1270 498 Dei
1303 462 1418 513 gratia
1451 467 1539 499 tunc
1573 463 1726 500 Sanctae

193 521 353 559 Ceciliae
370 520 589 572 presbytero
617 519 816 563 cardinali,
835 517 1068 570 Apostolicae
1082 518 1186 557 Sedis
1202 519 1338 570 legato,
1355 521 1446 557 sacta
1467 520 1547 557 viro
1567 520 1727 558 discreto

192 579 367 630 magistro
384 577 520 616 Joanni
539 577 585 615 de
604 577 743 623 lnsula,
761 577 941 614 canonico
961 577 1189 615 Condacensi
1209 583 1244 614 et
1262 578 1363 615 Beati
1386 578 1510 615 Basilii
1527 578 1726 629 Brugensis

193 636 401 688 capellana„
426 635 692 681 conserendae,
716 640 752 672 et
777 648 889 686 super
914 635 1128 686 provisione
1157 635 1258 673 dicto
1287 636 1462 687 magistro
1489 635 1651 674 Johanni
1682 635 1729 672 de

194 693 292 732 dieta
311 694 541 745 praebenda,
555 706 641 731 cum
659 694 706 731 ad
724 693 762 731 id
782 694 934 732 facultas
949 708 987 732 se
1000 695 1195 745 optulerit5
1214 695 1380 732 facienda
1392 725 1401 742 ,
1421 701 1531 747 prout
1546 696 1583 732 in
1599 695 1730 732 litteris

195 753 284 791 dicti
303 753 446 791 domini
465 754 572 804 legati
591 754 738 805 plenius
757 754 968 791 continetur
985 767 1070 791 cum
1091 754 1152 791 illa
1171 755 1334 792 clausula
1351 770 1358 791 z
1379 768 1444 792 vos
1462 755 1517 791 vel
1539 755 1630 792 alter
1647 768 1730 792 ves-

196 817 294 850 trum
309 818 344 850 et
359 817 515 859 caetera,
530 813 576 850 ab
590 813 719 851 eodem
734 813 886 850 domino
902 814 1019 864 legato
1034 814 1232 864 deputatus
1242 844 1250 859 ,
1266 814 1312 851 de
1328 814 1444 864 ipsius
1459 813 1602 851 domini
1622 813 1728 864 legati

196 870 345 922 speciali
366 871 540 909 mandato
558 871 663 909 vobis
682 871 771 909 viris
789 870 1066 910 venerabilibus
1089 877 1126 909 et
1142 872 1325 918 diseretis,
1352 873 1514 910 dominis
1533 866 1682 909 decano
1696 877 1732 908 et

196 930 360 981 capitulo
379 930 484 968 istius
503 930 676 968 ecclesiae
691 931 791 968 Beati
810 930 1009 968 Donatiani
1025 931 1239 982 Brugensis‚
1258 931 1304 968 atl
1323 944 1418 982 quos
1437 930 1599 981 receptio
1617 942 1731 967 cano-

197 989 366 1028 nicorum
386 990 424 1027 in
443 989 625 1040 praesenti
639 989 807 1035 eeclesia,
825 990 921 1027 sicut
933 989 1119 1035 asseritur,
1135 989 1311 1040 pertinet,
1325 989 1608 1026 reservationem
1623 1001 1732 1039 prae-

196 1047 339 1085 bendae
357 1047 538 1098 integrae,
557 1060 632 1084 non
650 1047 905 1093 sacerdotalis,
925 1048 963 1085 in
978 1048 1160 1099 praesenti
1180 1048 1330 1085 ecclesia
1349 1048 1521 1098 proximo
1538 1051 1731 1084 vacaturae

196 1105 296 1143 dicto
314 1105 490 1156 magistro
507 1105 686 1150 Johanni,
707 1105 791 1143 licet
809 1106 1047 1143 canonicatus
1067 1110 1102 1143 et
1121 1106 1351 1156 praebendas
1376 1106 1464 1143 alias
1489 1105 1671 1156 optinenti
1693 1104 1730 1141 in

196 1163 278 1202 aliis
295 1164 459 1202 ecclesiis
476 1164 717 1215 praenotatis,
741 1164 986 1202 conferendae
1009 1178 1029 1201 a
1056 1164 1156 1202 dicto
1183 1164 1337 1202 domino
1368 1165 1486 1215 legato
1514 1165 1663 1208 sactam2
1689 1176 1731 1200 ae

197 1222 385 1260 demtum
401 1222 449 1260 ab
462 1222 592 1259 eodem
610 1222 765 1260 domino
784 1223 902 1274 legato
920 1235 1032 1272 super
1046 1222 1117 1260 hoc
1131 1222 1407 1273 interpositum,
1422 1226 1533 1272 prout
1549 1221 1586 1258 in
1602 1221 1731 1258 litteris

197 1281 363 1330 ejusdem
391 1281 533 1318 domini
565 1281 671 1332 legati
699 1281 911 1318 continetur
936 1294 1124 1332 expresse,
1147 1281 1399 1331 significamus
1420 1280 1490 1317 hoc
1509 1280 1552 1316 ad
1575 1284 1730 1317 vestram

200 1339 366 1377 notitiam
395 1339 639 1393 perducentes
665 1339 966 1391 praesentialiter,
992 1353 1034 1377 ac
1065 1339 1283 1377 auctoritate
1315 1339 1431 1390 ipsius
1454 1338 1596 1375 domini
1625 1338 1730 1389 legati

199 1397 308 1435 nobis
325 1398 363 1434 in
384 1397 455 1435 hae
471 1402 574 1448 parte
595 1397 790 1435 commissa
813 1397 920 1435 vobis
946 1411 1117 1449 expresse
1147 1403 1184 1435 et
1204 1397 1412 1448 specialiter
1438 1397 1650 1434 inhibemus
1686 1409 1732 1432 ne

198 1468 423 1507 quemquam
444 1455 558 1493 allum
585 1455 629 1492 ad
658 1455 907 1506 praebendam
935 1455 1130 1506 integram„
1157 1469 1231 1493 non
1256 1455 1535 1500 sacerdotalemq
1562 1454 1732 1505 proximo

199 1515 236 1552 in
257 1513 438 1565 praesenti
455 1513 607 1552 ecclesia
621 1514 802 1564 Brugensi
817 1518 1046 1559 vacaturam2
1065 1527 1150 1551 cum
1167 1527 1247 1551 eam
1262 1526 1391 1550 vacare
1409 1513 1618 1562 contigerit,
1639 1511 1733 1548 reci-

200 1572 308 1623 piatis
325 1572 362 1610 in
387 1572 608 1611 canonicum
627 1577 663 1609 et
682 1572 718 1609 in
739 1573 887 1610 fratrem
901 1602 910 1618 ,
930 1573 1168 1610 decernentes
1182 1585 1330 1609 exnunc
1354 1571 1499 1608 irritum
1518 1575 1553 1607 et
1576 1570 1685 1606 inane
1702 1569 1731 1606 si

198 1630 291 1682 quid
310 1636 437 1667 eontra
462 1630 662 1681 praemissa
680 1631 737 1667 vel
763 1630 906 1682 aliquid
928 1631 1215 1680 praemissorum
1235 1644 1254 1666 a
1272 1629 1378 1666 vobis
1406 1628 1569 1665 dominis
1591 1627 1732 1664 decano

199 1693 234 1726 et
252 1689 414 1739 capitulo
435 1701 503 1738 per
520 1701 585 1725 vos
607 1687 663 1724 vel
689 1701 755 1738 per
777 1688 892 1724 alium
925 1688 1122 1738 contigerit
1149 1686 1358 1738 attemptari
1386 1700 1448 1724 seu
1474 1685 1551 1723 lieri
1579 1686 1614 1722 in
1643 1698 1734 1721 con—

202 1751 381 1797 temptum
416 1750 562 1783 nostrae
591 1745 864 1795 jurisdictionis
896 1758 958 1782 seu
989 1745 1238 1790 executionis,
1273 1750 1309 1782 et
1340 1743 1611 1795 praejudicium
1645 1743 1732 1780 dicti

202 1805 365 1856 magistr-i
386 1804 569 1842 Johannis
595 1817 659 1841 seu
684 1817 894 1855 gravamen.
915 1804 1144 1841 lntendimus
1169 1804 1352 1854 siquidem
1377 1804 1539 1853 praefato
1561 1802 1734 1851 magistro

200 1863 363 1902 Johanni
387 1863 433 1899 de
459 1863 556 1900 dicta
575 1863 805 1913 praebenda,
831 1876 915 1900 cum
945 1863 990 1899 ad
1019 1863 1055 1899 id
1083 1863 1235 1912 facultas
1261 1876 1298 1899 se
1316 1862 1507 1912 optulerit.v
1527 1860 1733 1911 providere,

202 1922 304 1973 quod
326 1921 502 1959 omnibus
525 1934 686 1972 quorum
711 1921 861 1959 interest
893 1926 1018 1959 tenore
1043 1918 1292 1972 praesentium
1319 1920 1543 1957 intimamus.
1571 1919 1609 1955 ln
1629 1918 1734 1966 cujus

204 1983 254 2019 rei
271 1983 544 2030 testimonium.v
563 1988 630 2020 etc.
648 1984 780 2020 Actum
801 1991 835 2020 et
849 1983 995 2029 datum„
1014 1988 1094 2027 etc„
1115 1983 1151 2020 iu
1172 1983 1333 2033 capitulo
1350 1982 1531 2032 praefatae
1547 1979 1734 2016 ecch-siae.

204 2043 459 2092 praesentibus
478 2042 618 2080 decano
635 2048 671 2080 et
689 2043 850 2093 capitulo
870 2043 1091 2080 memoratis.
