2184 3074
736 329 899 367 CODEX
923 330 1169 369 DUNENSIS.
1647 333 1716 371 ¹55

179 459 265 486 cum
296 461 363 499 per
387 448 456 486 Dei
487 448 643 499 gratiam
670 448 807 486 ostium
839 453 1002 486 vestrum
1033 449 1135 486 omni
1164 454 1287 500 pateat
1313 450 1538 496 transeunti,
1569 455 1605 487 et
1630 463 1714 487 cum

177 505 384 544 exhibeatis
410 519 476 545 vos
499 507 537 544 in
566 506 815 558 hospitalitate
840 507 1016 545 omnibus
1043 507 1212 546 liberales
1243 513 1316 546 tam
1344 508 1570 560 pauperibus
1601 521 1713 559 quam

177 564 375 611 divitibus,
415 565 605 603 caritative
634 565 838 603 necessaria
876 566 1149 613 ministrantes,
1184 571 1227 604 ut
1259 567 1461 605 admittatis
1491 567 1537 604 ad
1569 567 1716 604 confes-

179 622 323 661 sionem
341 636 387 662 ιω
408 635 550 661 sacram
574 623 875 668 communionem
902 628 938 661 et
959 624 1005 661 ad
1027 625 1235 675 sepulturas
1254 625 1416 676 hospites
1444 625 1657 676 peregrinos
1675 625 1714 662 in

180 681 413 720 monasteriis
432 681 564 720 vestris
587 681 626 718 in
651 682 867 720 infirmitate
884 683 1070 729 detentos,
1088 684 1185 721 sicut
1199 684 1376 722 haetenus
1395 684 1450 722 usi
1470 684 1567 730 estis,
1582 698 1715 735 quem-

178 739 383 777 admodum
408 739 446 776 in
465 740 611 778 statutis
630 740 740 778 vestri
759 741 903 778 ordinis
923 742 1153 789 continetur,
1181 743 1397 780 auctoritate
1417 743 1522 781 vohis
1541 756 1715 794 praesen—

178 797 270 836 tium
289 797 444 836 liberam
462 798 702 836 concedimus
720 799 942 837 facultatem.
961 800 1061 839 Nulli
1081 814 1187 851 ergo,
1206 806 1272 839 etc.

886 917 1003 925 η’.

880 1047 1004 1085 xcul.

395 1163 529 1200 Lectres
546 1163 590 1201 de
607 1165 837 1202 convocation
855 1178 903 1202 au
925 1165 1059 1202 concile
1073 1165 1281 1215 provincial
1297 1165 1341 1202 de
1357 1165 1477 1203 Senlis
1492 1168 1513 1202 ¹.

227 1385 235 1393 .
255 1385 263 1394 .
291 1357 337 1394 de
361 1357 496 1405 Cruce,
515 1359 778 1407 cancellarius,
799 1360 842 1398 G.
862 1361 908 1397 de
925 1360 1111 1398 Placentia
1128 1364 1164 1397 et
1176 1359 1219 1397 G.
1235 1359 1330 1406 de...,
1349 1359 1527 1410 sigillifer,
1542 1359 1710 1396 canonici

175 1414 445 1463 Tornacenses,
463 1418 656 1455 reverendi
675 1418 714 1455 in
735 1418 882 1456 Christo
899 1418 1013 1470 patris
1031 1422 1067 1455 et
1088 1418 1231 1456 domini
1254 1418 1397 1455 domini
1417 1419 1472 1463 G„
1490 1418 1557 1455 Dei
1578 1418 1711 1468 gratia,

174 1474 396 1512 venerabilis
421 1475 665 1514 Tornacensis
686 1477 851 1528 episcopi
871 1477 1000 1514 vicarii
1018 1477 1206 1527 generales
1224 1477 1262 1514 in
1287 1477 1543 1528 spiritualibus
1564 1482 1600 1513 et
1618 1481 1712 1513 tem-

175 1532 383 1583 poralibus,
405 1533 546 1572 decano
563 1534 842 1573 christianitatis
871 1535 1052 1586 Brugensi
1079 1535 1234 1573 salutem
1262 1536 1300 1572 in
1327 1536 1498 1573 Domino.
1529 1535 1711 1573 Noveritis

175 1603 242 1628 nos
257 1591 395 1629 litteras
413 1593 604 1630 reverendi
623 1593 660 1630 in
683 1593 832 1631 Christo
849 1593 964 1644 patris
978 1593 1120 1630 domini
1137 1593 1193 1639 G.,
1206 1594 1274 1630 Dei
1288 1594 1403 1645 gratia
1414 1623 1423 1641 ,
1438 1594 1711 1631 Suessionensis

175 1649 356 1700 episcopi,
375 1651 570 1701 recepisse,
592 1656 756 1689 tenorem
770 1652 836 1702 qui
851 1652 1020 1702 sequitur
1033 1651 1279 1688 continentes.

223 1708 447 1746 Reverendis
474 1709 512 1746 in
537 1709 684 1747 Christo
705 1710 874 1760 patribus
895 1709 1047 1747 caeteris
1074 1709 1266 1748 Remensis
1292 1709 1506 1760 provinciae
1528 1710 1708 1760 suffraga-

176 1766 254 1804 neis
276 1766 417 1813 Guido,
443 1767 680 1805 miseratione
705 1768 832 1806 divina
857 1768 1132 1806 Suessionensis
1158 1768 1369 1818 episcopus,
1397 1768 1551 1805 salutem
1579 1772 1615 1805 et
1631 1769 1710 1805 sin-

174 1837 296 1862 ceram
323 1825 360 1862 in
385 1825 548 1863 Domino
572 1826 773 1863 caritatem.
801 1826 981 1875 Quotiens
1010 1831 1213 1864 occurrunt
1238 1826 1383 1876 negotia
1411 1826 1647 1863 ecclesiarum
1675 1831 1710 1862 et

175 1896 418 1934 personarum
438 1884 788 1931 ecclesiasticarum,
812 1885 1026 1935 praesertim
1050 1884 1242 1922 Remensis
1268 1884 1481 1935 provinciae
1505 1884 1710 1921 libertatem

176 1945 212 1978 et
234 1942 538 1979 communitatem
564 1943 766 1994 tangentia,
792 1956 905 1994 super
928 1943 1067 1994 quibus
1098 1956 1165 1993 per
1195 1942 1440 1992 nosmetipsos
1467 1955 1628 1992 congrua
1653 1956 1711 1978 re—

176 1998 297 2036 media
324 2012 399 2036 non
425 2013 624 2050 possumus
644 2001 839 2047 adhibere,
863 2001 1125 2052 compellimur
1146 2000 1414 2037 venerabilium
1443 2000 1596 2036 fratrum
1623 2012 1711 2036 nos-

175 2062 318 2094 trorum
336 2059 528 2097 Remensis
547 2060 721 2098 ecclesiae
742 2061 1060 2111 suffraganeorum
1083 2064 1118 2096 et
1139 2064 1366 2096 caeterorum
1389 2058 1597 2108 praedictae
1622 2071 1710 2108 pro-

176 2116 319 2154 vinciae
339 2117 577 2156 subditorum
600 2133 712 2170 super
737 2119 1019 2157 imminentibus
1045 2118 1242 2155 consilium
1263 2123 1298 2154 et
1315 2117 1496 2154 auxilium
1522 2116 1710 2166 requirere

176 2180 212 2212 et
230 2175 375 2213 habere.
390 2178 484 2215 Cum
498 2178 624 2230 itaque
643 2193 755 2230 super
768 2179 910 2230 magnis
930 2183 965 2216 et
978 2178 1104 2215 arduis
1121 2191 1163 2214 ac
1181 2176 1399 2227 urgentibus
1418 2175 1574 2226 negotiis
1592 2175 1709 2212 eccle-

177 2233 314 2271 siarum
334 2235 548 2285 provinciae
575 2237 767 2275 Remensis
789 2237 997 2288 generalem
1016 2241 1152 2274 statum
1171 2249 1212 2272 ac
1230 2247 1471 2285 personarum
1490 2233 1710 2270 ceclesiasti-

177 2305 303 2329 carum
335 2293 522 2332 libertates
553 2299 589 2332 et
614 2296 897 2333 communitates
925 2309 999 2332 non
1015 2294 1250 2331 mediocriter
1264 2292 1518 2343 tangentibus,
1547 2304 1642 2342 quae
1672 2291 1708 2327 in

217 2402 223 2417 ¹
247 2403 283 2429 Ce
301 2403 403 2430 concile
421 2405 569 2439 provincial
587 2405 675 2440 parnlt
699 2406 774 2432 avoir
794 2405 865 2440 siege
887 2414 919 2431 en
970 2404 1070 2439 dvc-quc
1090 2405 1123 2430 de
1143 2405 1279 2438 Tournay.

179 2447 261 2475 1306.
292 2449 345 2476 Gui
374 2450 407 2476 de
433 2450 569 2485 Boulogne
594 2450 658 2477 e'iait
683 2451 698 2478 ὸ
724 2455 792 2478 cette
816 2451 920 2486 cpoquc
