2184 3074
499 226 572 272 438
1049 231 1210 270 conEx
1237 224 1482 270 DUNENSlS.

500 364 684 402 exponere
701 350 939 395 videbantur,
957 348 1100 399 quique
1118 348 1234 384 multa
1248 352 1284 384 et
1300 361 1450 398 magna,
1469 352 1544 384 tam
1563 348 1601 384 in
1615 347 1752 385 divinis
1766 348 1898 385 officiis
1916 359 2028 399 quam

501 410 539 447 in
554 409 706 459 jejuniis
726 412 762 445 et
775 408 856 445 aliis
871 406 1129 451 observantiis,
1147 405 1357 443 devotionis
1371 405 1476 456 signa
1489 405 1720 457 frequentius
1729 405 2031 456 praetendebant,

501 481 588 505 suae
618 467 671 504 sic
700 470 821 503 essent
841 465 969 502 salutis
993 465 1244 509 immemores,
1269 463 1372 514 quod
1400 463 1485 501 talia
1512 468 1786 514 perpetrarent,
1815 462 2031 513 hujusmodi

503 524 743 563 insinuationi
777 528 812 560 et
841 522 1017 559 delationi
1050 522 1234 572 ipsorum,
1261 521 1428 571 ejusdem
1457 521 1608 558 Domini
1635 521 1758 559 Nostri
1791 521 1971 572 exemplis
1991 525 2034 558 -et

500 584 698 621 canonicae
727 582 930 632 scripturae
955 580 1135 617 doctrinis
1159 580 1296 626 edocti,
1315 593 1442 617 aurem
1462 580 1652 617 noluimus
1678 580 1869 617 inclinare.
1889 579 2033 618 Deinde

500 655 585 679 vero
612 641 826 678 karissimus
850 639 949 676 filius
974 643 1098 676 noster
1120 638 1158 675 in
1185 638 1332 676 Christo
1350 638 1653 689 Philippussrex
1673 639 1900 676 Francorum
1924 638 2032 676 illus·

504 701 585 747 tris,
610 700 669 737 cui
700 699 827 736 eadem
855 698 1018 735 facinora
1048 698 1195 734 fuerant
1224 697 1413 742 nuntiata,
1440 710 1513 734 non
1545 701 1635 748 typo
1659 696 1853 742 avaritiae,
1874 709 1960 734 cum
1985 696 2032 733 de

504 758 612 795 bonis
630 757 926 807 Templariorum
945 755 1061 792 nichil
1079 755 1150 792 sibi
1169 751 1367 792 vendicare
1381 759 1445 792 aut
1462 754 1703 806 appropriare
1718 754 1900 800 intendat,
1918 754 2034 792 immo

503 830 551 866 ea⁴
567 815 675 852 nobis
700 819 736 851 et
757 814 942 852 Ecclesiae
966 827 1033 864 per
1054 813 1287 864 deputandos
1308 826 1420 864 super
1437 813 1508 850 hoc
1534 826 1554 850 a
1580 813 1690 850 nobis
1715 812 2036 858 amministranda,

503 873 761 925 gubernanda,
794 872 1045 910 conservanda
1075 877 1111 909 et
1133 872 1375 909 custodienda
1408 872 1609 909 liberaliter
1633 876 1670 908 et
1695 871 1826 908 devote
1854 872 1893 908 in
1923 883 2038 922 regno

506 946 572 971 suo
604 932 763 975 dimisit,
795 944 948 968 manum
979 944 1084 968 suam
1117 930 1253 967 exinde
1287 930 1447 968 totaliter
1475 930 1701 976 amovendo,
1731 929 1796 967 sed
1822 929 1908 966 fidei
1935 934 2038 966 orto-

505 992 624 1028 doxae
658 991 800 1027 servore
834 1002 988 1026 suorum
1023 988 1304 1039 progenitorum
1335 989 1433 1025 clara
1468 988 1622 1039 vestigia
1654 1001 1827 1039 sequens,
1862 1000 2038 1034 accensus

506 1051 552 1087 de
578 1049 789 1100 praemissis
819 1052 1001 1098 quantum
1030 1047 1129 1084 licite
1155 1047 1293 1097 potuit,
1319 1060 1357 1084 se
1381 1047 1586 1084 informans
1616 1046 1663 1083 ad
1693 1045 1972 1083 informandum
2001 1049 2041 1082 et

507 1108 766 1146 instruendum
797 1120 866 1144 nos
888 1120 1000 1157 super
1025 1106 1097 1142 hiis
1122 1106 1257 1143 multas
1279 1109 1315 1142 et
1341 1118 1492 1156 magnas
1523 1105 1633 1143 nobis
1663 1105 1946 1143 informationes
1973 1117 2040 1155 por

505 1181 591 1205 suos
617 1166 768 1203 nuntios
791 1171 827 1202 et
850 1165 988 1202 litteras
1012 1164 1221 1201 destinavit.
1241 1163 1396 1201 Infamia
1420 1177 1507 1201 vero
1532 1168 1660 1202 contra
1690 1163 1920 1214 Templarios
1941 1163 2040 1214 ipsos

506 1225 799 1262 increbrescente
817 1223 978 1261 validius
997 1237 1109 1274 super
1134 1223 1336 1260 sceleribus
1362 1222 1576 1269 antedictis,
1591 1227 1628 1259 et
1644 1223 1733 1274 quia
1757 1222 1867 1259 etiam
1887 1221 2041 1272 quidum

468 1315 481 1324 χ
502 1285 607 1321 miles
637 1284 803 1334 ejusdem
832 1283 991 1328 ordinis,
1019 1296 1172 1333 magnae
1198 1282 1403 1319 nobilitatis
1426 1287 1461 1319 et
1482 1282 1547 1333 qui
1573 1295 1649 1319 non
1671 1281 1762 1319 levis
1787 1280 1977 1331 opinionis
2002 1280 2040 1317 in

505 1343 604 1380 dicto
635 1342 767 1380 ordine
792 1342 1014 1387 habebatur,
1044 1354 1168 1378 coram
1196 1340 1305 1378 nobis
1331 1345 1471 1378 secreto
1492 1340 1639 1390 juratus
1670 1339 1844 1390 deposuit
1873 1338 1976 1389 quod
2003 1338 2041 1375 in

507 1401 717 1452 receptione
747 1401 902 1437 fratrum
934 1400 1023 1436 dicti
1051 1399 1194 1436 ordinis
1225 1399 1315 1436 haec
1338 1399 1569 1436 consuetudo
1602 1399 1657 1435 vel
1683 1398 1807 1435 verius
1831 1397 2040 1448 corruptela

509 1465 675 1498 servatur
691 1459 793 1510 quod
809 1459 855 1495 ad
870 1458 1081 1509 recipientis
1098 1457 1156 1494 vel
1175 1457 1221 1494 ab
1239 1471 1282 1494 eo
1296 1456 1462 1507 deputati
1478 1457 1769 1508 suggestionem,
1783 1457 1848 1507 qui
1863 1456 2043 1507 recipitur

509 1519 662 1557 Jhesum
687 1518 874 1556 Christum
898 1522 1021 1566 negat,
1039 1521 1074 1553 et
1099 1529 1211 1566 super
1236 1529 1384 1553 crucem
1408 1515 1480 1553 sibi
1501 1520 1685 1553 ostensam
1709 1515 1811 1566 spuit
1836 1515 1874 1552 in
1897 1515 2046 1566 vitupe-

512 1577 608 1613 rium
624 1576 809 1622 crucifixi,
826 1580 862 1613 et
878 1576 1061 1626 quaedam
1079 1575 1150 1611 alia
1169 1574 1310 1611 faciunt
1327 1574 1509 1625 recipiens
1525 1579 1561 1611 et
1575 1578 1744 1625 receptus
1758 1587 1854 1626 quae
1867 1585 1943 1610 non
1958 1579 2047 1612 sunt

511 1635 621 1681 licita,
640 1648 708 1672 nec
727 1635 910 1670 humanae
928 1632 1156 1670 conveniunt
1176 1632 1376 1679 honestati,
1392 1637 1508 1682 prout
1526 1632 1605 1682 ipse
1620 1636 1710 1669 tunc
1723 1633 1913 1670 consessus
1926 1632 2048 1673 extitit

513 1706 636 1730 coram
663 1693 784 1739 nobis,
811 1697 966 1742 urgente
990 1705 1058 1729 nos
1084 1691 1131 1728 ad
1157 1691 1195 1728 id
1221 1691 1334 1728 officii
1361 1691 1477 1728 nostri
1505 1691 1647 1738 debito,
1673 1691 1788 1728 vitare
1808 1691 2047 1742 nequivimus

513 1753 606 1802 quin
629 1756 683 1788 tot
703 1757 739 1787 et
763 1751 873 1787 tantis
895 1750 1122 1787 clamoribus
1147 1749 1475 1787 accomodaremus
1495 1749 1677 1786 auditum.
1697 1749 1769 1787 Sed
1793 1763 1878 1786 cum
1896 1750 2046 1786 demum

515 1811 611 1847 fama
627 1810 776 1860 publica
789 1809 975 1845 deferente
989 1821 1031 1845 ac
1043 1808 1205 1844 clamosa
1226 1807 1479 1844 insinuatione
1497 1807 1587 1844 dicti
1606 1807 1713 1858 regis,
1729 1820 1874 1844 necnon
1892 1807 2048 1853 ducum,

517 1869 695 1906 comitum
714 1874 750 1904 et
767 1867 950 1904 baronum
979 1879 1022 1903 ac
1049 1866 1207 1902 aliorum
1234 1866 1438 1912 nobilium,
1462 1866 1549 1902 cleri
1577 1878 1729 1916 quoque
1750 1870 1786 1902 et
1810 1865 1940 1916 populi
1958 1865 2048 1903 dicti

517 1927 619 1978 regni
635 1928 882 1972 Francorum,
901 1925 947 1962 ad
966 1930 1129 1962 nostram
1145 1928 1298 1975 propter
1312 1924 1402 1961 haec
1420 1929 1493 1961 tam
1512 1938 1579 1975 per
1595 1938 1634 1962 se
1653 1937 1768 1975 quam
1786 1938 1853 1975 per
1869 1937 2049 1975 procura-

519 1992 614 2024 tores
632 1991 668 2023 et
681 1985 843 2023 sindicos
859 1985 898 2021 in
917 1990 1081 2022 nostram
1097 1984 1343 2035 praesentiam
1361 1984 1608 2030 venientium,
1626 1983 1729 2034 quod
1743 1983 1911 2020 dolenter
1921 1983 2051 2020 referi-

519 2058 612 2090 mus,
628 2044 673 2080 ad
689 2049 852 2081 nostram
871 2043 1099 2079 audientiam
1114 2043 1342 2092 pervenisset
1354 2042 1457 2093 quod
1471 2043 1656 2093 magister,
1669 2046 1924 2093 praeceptores
1938 2047 1975 2079 et
1987 2043 2049 2080 alii

519 2104 646 2140 fratres
665 2102 752 2139 dicti
768 2102 911 2139 ordinis
930 2106 966 2138 et
978 2102 1057 2152 ipse
1071 2101 1180 2148 ordo,
1191 2101 1364 2151 praefatis
1378 2106 1414 2138 et
1428 2101 1600 2151 pluribus
1614 2101 1696 2138 aliis
1709 2100 1932 2138 criminibus
1947 2104 2052 2137 erant

520 2160 666 2205 irretiti,
686 2165 721 2197 et
739 2161 939 2211 praemissa
957 2174 1024 2211 per
1042 2160 1177 2197 multas
1196 2159 1464 2206 confessiones,
1483 2160 1732 2197 attestationes
1749 2164 1785 2196 et
1802 2158 2051 2209 depositiones

519 2219 671 2268 praefati
699 2219 863 2269 magistri
887 2225 923 2256 et
946 2219 1114 2270 plurium
1140 2223 1423 2269 praeceptorum
1450 2222 1485 2254 et
1510 2219 1667 2255 fratrum
1692 2217 1843 2255 ordinis·
1857 2216 2051 2267 praelibati

520 2290 643 2313 coram
672 2278 798 2314 multis
817 2278 989 2328 praelatis
1007 2282 1043 2314 et
1065 2277 1270 2314 haereticae
1288 2276 1480 2327 pravitatis
1502 2276 1724 2327 inquisitore
1742 2276 1780 2312 in
1801 2287 1916 2325 regno
1935 2274 2052 2311 Fran-

520 2348 649 2371 corum
678 2336 810 2381 factas,
835 2336 980 2373 habitas
1007 2341 1042 2372 et
1072 2340 1236 2385 receptas
1267 2339 1302 2372 et
1334 2335 1372 2371 in
1405 2335 1594 2385 publicam
1625 2334 1846 2384 scripturam
1871 2333 2053 2380 redactas,
