2184 3074
754 350 917 389 conssx
944 349 1188 388 DUNENSlS.
1671 351 1743 388 475

208 470 317 512 dictis
337 470 444 509 terris
469 470 708 522 acquirendis
729 470 813 520 jure
836 474 980 515 nostro„
1006 468 1035 506 si
1058 468 1149 518 quid
1177 467 1389 517 hujusmodi
1412 472 1530 504 terrac
1548 467 1593 504 ad
1612 467 1739 517 aliqua

210 529 334 567 brevia
348 535 473 568 nostra
487 530 666 568 solverint
678 530 734 567 vel
749 529 920 566 aliorum.

933 641 1049 652 -οοσυ-

869 774 1086 812 cccxxix,

207 895 328 933 Letere
352 894 396 932 de
422 894 584 945 l'official
607 894 652 932 de
674 894 851 944 Tournay
871 906 920 930 αιι
943 893 1040 943 sajet
1057 892 1100 929 de
1118 892 1154 929 la
1174 891 1313 941 plainle
1339 891 1382 928 de
1406 890 1515 928 l'abbe'
1538 890 1583 927 de
1586 917 1738 926 .......

255 959 376 991 contre
407 953 457 991 les
489 954 676 990 vexatione
706 952 768 990 des
802 951 965 990 eche-vius
997 957 1029 988 et
1059 951 1120 988 des
1144 952 1255 1001 juqes
1291 950 1431 1000 la'iques
1461 949 1511 986 du
1543 949 1668 986 Franc
1697 947 1741 984 de

256 1013 408 1063 Bruqes.

254 1175 434 1213 Officialis
450 1176 694 1213 Tornacensis
712 1175 888 1212 omnibus
914 1174 1127 1225 presbiteris
1145 1178 1181 1210 et
1198 1172 1399 1223 capellanis
1419 1171 1456 1208 in
1475 1170 1625 1221 dyocesi
1647 1170 1741 1207 Tor-

207 1233 355 1271 nacensi
374 1233 585 1271 constitutis
602 1233 648 1270 ad
665 1246 760 1284 quos
777 1237 986 1283 praesentes
999 1232 1142 1269 litterae
1157 1230 1407 1282 pervenerint,
1426 1230 1583 1267 salutem
1603 1228 1641 1265 in
1662 1228 1737 1265 Do-

207 1304 319 1329 mmo.

254 1350 412 1388 Gravem
430 1350 703 1401 querimoniam
726 1349 932 1399 recepimus
953 1362 999 1386 ex
1020 1353 1123 1400 parte
1146 1348 1306 1398 religiosi
1333 1347 1476 1384 domini
1496 1345 1640 1383 abbatis
1660 1358 1741 1382 mo-

230 1409 352 1446 asterii
377 1409 424 1446 de
442 1437 617 1455 ........
645 1409 788 1446 ordinis
812 1408 1079 1454 Cisterciensis‚
1103 1406 1347 1445 Tornacensis
1372 1405 1566 1456 dyocesis,
1593 1404 1740 1442 nomine

204 1469 261 1506 sui
276 1469 488 1506 monasterii
503 1469 612 1506 nobis
627 1469 804 1515 delatam,
821 1468 1072 1505 continentem
1091 1467 1193 1518 quod
1213 1466 1433 1504 Laurentius
1448 1493 1580 1502 ......
1598 1464 1740 1500 dictum

205 1527 375 1565 abbatem
396 1527 610 1578 religiosum
633 1527 757 1564 virum
780 1531 816 1563 et
841 1526 1129 1564 ecclesiasticum
1158 1524 1305 1562 vexavit
1326 1529 1362 1561 ct
1387 1528 1494 1561 vexat
1516 1522 1681 1560 indebite
1706 1526 1741 1558 ct

205 1586 375 1624 molestat
387 1599 453 1636 per
465 1585 637 1623 scabinos
650 1589 686 1622 et
699 1585 880 1635 laycalem
891 1584 1074 1634 justitiam
1094 1583 1224 1620 Franci
1236 1582 1358 1620 Officii
1370 1581 1582 1632 Brugensis„
1598 1580 1645 1617 ab
1660 1580 1740 1630 ipso

205 1641 338 1681 abbate
352 1648 388 1682 et
405 1644 514 1682 bonis
531 1644 608 1681 suis
625 1643 725 1681 dicto
739 1642 964 1680 monasterio
983 1655 1003 1679 a
1022 1642 1224 1688 Cliristina,
1240 1641 1315 1678 filia
1338 1640 1460 1678 clerici
1480 1639 1527 1677 de
1549 1639 1739 1684 Catheem,

207 1703 245 1739 in
259 1715 392 1753 puram
407 1701 646 1739 elemosinam
659 1701 817 1746 collatis,
837 1701 976 1738 talliam
995 1700 1199 1737 indebitam
1218 1698 1400 1749 exigendo
1418 1703 1453 1735 et
1466 1697 1740 1748 extorquendo,

204 1766 240 1798 et
257 1774 326 1811 pro
348 1774 389 1798 ea
413 1760 670 1812 extorquenda
694 1759 989 1810 adjornatffines,
1017 1759 1055 1796 in
1077 1772 1225 1796 causam
1251 1758 1464 1803 motiones,
1486 1770 1680 1808 processus
1704 1762 1739 1793 et

204 1819 436 1857 cohertiones
464 1819 685 1870 temporales
717 1823 846 1856 contra
873 1819 1017 1856 dictum
1043 1818 1215 1855 abbatem
1241 1817 1402 1868 graviter
1426 1815 1674 1867 opprimendo
1703 1820 1739 1852 et

204 1877 392 1928 fatigando
416 1877 512 1914 inl'ra
537 1877 727 1927 dyocesim
747 1877 1034 1921 Tornacensem,
1062 1876 1099 1913 in
1126 1875 1397 1926 praejudicium
1428 1879 1464 1912 et
1481 1879 1737 1925 contemptum

203 1935 469 1973 ecclesiasticae
483 1935 662 1973 libertatis
673 1964 682 1982 ‚
698 1935 881 1987 privilegii
896 1935 1091 1981 clericalis,
1110 1939 1256 1972 nostrae
1270 1933 1558 1983 jurisdictionis,
1572 1933 1737 1984 dictique

201 1994 345 2032 abbatis
366 1998 403 2031 et.
427 1994 640 2031 monasterii
671 1994 849 2045 praedicti
872 1994 1097 2045 dampnum,
1117 1993 1293 2042 injuriam
1322 1998 1357 2030 et
1380 2005 1578 2043 gravamen
1593 2021 1602 2037 ‚
1621 1991 1737 2037 unde,

204 2066 289 2090 cum
303 2053 518 2103 hujusmodi
538 2066 717 2104 personae
729 2053 922 2104 religiosae
940 2052 1206 2090 ecclesiasticae
1225 2051 1476 2101 jurisdictioni
1496 2050 1644 2088 subsint
1666 2050 1738 2087 im-

205 2111 363 2148 mediate
387 2124 473 2148 cum
493 2111 624 2148 effectu
637 2140 646 2158 ,
668 2111 847 2162 laicisque
865 2125 978 2162 super
995 2110 1162 2162 personis
1181 2115 1217 2147 ct
1235 2110 1345 2147 rebus
1363 2108 1616 2146 ecclesiasticis
1636 2109 1737 2146 nulla

204 2170 251 2206 sit
271 2169 447 2206 attributa
469 2170 641 2215 facultas,
664 2170 862 2220 dictusque
885 2170 1000 2207 abbas
1017 2169 1174 2206 offerens
1193 2182 1231 2205 se
1252 2173 1420 2218 paratum
1443 2180 1510 2218 pro
1531 2181 1569 2204 sc
1585 2172 1622 2204 et
1637 2167 1737 2204 dicto

205 2227 433 2266 monasterio
456 2241 524 2266 suo
555 2241 678 2266 coram
709 2233 804 2266 stare
826 2228 921 2278 juri,
949 2228 1058 2265 nobis
1086 2227 1276 2264 humiliter
1303 2226 1569 2277 supplicaverit
1596 2226 1667 2263 sibi
1700 2226 1737 2263 in

204 2286 415 2338 praemissis
431 2287 623 2324 subveniri
638 2302 645 2323 ε
670 2287 759 2324 hinc
777 2291 832 2325 est
850 2287 953 2338 quod
970 2300 1037 2324 nos
1055 2286 1134 2335 ejus
1146 2287 1268 2335 justae
1287 2284 1549 2335 supplicationi
1568 2297 1739 2322 annuen-

206 2351 274 2392 tes,
293 2345 409 2396 parati
428 2345 633 2396 unicuique
646 2344 830 2395 justitiam
845 2345 1040 2390 exhibere⁷
1061 2343 1167 2381 vobis
1185 2343 1361 2380 omnibus
1378 2347 1413 2379 ct
1429 2343 1584 2393 singulis
1604 2343 1642 2380 in
1662 2344 1739 2380 vir-

206 2408 282 2442 tute
298 2403 695 2442 sanctae-obedientiae
712 2408 748 2441 et
765 2404 836 2441 sub
855 2416 972 2454 poena
993 2402 1171 2440 canonica
1188 2401 1343 2438 tirmiter
1360 2406 1395 2438 et
1412 2401 1578 2438 districte
1596 2402 1739 2451 praeci-

205 2461 341 2513 piendo
367 2461 587 2499 mandamus
612 2466 795 2512 quatenus
820 2461 942 2499 statim
968 2461 1055 2498 visis
1084 2460 1213 2497 litteris
1241 2459 1482 2511 personaliter
1507 2459 1736 2506 accedentes,
