2184 3074
466 289 538 325 144
1018 289 1181 327 CODEX
1207 291 1453 329 DUNENSIS.

466 415 571 446 nere„
601 416 666 439 nos
693 404 844 439 meliore
866 417 931 453 per
951 404 1018 440 Dei
1041 405 1194 454 gratiam
1220 405 1257 441 in
1283 409 1471 455 posterum
1492 405 1679 442 arridente
1698 407 1863 454 fortuna„
1882 413 2000 445 totum

466 460 680 510 hujusmodi
697 466 876 498 terrarum
892 462 1053 512 pretium
1069 463 1106 498 in
1126 463 1369 500 haereditates
1383 464 1473 500 alias
1490 464 1763 502 commodiores
1776 470 1813 502 et
1826 466 2003 503 utilitates

463 519 560 556 bona
581 520 653 556 fide
667 520 920 570 promittimus
934 526 1174 558 commutare.

1160 787 1300 825 XCVH.

447 878 694 942 ¹Mandemenl
724 906 767 942 de
798 905 959 955 I'official
988 906 1031 943 de
1060 907 1164 943 Laou
1196 907 1328 956 relatis
1348 908 1371 944 ὰ
1401 921 1452 944 un
1483 907 1666 956 diffle'rend
1695 914 1795 945 entre
1823 907 1936 945 I’abbe'
1958 907 2002 944 de

946 968 1086 1005 Villers
1103 974 1136 1005 el
1153 968 1316 1019 l’official
1332 969 1376 1006 de
1395 970 1514 1019 Lie'qe.

513 1173 699 1210 Universis
721 1177 929 1223 praesentes
956 1172 1093 1209 litteras
1120 1172 1360 1222 inspecturis,
1379 1172 1547 1210 officialis
1569 1172 1825 1209 Laudunensis
1843 1173 1998 1209 salutem

461 1230 498 1267 in
518 1231 702 1267 Domino.⁴

508 1288 687 1325 Noverint
713 1288 876 1324 universi
898 1288 999 1338 quod
1027 1301 1111 1324 cum
1131 1287 1316 1325 discordia
1339 1292 1543 1325 verteretur
1569 1287 1665 1325 inter
1689 1288 1881 1338 religiosos
1901 1288 2001 1326 viros

459 1347 631 1383 abbatem
649 1352 684 1384 et
702 1351 926 1384 conventum
950 1347 1165 1384 monasterii
1186 1347 1434 1393 vinariensis,
1457 1347 1710 1384 Cisterciensis
1728 1347 1887 1392 ordinis,
1909 1347 2002 1384 Leo-

459 1405 597 1441 diensis
617 1405 802 1454 dyocesis]
826 1419 870 1441 ex
898 1410 1002 1455 parte
1022 1419 1112 1450 una,
1135 1410 1170 1442 et
1191 1406 1440 1442 venerabilem
1459 1405 1582 1442 virum
1601 1405 1796 1442 officialem
1816 1404 2002 1442 Leodien-

459 1479 555 1510 sem‚
583 1479 629 1502 ex
656 1466 788 1511 altera,
809 1478 934 1502 coram
962 1465 1135 1516 religioso
1158 1465 1239 1502 viro
1253 1465 1398 1503 -abbate
1424 1465 1637 1503 monasterii
1665 1465 1790 1502 Sancti
1817 1464 2001 1502 Johannis

461 1524 717 1561 Laudunensis
730 1553 739 1569 7
758 1537 902 1561 necnon
922 1524 1313 1561 venerabilibus-viris
1331 1529 1547 1561 succentore
1568 1536 1610 1560 ac
1628 1523 1805 1574 magistro
1824 1523 2000 1560 Anselmo

459 1583 504 1619 de
523 1583 712 1628 Flaciaco„
738 1583 918 1619 canonico
937 1582 1197 1625 Laudunensi,
1222 1582 1416 1632 judicibus
1440 1596 1459 1619 a
1479 1582 1633 1619 domino
1657 1595 1751 1633 papa
1770 1582 1886 1627 datis,
1909 1581 1999 1618 seria

459 1641 619 1677 secunda
639 1645 722 1691 post
739 1641 871 1677 festum
892 1641 1085 1677 beatorum
1105 1640 1359 1690 apostolorum
1386 1640 1482 1676 Petri
1509 1645 1546 1677 et
1566 1640 1671 1677 Pauli
1690 1640 1873 1690 assignata
1891 1639 2000 1682 dictis

459 1700 627 1750 partibus
646 1700 692 1736 ad
712 1699 940 1736 audiendum
956 1699 1018 1748 jus
1037 1713 1101 1736 seu
1119 1699 1358 1736 diffinitivam
1381 1699 1602 1736 sententiam
1622 1698 1847 1735 interdictas
1862 1702 1999 1749 partese

459 1759 625 1796 Garnero
647 1759 692 1795 de
711 1759 849 1807 Brayo,
874 1758 974 1795 fideli
1001 1758 1135 1795 clerieo
1158 1763 1302 1803 nostro,
1329 1770 1452 1794 coram
1473 1757 1582 1794 dictis
1596 1756 1790 1806 judicibus
1811 1761 2002 1807 praesente

458 1818 632 1868 vicesque
662 1822 805 1853 nostras
823 1821 972 1866 gerente
995 1821 1031 1852 et
1055 1830 1074 1852 a
1095 1816 1204 1853 nobis
1227 1816 1437 1866 specialiter
1462 1828 1586 1852 coram
1606 1815 1658 1852 eis
1676 1814 1806 1860 misso⁷
1832 1814 1922 1851 dicti
1937 1814 1996 1863 ju·

458 1876 574 1922 dices7
594 1889 662 1926 pro
681 1875 859 1912 tribunali
879 1875 1064 1920 sedentes,
1083 1883 1187 1912 suam
1208 1874 1429 1911 sententiam
1448 1874 1704 1925 protulerunt,
1729 1873 1886 1909 formam
1905 1886 2002 1923 quae

459 1935 629 1986 sequitur
652 1934 904 1971 continentem
928 1949 935 1970 ε
956 1934 1090 1971 Nostro
1115 1931 1161 1970 de
1185 1934 1292 1970 vultu
1319 1933 1385 1970 Dei
1410 1933 1557 1983 judicio
1582 1932 1818 1983 procedente.
1839 1960 1847 1967 .
1869 1960 1876 1967 .
1896 1959 1904 1968 .
1925 1931 1999 1969 Nos

459 1995 573 2031 abhas
600 1993 813 2031 monasterii
839 1993 1163 2031 Sancti—Johannis
1189 1997 1225 2029 et
1251 1998 1447 2030 succentor
1467 2006 1509 2029 ac
1535 1992 1709 2042 magister
1734 1990 1933 2027 Anselmus
1952 1990 2000 2026 de

459 2054 641 2098 Flauiano„
667 2052 868 2090 canonicus
893 2053 1067 2089 ecelesiae
1091 2051 1369 2098 Laudunensis,
1400 2064 1420 2087 a
1443 2050 1598 2087 domino
1628 2062 1723 2100 papa
1750 2048 1826 2085 dati
1853 2047 1999 2098 judices

458 2112 528 2148 sub
547 2111 615 2148 hae
634 2111 777 2147 forma:
802 2110 1014 2147 Bonifaeius
1032 2110 1228 2160 episcopus
1240 2139 1249 2155 7
1272 2123 1400 2146 servus
1418 2121 1611 2147 servorum
1635 2107 1703 2144 Dei
1715 2136 1725 2150 ,
1750 2106 1895 2143 dilectis
1913 2105 2000 2143 filiis

458 2170 582 2206 abbati
603 2170 815 2206 monasterii
835 2169 1160 2206 Sancti-Johannis
1186 2173 1221 2205 et
1239 2168 1469 2212 succentori,
1497 2181 1540 2204 ac
1563 2166 1740 2216 magistro
1760 2165 1936 2202 Anselmo
1953 2164 2000 2201 de

459 2228 645 2273 maciaco,
670 2228 850 2265 canonico
877 2228 1050 2265 eeclesiae
1075 2227 1351 2273 Laudunensis2
1374 2227 1531 2264 satutem
1558 2231 1594 2262 et
1619 2224 1861 2275 apostolicam
1885 2223 2001 2260 bene-

459 2286 671 2323 dictionem.
692 2286 764 2323 Sua
785 2287 893 2323 nobis
917 2286 1032 2323 abbas
1051 2291 1087 2323 et
1109 2292 1313 2323 conventus
1340 2285 1554 2322 monasterii
1582 2282 1831 2327 Viilariensis,
1859 2280 2000 2318 Cister-

460 2345 592 2382 ciensis
607 2344 764 2389 ordinis7
780 2344 991 2381 Leodiensis
1006 2344 1187 2394 dyocesis,
1203 2344 1382 2394 petitione
1396 2346 1652 2380 monstrarunt
1665 2340 1768 2391 quod
1782 2352 1867 2376 cum
1882 2338 1997 2376 abbas

459 2410 494 2441 et
512 2407 714 2440 conventus
739 2403 949 2438 monasterii
971 2402 1096 2439 Bonae
1119 2403 1220 2452 Spei,
1246 2401 1618 2439 praemonstratensis
1639 2398 1802 2444 ordinis,
1823 2398 1996 2434 Camera-

2176 2226 2184 2253 ω.
2176 2158 2184 2217 ’,Λ-
