2184 3074
443 303 515 338 214
991 303 1153 340 CODEX
1178 303 1427 341 DUNENSIS.

1127 466 1285 504 CXXXI.

468 584 560 620 Avis
582 583 633 619 dcc
649 581 918 632 jmisconsulte
942 583 1150 619 Bassianus
1170 585 1177 601 ¹
1208 595 1277 619 sur
1298 582 1348 619 les
1374 583 1488 620 droits
1512 583 1563 620 du
1586 590 1697 621 comte
1724 585 1767 622 de
1787 586 1954 624 Flandre

517 654 560 677 (m
585 654 621 677 ce
638 642 703 690 qui
725 639 849 677 toucke
867 640 916 677 les
940 640 1133 677 donations
1163 642 1446 678 testamentaires
1474 642 1518 679 de
1543 641 1642 680 biens
1661 644 1771 681 situesss
1793 657 1837 682 en
1860 651 1955 683 terre

517 711 686 735 θΊὶηθΊηῑθ.

491 869 611 918 Super
633 866 850 917 quaestione
875 878 972 916 quae
999 865 1211 902 vertebatur
1234 878 1358 902 coram
1387 865 1542 903 domino
1567 868 1701 904 comite
1727 868 1922 906 Flandriae
1944 874 1980 906 et

444 927 616 978 gentibus
640 926 715 963 suis
741 925 837 961 inter
855 927 1069 961 executores
1096 928 1400 960 testamentorum
1423 924 1618 975 quondam
1649 926 1779 963 talium
1802 931 1838 964 et
1854 931 1979 978 gentes

444 986 533 1022 dicti
560 985 702 1022 domini
735 983 896 1029 comitis2
928 983 993 1033 qui
1025 983 1124 1020 bona
1151 983 1337 1020 dictorum
1368 983 1499 1021 talium
1533 985 1685 1022 nomine
1715 985 1805 1023 dicti
1832 986 1979 1030 ,domini

443 1043 588 1081 comitis
602 1043 829 1087 sassiverant,
842 1041 907 1091 qui
923 1041 1101 1091 praedicti
1118 1045 1331 1078 executores
1346 1042 1522 1092 petebant
1533 1042 1631 1079 bona
1647 1043 1834 1081 dictorum
1850 1045 1978 1082 talium

441 1103 512 1140 sibi
528 1101 622 1138 tradi
639 1106 674 1137 et
687 1100 885 1137 deliberari
899 1113 966 1150 pro
981 1099 1229 1150 adimplendis
1244 1101 1470 1137 testamentis
1485 1114 1550 1138 seu
1568 1101 1710 1139 ultimis
1723 1103 1979 1140 voluntatibus

440 1161 656 1199 eorumdem
675 1174 717 1197 ac
735 1160 900 1209 ipsorum
917 1159 1214 1196 restitutionibus
1233 1159 1430 1206 faciendis,
1449 1164 1553 1210 parte
1566 1159 1655 1197 dicti
1671 1161 1814 1198 domini
1833 1161 1978 1199 comitis

441 1221 586 1258 dicente
611 1219 713 1270 quod
726 1219 824 1255 bona
842 1218 1029 1268 praedicta
1048 1218 1148 1255 dicto
1166 1218 1320 1255 domino
1338 1219 1464 1255 comiti
1488 1219 1627 1256 debent
1649 1220 1845 1270 applicari,
1869 1234 1914 1258 ex
1936 1233 1979 1258 eo

440 1278 542 1329 quod
562 1277 736 1314 haeredes
754 1277 921 1327 ipsorum
940 1277 1086 1323 talium,
1105 1282 1146 1313 ut
1164 1277 1313 1322 diciturq
1332 1281 1420 1314 sunt
1437 1282 1472 1314 et
1490 1277 1661 1315 habitant
1678 1278 1717 1315 in
1737 1282 1833 1316 terra
1851 1278 1980 1316 inimi-

439 1350 567 1374 corum
587 1349 740 1373 suorum
759 1340 793 1372 et
812 1336 979 1372 fecerunt
996 1349 1033 1372 se
1052 1335 1175 1372 hostes
1193 1340 1228 1372 et
1247 1335 1418 1373 inimicos
1438 1335 1527 1372 dieti
1547 1336 1690 1373 domini
1710 1337 1873 1384 comitis,
1892 1350 1978 1375 cum

440 1395 601 1432 inimicis
616 1395 692 1432 suis
706 1394 960 1431 conversando
975 1400 1010 1431 et
1024 1395 1218 1439 morando,
1233 1395 1432 1431 consilium
1447 1394 1591 1431 domini
1607 1395 1773 1433 Bassiani
1787 1400 1823 1433 et
1837 1395 1979 1443 talium7

438 1454 515 1491 visa
534 1454 653 1490 forma
673 1457 976 1490 testamentorum
996 1452 1180 1490 dictorum
1201 1453 1330 1490 talium
1349 1457 1385 1489 et
1398 1453 1549 1502 juribus
1568 1454 1731 1504 partium
1751 1454 1980 1506 deliberatis7

439 1513 484 1549 ad
503 1512 656 1562 plenum
676 1512 746 1548 tale
764 1516 818 1548 est
836 1527 842 1547 :
863 1511 1035 1547 videlicet
1056 1511 1158 1561 quod
1186 1515 1311 1561 gentes
1339 1511 1429 1548 dicti
1455 1511 1599 1548 domini
1618 1512 1765 1550 comitis
1785 1519 1981 1550 amoveant

439 1572 613 1609 saisinam
641 1571 679 1607 in
707 1570 814 1607 dictis
838 1570 948 1607 bonis
972 1570 1179 1620 appositam
1204 1584 1324 1620 usque
1345 1571 1390 1607 ad
1417 1571 1580 1608 valorem
1609 1571 1815 1621 legatorum
1841 1575 1877 1609 et
1900 1572 1980 1623 ipsa

439 1631 536 1668 bona
562 1630 756 1666 tradantur
776 1629 884 1666 dictis
907 1629 1169 1666 executoribus
1196 1642 1264 1679 pro
1291 1629 1541 1679 adimplendis
1563 1629 1705 1667 ultimis
1723 1630 1979 1682 voluntatibus

439 1690 623 1726 dictorum
643 1689 923 1734 defunctorum,
947 1701 1059 1738 super
1077 1687 1149 1724 hiis
1168 1687 1339 1724 videlicet
1362 1701 1458 1738 quae
1481 1688 1527 1724 ad
1553 1688 1634 1739 pias
1662 1701 1790 1726 causas
1813 1693 1980 1740 spectant

439 1753 474 1784 et
493 1747 618 1784 relicta
639 1751 745 1792 sunt7
764 1746 814 1782 ita
841 1751 963 1783 tamen
983 1745 1086 1796 quod
1106 1746 1152 1782 de
1170 1746 1429 1783 immobilibus
1449 1747 1577 1797 legatis
1602 1747 1674 1798 piis
1692 1747 1782 1784 locis
1801 1747 1866 1784 fiat
1887 1747 1979 1785 alie-

438 1806 558 1850 natio,
576 1804 781 1842 secundum
809 1804 911 1854 quod
937 1817 1026 1841 usus
1046 1804 1187 1854 patriae
1205 1809 1241 1841 et
1258 1805 1488 1842 consuetudo
1513 1805 1727 1856 requirunt,
1751 1805 1841 1854 item
1868 1806 1978 1844 etiam

438 1864 541 1916 quod
559 1864 605 1901 de
623 1863 674 1900 eis
692 1876 788 1912 quae
807 1876 874 1913 per
890 1867 1103 1900 executores
1122 1862 1221 1913 ipsos
1240 1867 1483 1913 exequentur7
1504 1863 1568 1901 [iat
1584 1864 1766 1915 scriptura
1779 1878 1848 1915 per
1861 1878 1923 1902 eos
1937 1869 1979 1902 ut

437 1937 504 1974 per
518 1923 591 1959 hoc
608 1926 782 1972 appareat
799 1927 834 1958 et
851 1936 1028 1972 apparere
1041 1922 1157 1973 possit
1175 1922 1212 1958 in
1227 1927 1416 1973 posterum
1439 1936 1486 1960 an
1507 1923 1692 1960 dictorum
1713 1923 1977 1961 defunctorum

439 1981 646 2018 voluntates
665 1985 701 2016 et
718 1993 830 2030 super
846 1980 985 2031 quibus
1001 1981 1138 2017 fuerint
1155 1986 1345 2028 executae7
1363 1981 1556 2019 residuum
1570 1995 1658 2019 vero
1669 1982 1855 2019 bonorum
1874 1979 1977 2034 quod

438 2040 608 2085 restabit,
627 2040 731 2076 factis
749 2039 1032 2077 executionibus
1051 2040 1265 2091 praedictis,
1291 2045 1480 2078 remaneat
1506 2041 1675 2078 saisitum
1696 2055 1809 2092 penes
1834 2042 1976 2080 dictum

438 2098 633 2134 dominum
652 2098 824 2134 comitem
845 2098 890 2134 ad
909 2111 1003 2148 opus
1024 2097 1226 2135 haeredum
1241 2099 1427 2136 dictorum
1443 2099 1586 2146 talium,
1601 2100 1652 2136 ita
1670 2101 1790 2150 quod,
1807 2101 1837 2138 si
1855 2101 1977 2139 redire

437 2157 624 2193 voluerint
644 2162 679 2193 et
701 2157 868 2194 habitare
887 2157 925 2194 in
945 2162 1038 2194 terra
1059 2157 1148 2194 dicti
1168 2158 1332 2205 comitis,
1355 2159 1452 2195 dicta
1472 2158 1571 2196 bona
1593 2172 1660 2209 per
1683 2159 1824 2196 dictum
1851 2160 1976 2197 domi-

438 2227 527 2250 num
541 2215 711 2252 comitem
727 2221 992 2253 conserventur
1006 2217 1162 2264 eisdem,
1182 2217 1284 2268 quod
1302 2218 1332 2254 si
1350 2218 1476 2255 venire
1491 2218 1698 2264 noluerint,
1713 2219 1813 2269 apud
1831 2219 1973 2257 dictum

477 2333 485 2346 ¹
508 2333 539 2358 M.
555 2333 587 2358 de
601 2333 716 2367 Savigny
731 2341 745 2359 a
759 2334 883 2360 consuere
898 2343 933 2360 un
946 2335 1067 2370 chapitre
1082 2336 1114 2362 dc
1131 2344 1179 2362 son
1230 2344 1265 2362 au
1277 2336 1340 2362 ΧΗε
1351 2336 1440 2369 siecle,
1452 2337 1470 2363 il
1486 2337 1543 2363 saut
1556 2345 1686 2372 supposcr
1697 2338 1762 2372 qu’il
1774 2338 1850 2372 s'agit
1861 2338 1896 2364 ici
1909 2338 1972 2365 d'un

438 2378 555 2404 Histoire
573 2379 609 2403 du
628 2379 699 2404 droit
719 2380 821 2405 romain
838 2388 871 2406 au
888 2389 985 2414 moyen
1008 2382 1055 2416 age
1070 2390 1103 2408 au
1123 2383 1180 2415 glo·
1230 2387 1307 2409 autre
1318 2384 1511 2418 jurisconsulte
1524 2388 1632 2419 portant
1646 2385 1670 2410 le
1684 2383 1769 2410 meme
1778 2392 1848 2410 nom.

438 2428 529 2450 satcur
539 2425 604 2450 Jcan
618 2425 774 2458 Bassianus3
786 2426 852 2452 mais
862 2434 964 2453 comme
977 2428 1086 2454 celui-ci
1098 2429 1181 2455 vivait
