2184 3074
763 315 925 354 CODEX
950 314 1194 354 DUNENSIS.
1696 322 1743 359 37

205 439 298 476 riam
325 438 565 476 Beatissimae
591 436 752 487 Virginis
770 435 920 481 Mariae,
939 434 1185 485 omniumque
1208 439 1437 482 sanctorum,
1458 437 1609 475 nomine
1633 444 1743 477 testa-

207 498 322 535 menti
347 510 411 534 seu
441 495 641 534 voluntatis
667 495 838 539 ultimae,
863 505 1104 543 quocumque
1129 498 1323 530 censeatur
1350 494 1517 542 nomine,
1543 509 1563 533 a
1591 511 1649 534 mc
1678 513 1743 549 per

203 560 412 606 praesentes
433 555 482 592 ob
500 554 646 592 animae
664 565 766 590 meae
783 552 938 589 salutem
963 551 1123 597 conditi,
1146 551 1306 588 ordinati
1328 557 1363 589 et
1388 553 1493 599 sacti,
1512 554 1576 600 do,
1600 556 1682 607 lego
1706 562 1742 595 et

204 614 376 665 relinquo
403 612 612 664 specialiter
641 610 808 662 personis
841 609 1069 660 pauperibus
1099 614 1134 646 et
1165 609 1236 660 piis
1271 610 1360 647 locis
1396 611 1491 648 infra
1523 615 1739 653 comitatum

204 671 420 716 Flandriae,
439 674 475 708 et
493 683 567 707 non
587 674 709 715 extra,
729 668 801 705 illis
820 667 992 705 videlicet
1016 667 1155 718 quibus
1181 668 1405 720 infrascripti
1429 677 1642 711 executores
1667 675 1738 711 mei

202 730 378 782 expedire
393 729 573 775 viderint,
592 733 628 765 et
644 741 737 779 quas
755 740 930 778 personas
948 740 1012 764 seu
1031 740 1127 777 quae
1148 727 1228 764 loca
1249 729 1365 779 magis
1384 731 1555 768 noverint
1573 731 1739 781 indigere

203 817 300 827 .....
320 788 518 839 capiendas
532 788 569 825 in
586 792 686 825 certo
700 788 782 824 loco
795 791 864 824 eta
879 787 987 824 certis
1002 786 1179 837 personis,
1195 792 1306 836 prout
1322 788 1359 825 in
1375 789 1506 827 litteris
1521 790 1593 829 hiis
1606 806 1738 832 annec-

200 847 338 894 tendis,
354 860 436 884 meo
454 851 490 884 et
507 845 649 883 domini
669 845 814 883 abbatis
832 845 879 882 de
897 844 1043 882 'rhosan
1064 844 1195 895 sigillis
1211 845 1417 896 signandis,
1436 848 1506 885 sub
1525 851 1737 891 testimonio

199 906 350 957 prioris,
369 905 576 956 supprioris
595 909 631 942 et
648 903 827 941 cellerarii
847 903 893 940 de
906 903 1072 949 Tliosan,
1087 902 1229 940 duxero
1248 905 1550 955 exprimendum,
1563 908 1737 948 dividen-

199 965 282 1011 das,
302 963 580 1001 distribuendas
597 967 633 1000 et
650 963 760 1000 etiam
779 961 1021 999 conserendas
1035 962 1144 1000 dictis
1159 964 1325 1013 personis
1339 969 1374 1001 et
1389 965 1459 1014 piis
1472 966 1578 1013 locis,
1592 981 1659 1018 per
1672 983 1736 1007 ve-

198 1025 380 1062 nerabiles
393 1025 440 1062 de
453 1025 574 1061 Dunis
589 1029 624 1061 et
637 1023 683 1060 de
697 1023 845 1060 'Phosan
859 1023 1023 1068 abbates,
1038 1023 1103 1073 qui
1119 1036 1220 1060 nunc
1233 1030 1319 1061 sunt
1335 1025 1391 1062 vel
1405 1026 1471 1076 qui
1486 1040 1554 1077 pro
1571 1032 1735 1079 tempore

197 1087 321 1129 erunt,
340 1083 469 1120 fratres
489 1082 597 1119 talem
617 1087 653 1118 et
671 1081 780 1118 talem
800 1080 1001 1118 monachos
1020 1081 1066 1117 de
1085 1109 1093 1118 .
1114 1109 1122 1118 .
1142 1110 1150 1118 .
1172 1112 1178 1118 .
1197 1086 1233 1118 et
1250 1082 1296 1118 de
1315 1111 1437 1129 .....
1456 1097 1550 1134 quos
1568 1099 1669 1123 meos
1687 1087 1733 1124 ad

197 1141 268 1179 hoc
291 1145 505 1178 executores
532 1140 707 1186 nomino,
726 1139 822 1190 eligo
846 1143 882 1176 et
903 1139 1106 1186 constituo,
1125 1140 1331 1178 concedens
1350 1141 1402 1178 eis
1419 1143 1566 1192 plenam
1585 1149 1622 1181 et
1639 1145 1734 1183 libe-

196 1213 274 1238 ram
298 1204 515 1251 potestatem
541 1199 678 1236 dictam
701 1211 885 1236 summam
913 1199 1092 1249 pecuniae
1118 1203 1228 1236 totam
1255 1199 1465 1248 dividendi,
1484 1202 1732 1242 distribuendi

195 1265 232 1297 et
248 1259 357 1297 etiam
378 1258 592 1296 conserendi
605 1287 614 1304 ,
633 1258 771 1308 quibus
790 1257 962 1294 videlicet
978 1271 1023 1294 ex
1043 1257 1152 1295 dictis
1175 1259 1342 1308 personis
1368 1265 1404 1296 et
1425 1261 1530 1307 locis,
1548 1267 1731 1312 quantum

195 1323 231 1356 et
254 1318 302 1355 ad
326 1331 438 1368 quem
459 1330 586 1363 usum,
612 1317 727 1367 magis
753 1316 916 1354 viderint
940 1322 1127 1367 oportere,
1152 1317 1201 1354 ita
1228 1318 1331 1368 quod
1353 1318 1382 1355 si
1407 1319 1542 1370 aliquis
1561 1333 1604 1357 ex
1623 1321 1732 1359 dictis

194 1376 387 1415 monachis
406 1376 588 1427 praesenti
609 1375 756 1426 negotio
776 1388 851 1412 non
873 1376 1058 1426 completo
1082 1376 1299 1423 decesserit,
1325 1377 1439 1415 abbas
1466 1379 1571 1428 cujus
1599 1394 1732 1418 mona-

193 1436 285 1474 chus
300 1435 431 1482 suerat,
444 1435 558 1472 alium
573 1435 620 1472 de
633 1434 826 1472 monachis
839 1435 915 1472 suis
926 1464 935 1481 ,
949 1435 1201 1472 discretiorem
1215 1449 1326 1486 quem
1342 1437 1487 1486 poterit,
1498 1438 1726 1489 subrogabit.

192 1494 238 1532 Et
254 1494 340 1531 volo
358 1493 461 1544 quod
479 1492 509 1530 si
529 1493 618 1530 haec
637 1506 809 1543 praesens
828 1492 1014 1529 ordinatio
1033 1506 1113 1530 mea
1127 1493 1212 1543 jure
1230 1507 1304 1530 non
1322 1494 1456 1540 valeat,
1476 1496 1727 1535 testimonium

191 1551 309 1588 valeat
322 1551 407 1601 jure
425 1551 564 1588 codicis
581 1563 646 1588 seu
661 1550 746 1600 jure
764 1550 964 1599 cujuslibet
976 1551 1126 1589 alterius
1141 1552 1293 1589 ultimae
1306 1553 1523 1598 voluntatis,
1543 1556 1727 1605 aequitate

191 1609 370 1647 canonica
395 1608 638 1655 concedente,
657 1609 755 1646 salva
779 1608 871 1645 mihi
895 1608 932 1645 in
952 1609 1128 1646 omnibus
1144 1615 1322 1660 potestate
1341 1611 1526 1657 mutandi,
1547 1613 1727 1660 addendi,

192 1668 387 1705 minuendi
403 1673 440 1705 et
453 1668 544 1705 haec
557 1669 706 1718 penitus
721 1668 938 1714 revocandi,
957 1668 994 1705 in
1014 1669 1219 1718 praesentia
1238 1674 1358 1706 tamen
1377 1674 1414 1706 et
1428 1669 1499 1707 sub
1518 1671 1727 1709 testimonio

192 1726 435 1764 discretorum
455 1731 492 1763 et
510 1726 755 1763 litteratorum
778 1726 943 1764 virorum
963 1731 998 1764 et
1014 1739 1088 1764 non
1107 1727 1223 1764 aliter.

890 1967 1034 2006 xxvu.

212 2074 269 2110 La
287 2078 453 2110 comtes-se
469 2073 691 2124 Marquerite
708 2079 741 2111 et
757 2074 789 2111 le
805 2081 916 2112 comte
934 2075 1029 2120 Gui,
1049 2087 1115 2112 son
1137 2075 1219 2125 fils,
1237 2075 1453 2126 confirment
1470 2076 1520 2113 les
1539 2075 1636 2114 biens
1653 2077 1698 2114 de

373 2130 534 2182 l'abbaye
560 2132 603 2169 de
634 2131 782 2170 Thosan
802 2139 835 2170 et
857 2133 892 2170 la
911 2139 1095 2182 prennem
1115 2147 1200 2171 sous
1226 2134 1308 2171 leur
1326 2136 1535 2183 protecu'on.

234 2315 308 2353 Nos
332 2316 549 2366 Margareta,
571 2317 767 2354 Flandriae
789 2323 825 2355 et
850 2319 1040 2368 Haynoiae
1062 2318 1268 2365 comitissa,
1294 2323 1330 2355 et
1355 2331 1422 2369 ego
1449 2319 1592 2365 Guido,
1619 2320 1719 2356 filius

185 2372 282 2423 ejus,
301 2387 422 2411 comes
440 2375 636 2412 Flandriae
653 2380 689 2412 et
711 2376 877 2413 marchio
901 2377 1181 2422 Namurcensis,
1202 2382 1331 2414 nolum
1355 2378 1510 2414 facimus
1537 2379 1719 2416 universis

187 2431 308 2481 quod,
326 2445 411 2469 cum
431 2433 592 2483 religiosi
612 2433 697 2481 viri,
722 2434 830 2471 nobis
853 2434 890 2471 in
919 2435 1065 2473 Christo
1095 2435 1298 2482 karissimi,
1323 2435 1437 2473 abbas
1457 2441 1492 2472 et
1515 2442 1719 2474 conventus
