2184 3074
465 310 536 348 190
1024 310 1185 347 CODEX
1212 312 1311 349 DUN
1315 312 1375 349 EN
1379 312 1456 349 SIS.

463 429 550 466 dare
569 428 720 464 indilate
738 426 1000 477 praecipiendo
1014 427 1213 464 abbatibus
1233 427 1345 464 totius
1364 429 1506 466 ordinis
1526 429 1775 480 singulariter,
1795 433 1866 469 sul)
1885 446 2002 483 poena

464 486 721 538 depositionis,
741 485 995 535 suspensionis
1019 489 1056 522 et
1078 486 1492 533 excommunicationis,
1521 487 1558 524 in
1582 488 1719 525 virtute
1742 495 1888 528 sanctae
1912 491 2004 528 obe-

463 547 640 591 dientiae,
659 546 762 596 quod
776 545 958 595 quiequid
976 546 1098 582 sciunt
1116 546 1162 582 de
1180 547 1390 597 praemissis
1409 552 1444 583 et
1462 547 1556 584 scire
1574 553 1750 598 poterunt
1768 563 1834 599 per
1851 549 2004 600 deposi—

465 605 602 642 tionem
621 603 857 641 subditorum
878 616 1030 640 suorum
1050 604 1096 640 ad
1116 604 1187 641 hoc
1205 605 1634 655 specialiterjuratorum
1655 607 1708 644 eis
1727 607 1808 644 sine
1825 607 2003 645 dilatione

465 663 680 700 rescribant.

514 721 605 757 Dico
624 721 776 770 insuper
803 720 954 757 nomine
979 733 1055 770 quo
1081 734 1192 770 supra
1217 726 1253 757 et
1280 735 1324 757 ex
1348 727 1451 772 parte
1475 722 1661 760 dictorum
1691 725 1870 767 abbatu·
1901 726 2004 776 quod

464 780 580 830 parati
599 785 687 816 sunt
704 779 792 815 dicti
813 779 964 815 abbates
983 779 1155 815 ordinare
1174 779 1344 816 abbatem
1366 780 1528 831 aliquem
1550 781 1587 818 in
1606 783 1774 832 qualibet
1791 784 2003 834 provincia,

463 838 528 888 qui
544 838 590 875 ab
604 837 684 874 aliis
699 837 898 874 abbatibus
917 836 1083 886 ejusdem
1100 838 1314 888 provinciae
1331 839 1485 889 recipiet
1498 846 1769 878 sacramentum
1788 842 1835 879 de
1847 843 2003 880 dicenda

463 910 575 946 super
600 895 810 946 praemissis
836 895 1001 945 plenaria
1026 896 1195 942 veritate,
1222 897 1286 946 qui
1315 897 1508 941 ordinatus
1533 899 1580 934 ad
1604 899 1675 935 hoc
1699 900 1769 936 sub
1794 901 2004 952 praemissis

464 955 594 1005 poenis
611 954 714 1004 quod
733 953 935 998 invenerit,
955 953 1107 990 indilate
1125 955 1263 991 eisdem
1285 955 1474 992 rescribat.

511 1013 604 1049 Dico
631 1012 740 1048 etiam
769 1011 888 1048 eidem
914 1012 1088 1061 magistro
1118 1013 1268 1049 nomine
1298 1026 1373 1062 quo
1402 1028 1513 1064 supra
1546 1016 1648 1065 quod
1678 1017 1707 1052 si
1737 1017 1815 1067 ipse
1846 1017 2004 1064 videret,

461 1071 570 1108 sciret
588 1071 644 1107 vel
664 1071 838 1121 cogitaret
853 1071 966 1107 alium
990 1072 1144 1107 modum
1165 1071 1372 1121 indagandi.
1385 1079 1567 1123 quantum
1591 1075 1637 1111 de
1650 1075 1838 1125 praedicta
1861 1076 2003 1113 decima

462 1129 699 1166 recollectum
728 1134 837 1173 esset,
869 1133 904 1166 et
927 1130 1026 1179 apud
1054 1143 1148 1180 quos
1175 1135 1210 1166 et
1235 1131 1273 1166 in
1304 1131 1443 1181 quibus
1470 1133 1559 1169 locis
1588 1133 1799 1183 depositum
1826 1139 1919 1172 esset
1940 1148 2004 1172 seu

462 1187 756 1232 commodatum,
776 1192 811 1224 et
829 1188 894 1238 qui
915 1193 1002 1224 sunt
1021 1188 1074 1224 illi
1093 1189 1157 1239 qui
1180 1202 1252 1225 non
1273 1191 1478 1236 solverunt,
1499 1191 1605 1228 illum
1624 1192 1776 1229 modum
1797 1192 1936 1230 diceret
1953 1194 2004 1231 eis

461 1246 597 1296 paratis
612 1246 688 1295 jani
709 1246 954 1283 incontinenti
969 1247 1169 1297 procedere
1189 1248 1225 1284 in
1241 1249 1318 1297 jam
1334 1249 1431 1286 dicta
1451 1250 1695 1300 inquisitione
1716 1251 2003 1300 juxta'l'ormam

462 1318 590 1355 lpsms.
1383 1313 1391 1322 '

512 1363 604 1399 Dico
624 1363 777 1414 insuper
801 1364 951 1400 nomine
979 1378 1053 1414 qno
1082 1379 1193 1415 snpra
1217 1366 1335 1403 dictos
1357 1366 1509 1404 abbates
1535 1380 1612 1404 esse
1636 1373 1783 1418 paratos
1805 1369 1885 1406 sine
1907 1369 2004 1406 dila-

462 1422 561 1458 tione
579 1422 626 1458 al)
645 1421 717 1458 illis
736 1422 934 1459 abbatibus
961 1423 1025 1472 qui
1053 1423 1088 1458 in
1111 1437 1224 1473 regno
1244 1425 1421 1460 Franciae
1433 1419 1544 1472 sunt,
1563 1431 1835 1463 sacramentum
1855 1427 2003 1478 exigere

405 1502 409 1506 -
461 1495 527 1531 per
545 1494 582 1517 se
596 1485 636 1517 'et
653 1494 718 1530 per
732 1481 822 1518 alios
833 1510 841 1526 ,
860 1481 906 1517 de
924 1481 1080 1517 dicenda
1100 1495 1212 1532 super
1226 1483 1436 1533 praemissis
1452 1488 1486 1520 et
1501 1497 1630 1521 eorum
1645 1485 1818 1534 quolibet
1834 1486 2001 1536 plenaria

458 1540 625 1585 veritate,
645 1544 680 1576 et
697 1540 799 1590 quod
819 1539 984 1576 invenire
1003 1540 1184 1589 poterint,
1204 1542 1406 1578 rescribere
1429 1547 1464 1578 et
1482 1542 1654 1579 intimare
1681 1542 1800 1580 eidem
1822 1544 1998 1595 magistro

459 1604 494 1636 et
519 1599 671 1635 domino
699 1612 830 1649 papae,
863 1612 1075 1649 proponens
1106 1600 1208 1650 quod
1236 1600 1351 1650 parati
1385 1606 1471 1637 sunt
1501 1601 1590 1638 dicti
1623 1601 1774 1639 abbates
1807 1602 2002 1640 consimile

460 1663 730 1694 sacramentum
750 1658 895 1708 exigere
913 1659 959 1694 ab
979 1659 1154 1695 omnibus
1174 1659 1239 1709 qui
1267 1659 1312 1695 ad
1340 1659 1554 1709 proximum
1575 1659 1781 1710 capitulum
1807 1665 1894 1698 sunt
1913 1666 2003 1698 ve'n—

459 1717 544 1762 turi,
564 1721 695 1753 etcum
711 1716 813 1753 omni
828 1716 1017 1766 diligentia
1033 1730 1145 1767 super
1159 1717 1369 1767 praemissis
1384 1718 1431 1754 ab
1448 1718 1592 1755 eisdem
1609 1719 1798 1769 requirere
1811 1720 2000 1757 veritatem

460 1775 751 1825 patefaciendam
770 1775 943 1815 eidemtet
961 1775 1115 1812 domino
1135 1789 1269 1826 papae,
1287 1789 1431 1812 necnon
1453 1777 1562 1813 etiam
1582 1782 1713 1814 cuncta
1732 1778 1879 1828 quaein
1895 1791 2002 1816 man-

459 1833 546 1869 dato
564 1833 766 1882 apostolico
784 1847 896 1883 super
913 1834 1124 1883 praemissis
1150 1838 1238 1870 sunt
1260 1839 1432 1871 contenta
1451 1835 1507 1871 vel
1537 1848 1724 1885 expressa,
1743 1835 1849 1884 juxta
1875 1848 2000 1885 posse,

460 1892 561 1928 omni
582 1904 683 1928 mora
708 1896 889 1937 cessante,
909 1892 1079 1928 effectum
1105 1893 1345 1939 de1nanda1·e;
1365 1900 1401 1930 et
1420 1894 1559 1930 idcirco
1579 1907 1664 1930 cum
1684 1894 1753 1943 ipsi
1782 1907 1856 1931 non
1882 1894 2000 1945 negli—

458 1955 566 2002 gant,
587 1964 654 1987 nec
673 1951 902 2000 neglexerint
924 1951 1140 1988 mandatum
1161 1952 1404 2002 apostolicum
1425 1953 1557 2003 exequi
1573 1952 1680 2002 juxta
1703 1965 1826 2002 posse,
1853 1957 1887 1989 et
1913 1966 1998 1989 cum

460 2010 529 2060 ipsi
547 2023 695 2046 omnem
710 2009 940 2059 diligent-iam
954 2023 1067 2060 quam
1083 2015 1286 2060 potuerunt
1305 2010 1482 2047 adhibere
1500 2025 1612 2062 super
1631 2010 1874 2062 inquisit-ione
1891 2024 1999 2062 prae-

460 2069 677 2114 missorum,
695 2081 715 2104 a
731 2072 895 2118 tempore.
914 2068 1135 2117 receptionis
1155 2069 1347 2118 apostolici
1367 2069 1530 2106 mandati
1551 2069 1806 2106 adhibuerunt
1823 2070 1999 2107 continue

459 2133 494 2164 et
517 2128 719 2165 adhibeant
746 2128 983 2173 incessanter,
1008 2133 1044 2164 et
1065 2141 1240 2178 operosae
1266 2129 1529 2166 sollicitudinis
1552 2129 1718 2166 studium
1745 2129 1782 2166 in
1809 2133 1997 2180 posterum

460 2186 615 2222 firmiter
630 2186 806 2222 adhibere
824 2191 1054 2236 proponant,
1075 2187 1190 2223 nichil
1210 2187 1256 2223 de
1275 2188 1576 2237 contingentibus
1595 2188 1850 2234 obmitlentes,
1870 2201 1916 2224 ne
1933 2201 1998 2224 vos

458 2249 585 2280 contra
610 2258 671 2281 eos
695 2245 752 2280 vel
777 2245 946 2281 ordinem
979 2245 1163 2295 ipsorum,
1192 2247 1249 2282 vel
1274 2247 1436 2297 aliquem
1463 2247 1515 2283 eis
1543 2246 1774 2295 subjectum,
1805 2245 1998 2282 occasione

458 2302 744 2351 praemissorum
764 2303 907 2353 aliquid
925 2304 1163 2354 attemptetis,
1189 2304 1226 2340 in
1253 2305 1324 2342 hiis
1342 2305 1489 2356 scriptis
1508 2305 1553 2341 ad
1574 2305 1707 2342 Sedem
1724 2303 1996 2354 Apostolicam,

459 2360 610 2397 nomine
639 2362 896 2409 procuratorio
923 2362 1090 2412 ipsorum
1115 2368 1151 2400 et
1175 2377 1244 2414 pro
1271 2364 1361 2414 ipsis
1391 2365 1555 2415 appello,
1587 2376 1801 2415 supponens
1833 2363 1932 2413 ipsos
1961 2367 1995 2398 et

458 2417 628 2454 ordinem
647 2431 771 2464 suum,
795 2424 830 2455 et
852 2420 1037 2469 subjectos
1055 2435 1160 2467 suos,
1180 2427 1215 2459 et
1234 2423 1330 2460 bona
1349 2436 1414 2460 sua
1433 2423 1627 2460 beatorum
1647 2422 1744 2459 Petri
1771 2426 1806 2458 et
1830 2421 1935 2457 Pauli
1961 2426 1996 2457 et
