2184 3074
425 250 498 287 274
977 251 1137 289 CODEX
1166 252 1410 291 DUNENSIS.

425 368 583 405 articulo
601 369 720 405 eidem
746 368 822 418 regi
847 367 1071 418 apostolicae
1094 368 1326 405 liberalitatis
1351 368 1533 405 auxilium
1553 360 1828 419 impendamus,
1847 368 1966 419 ipsius

426 426 522 476 regis
540 426 682 463 devotis
706 425 1043 476 supplicationibus
1064 426 1248 470 inclinati,
1272 425 1485 463 celsitudini
1510 426 1631 476 regiae
1651 439 1782 463 omnes
1805 427 1966 473 fructus,

427 485 595 522 redditus
614 490 649 522 et
666 489 868 535 proventus
890 497 932 521 ac
954 484 1199 521 obventiones
1223 484 1410 534 quaslibet
1430 484 1542 535 primi
1561 484 1649 521 anni
1668 484 1837 522 omnium
1858 497 1967 535 prae-

426 543 699 594 positurarum,
734 543 1001 588 decanatuum,
1035 542 1419 592 archidyaconatuum
1455 547 1492 580 et
1521 543 1678 580 aliarum
1713 543 1970 593 quarumlibet

425 601 649 652 dignitatum
668 601 1020 648 ecclesiasticarum,
1041 601 1441 652 archiepiscopatibus,
1460 601 1736 652 episcopatibus
1757 614 1800 638 ac
1817 613 1969 638 monas-

426 661 528 697 teriis
551 674 616 697 seu
642 660 802 697 abbatiis
824 660 1019 696 dumtaxat
1046 660 1228 710 exceptis,
1260 664 1296 697 et
1322 660 1619 710 praebendarum
1639 673 1681 697 ac
1698 660 1966 711 beneficiorum

426 719 595 756 omnium
612 732 708 769 quae
726 719 765 755 in
784 731 898 768 regno
917 719 1014 769 ipso,
1033 718 1222 768 praedicta
1240 731 1372 769 guerra
1393 718 1571 765 durante,
1598 732 1729 756 vacare
1753 718 1967 769 contigerit,

426 777 463 814 in
483 777 757 827 praedictarum
772 790 1019 827 expensarum
1035 777 1264 824 subsidium,
1283 791 1350 827 per
1368 781 1511 815 nostras
1530 777 1668 815 litteras
1682 777 1729 814 de
1741 777 1858 828 gratia
1876 790 1968 815 con-

426 834 601 871 cessimus
623 835 790 885 speciali,
816 835 965 885 proviso
985 835 1087 885 quod
1107 836 1255 873 interim
1285 836 1483 887 dignitates
1502 841 1537 873 et
1552 836 1732 874 beneficia
1751 835 1974 886 hujusmodi»

425 893 560 930 debitis
585 906 658 930 non
684 893 903 930 fraudentur
929 893 1141 944 obsequiis,
1167 899 1203 931 et
1228 895 1437 932 animarum
1470 908 1558 932 cura
1589 895 1627 931 in
1657 894 1709 932 eis
1735 894 1875 945 quibus
1905 895 1969 932 illa

426 952 612 1000 imminet,
631 954 841 990 nullatenus
862 953 1080 1004 negligatur.
1098 954 1281 1002 Quocirca
1300 954 1523 992 discretioni·
1533 958 1674 992 vestrae
1688 967 1755 1004 per
1767 953 1970 1004 apostolica

425 1012 561 1062 scripta
581 1013 802 1050 mandamus
821 1017 1006 1063 quatenus
1029 1027 1094 1050 vos
1113 1014 1170 1050 vel
1190 1014 1266 1050 duo
1284 1019 1348 1051 aut
1365 1027 1464 1051 unus
1485 1018 1648 1051 vestrum
1668 1027 1734 1064 per
1748 1026 1815 1050 vos
1829 1013 1887 1050 vel
1904 1025 1971 1063 per

424 1069 539 1107 alium
559 1076 622 1107 aut
646 1071 738 1108 alios
756 1072 965 1122 praedictos
990 1073 1151 1117 fructus,
1176 1073 1342 1110 redditus
1368 1086 1432 1110 seu
1451 1077 1654 1123 proventus
1679 1071 1820 1109 faciatis
1846 1061 1966 1107 eidem

425 1129 499 1179 regi
524 1129 581 1166 vel
601 1130 716 1180 ipsius
740 1131 972 1181 procuratori
996 1144 1060 1167 seu
1085 1131 1217 1168 nuntio
1240 1132 1320 1181 ejus
1343 1131 1495 1168 nomine
1510 1132 1618 1180 juxta
1642 1129 1860 1180 hujusmodi
1881 1141 1970 1166 nos-

425 1191 501 1223 trae
520 1189 769 1226 concessionis
797 1194 962 1226 tenorem
982 1189 1123 1240 integre
1142 1190 1362 1236 ministrari,
1381 1190 1671 1227 contradictores
1689 1202 1756 1239 per
1773 1199 1967 1225 censuram

424 1246 724 1293 ecclesiasticam,
751 1248 1000 1298 appellat-ione
1030 1248 1254 1298 postposita,
1285 1248 1579 1298 compescendo,
1608 1248 1780 1285 invocato
1806 1246 1853 1283 ad
1880 1245 1967 1291 hoc,

425 1304 455 1341 si
480 1317 574 1354 opus
602 1306 731 1351 fuerit,
758 1306 899 1342 auxilio
918 1306 1059 1343 brachii
1080 1307 1274 1353 secularis,
1301 1321 1376 1344 non
1396 1307 1632 1344 obstantibus
1654 1307 1684 1344 si
1711 1305 1879 1357 personis
1897 1304 1967 1341 ali-

424 1363 581 1413 quibus,
601 1364 860 1415 cujuscunque
885 1366 1092 1416 dignitatis,
1120 1367 1281 1414 ordinis,
1309 1367 1535 1404 conditionis
1562 1371 1626 1403 aut
1648 1371 1763 1404 status
1790 1364 1967 1409 existant,

425 1434 445 1458 a
464 1421 557 1459 Sede
575 1423 788 1473 Apostolica
807 1424 855 1461 sit
873 1424 1062 1462 indultum
1085 1426 1188 1476 quod
1210 1426 1255 1462 ad
1277 1426 1533 1463 exhibendum
1557 1425 1667 1462 alicui
1687 1437 1752 1462 seu
1777 1423 1968 1473 aliquibus

426 1480 567 1517 fructus
585 1487 620 1518 et
637 1487 841 1532 proventus
865 1483 1015 1521 eosdem
1041 1484 1197 1521 minime
1226 1489 1433 1531 teneantur,
1457 1484 1636 1535 quodque
1659 1483 1706 1520 ad
1732 1482 1770 1519 id
1795 1480 1968 1532 compelli

425 1552 490 1576 seu
509 1541 611 1590 quod
631 1541 819 1589 interdici,
839 1543 1015 1593 suspendi
1040 1544 1097 1580 vel
1123 1543 1440 1580 excommunicari
1475 1556 1550 1580 non
1574 1542 1719 1593 possint
1743 1554 1809 1593 per
1830 1539 1970 1577 litteras

427 1597 548 1635 dictae
566 1600 671 1637 Sedis
691 1614 765 1637 non
782 1601 957 1638 facientes
976 1602 1124 1652 plenam
1140 1607 1175 1638 et
1188 1615 1399 1653 expressam
1415 1601 1461 1638 de
1476 1601 1623 1638 indulto
1638 1599 1855 1650 hujusmodi
1871 1612 1972 1636 men-

427 1657 586 1704 tionem,
606 1664 639 1695 et
658 1660 824 1709 qualibet
852 1660 923 1696 alia
946 1661 1131 1711 praefatae
1156 1661 1260 1699 Sedis
1285 1660 1517 1711 indulgentia
1543 1659 1705 1710 generali
1726 1659 1784 1696 vel
1803 1654 1971 1710 speciali,

427 1715 687 1767 cujuscunque
711 1719 848 1755 tenoris
870 1719 927 1755 vel
952 1720 1201 1769 expressionis
1226 1720 1377 1766 existat,
1401 1733 1467 1770 per
1486 1732 1599 1770 quam
1619 1717 1877 1768 praesentibus
1896 1729 1971 1754 non

429 1779 714 1827 expressam-vel
736 1779 896 1816 totaliter
919 1793 994 1816 non
1014 1780 1189 1817 insertam
1209 1780 1360 1817 effectus
1386 1792 1514 1816 earum
1539 1778 1713 1829 impediri
1735 1778 1853 1828 possit
1875 1790 1974 1828 quo-

429 1837 637 1874 modolibet
654 1838 710 1874 vel
729 1838 888 1884 differri,
907 1844 943 1875 et
962 1839 1008 1875 de
1025 1852 1102 1889 quo
1117 1839 1154 1875 in
1174 1839 1304 1876 litteris
1324 1838 1459 1875 nostris
1478 1838 1626 1888 plenam
1647 1841 1683 1874 et
1699 1850 1910 1888 expressam
1930 1849 1973 1873 ac

431 1895 478 1931 de
491 1895 607 1932 verbo
626 1896 672 1933 ad
691 1897 847 1933 verbum
867 1902 1013 1947 oportet
1031 1898 1110 1934 fleri
1131 1899 1367 1935 mentionem.

480 1956 618 2007 Datum
637 1957 737 2007 apud
757 1957 893 1994 Urbem
914 1958 1098 2004 Veterem,
1122 1958 1151 1995 V
1176 1959 1259 1995 idus
1278 1959 1444 2009 augusti,
1471 1957 1709 2009 pontificatus
1735 1958 1858 1994 nostri>
1875 1970 1974 1995 anno

432 2015 551 2052 tertio.

484 2076 577 2112 Cum
605 2076 720 2126 igitur
738 2089 807 2127 pro
826 2081 1000 2113 contento
1021 2076 1057 2112 in
1085 2076 1342 2127 praesentibus
1369 2076 1500 2114 litteris
1523 2089 1589 2113 vos
1615 2076 1661 2112 ad
1687 2076 1774 2113 tales
1799 2076 1975 2126 dyoceses

433 2134 708 2183 providerimus
726 2135 988 2182 destinandos,
1010 2136 1116 2172 vobis
1135 2141 1263 2172 tenore
1281 2136 1531 2186 praesentium
1552 2135 1772 2173 mandamus
1791 2139 1975 2186 quatenus

437 2206 565 2230 omnes
586 2195 743 2239 fructus,
770 2195 938 2232 redditus
963 2200 999 2232 et
1015 2200 1219 2246 proventus
1238 2200 1273 2232 et
1290 2195 1534 2232 obventiones
1553 2195 1739 2246 quaslibet
1756 2195 1867 2245 primi
1886 2193 1974 2231 anni

433 2252 700 2290 beneficiorum
721 2254 892 2304 superius
907 2268 1166 2304 expressorum
1181 2268 1277 2305 quae
1296 2255 1305 2291 i
1312 2268 1334 2291 n
1349 2255 1458 2291 dictis
1475 2253 1622 2291 civitate
1636 2258 1671 2291 et
1683 2252 1833 2303 dyocesi
1846 2264 1976 2288 vacare

435 2311 631 2361 contigerit
651 2313 708 2348 vel
727 2314 938 2350 vacaverint
955 2327 975 2350 a
994 2314 1078 2350 data
1098 2314 1305 2351 litterarum
1324 2314 1515 2364 papalium
1533 2313 1806 2364 praedictarum
1827 2311 1865 2347 in
1883 2311 1975 2348 sub-

436 2371 572 2408 sidium
605 2385 851 2421 expensarum
879 2385 971 2422 quas
1002 2373 1232 2423 praedictum
1264 2373 1459 2410 dominum
1493 2385 1614 2422 regem
1646 2366 1793 2421 oportet
1821 2383 1890 2420 pro
1918 2370 1974 2407 sui

2168 281 2184 596 ΕὸομᾳιωΛ-ὲκᾼνιῂ
2179 182 2184 243 ..4.
2182 142 2184 147 .
2182 107 2184 111 .
2179 49 2184 54 .

2180 1135 2184 1143 .
2174 836 2184 1122 ,.--Α.-.Α.-.ὴ--“·-
2166 807 2170 812 ”
