<?xml version="1.0" encoding="UTF-8"?>
<!DOCTYPE html PUBLIC "-//W3C//DTD XHTML 1.0 Transitional//EN"
    "http://www.w3.org/TR/xhtml1/DTD/xhtml1-transitional.dtd">
<html xmlns="http://www.w3.org/1999/xhtml" xml:lang="en" lang="en">
 <head>
  <title>
</title>
<meta http-equiv="Content-Type" content="text/html;charset=utf-8" />
  <meta name='ocr-system' content='tesseract 3.04.00' />
  <meta name='ocr-capabilities' content='ocr_page ocr_carea ocr_par ocr_line ocrx_word'/>
</head>
<body>
  <div class='ocr_page' id='page_1' title='image "./codexdunensissiv00kervuoft/codexdunensissiv00kervuoft_0505.png"; bbox 0 0 2184 3074; ppageno 0'>
   <div class='ocr_carea' id='block_1_1' title="bbox 729 320 1713 374">
    <p class='ocr_par' dir='ltr' id='par_1_1' title="bbox 729 320 1713 374">
     <span class='ocr_line' id='line_1_1' title="bbox 729 320 1713 374; baseline 0.003 -18"><span class='ocrx_word' id='word_1_1' title='bbox 729 320 888 374; x_wconf 75' lang='lat' dir='ltr'><strong>coossx</strong></span> <span class='ocrx_word' id='word_1_2' title='bbox 918 320 1161 358; x_wconf 74' lang='lat' dir='ltr'><strong>DUNENSlS.</strong></span> <span class='ocrx_word' id='word_1_3' title='bbox 1643 322 1713 360; x_wconf 73' lang='grc' dir='ltr'><strong>Α463</strong></span> 
     </span>
    </p>
   </div>
   <div class='ocr_carea' id='block_1_2' title="bbox 177 436 1711 722">
    <p class='ocr_par' dir='ltr' id='par_1_2' title="bbox 177 436 1711 722">
     <span class='ocr_line' id='line_1_2' title="bbox 181 436 1711 488; baseline 0.001 -15"><span class='ocrx_word' id='word_1_4' title='bbox 181 436 251 473; x_wconf 80' lang='lat' dir='ltr'><strong>suh</strong></span> <span class='ocrx_word' id='word_1_5' title='bbox 270 448 380 474; x_wconf 86' lang='lat' dir='ltr'><strong>usura</strong></span> <span class='ocrx_word' id='word_1_6' title='bbox 408 442 444 474; x_wconf 88' lang='lat' dir='ltr'><strong>et</strong></span> <span class='ocrx_word' id='word_1_7' title='bbox 471 450 538 487; x_wconf 91' lang='lat' dir='ltr'><strong>per</strong></span> <span class='ocrx_word' id='word_1_8' title='bbox 561 441 771 474; x_wconf 83' lang='lat' dir='ltr'><strong>contractus</strong></span> <span class='ocrx_word' id='word_1_9' title='bbox 791 436 981 474; x_wconf 90' lang='lat' dir='ltr'><strong>usurarios</strong></span> <span class='ocrx_word' id='word_1_10' title='bbox 1004 449 1067 473; x_wconf 86' lang='lat' dir='ltr'><strong>seu</strong></span> <span class='ocrx_word' id='word_1_11' title='bbox 1091 436 1128 473; x_wconf 92' lang='lat' dir='ltr'><strong>in</strong></span> <span class='ocrx_word' id='word_1_12' title='bbox 1150 436 1315 473; x_wconf 84' lang='lat' dir='ltr'><strong>fraudem</strong></span> <span class='ocrx_word' id='word_1_13' title='bbox 1341 450 1537 474; x_wconf 87' lang='lat' dir='ltr'><strong>usurarum</strong></span> <span class='ocrx_word' id='word_1_14' title='bbox 1559 451 1577 474; x_wconf 84' lang='lat' dir='ltr'><strong>a</strong></span> <span class='ocrx_word' id='word_1_15' title='bbox 1604 438 1711 488; x_wconf 81' lang='lat' dir='ltr'><strong>longe</strong></span> 
     </span>
     <span class='ocr_line' id='line_1_3' title="bbox 179 493 1711 546; baseline 0.001 -16"><span class='ocrx_word' id='word_1_16' title='bbox 179 493 369 531; x_wconf 69' lang='lat' dir='ltr'><strong>retroactis</strong></span> <span class='ocrx_word' id='word_1_17' title='bbox 390 494 620 546; x_wconf 87' lang='lat' dir='ltr'><strong>temporibus</strong></span> <span class='ocrx_word' id='word_1_18' title='bbox 639 498 711 531; x_wconf 86' lang='lat' dir='ltr'><strong>tam</strong></span> <span class='ocrx_word' id='word_1_19' title='bbox 738 494 774 531; x_wconf 92' lang='lat' dir='ltr'><strong>in</strong></span> <span class='ocrx_word' id='word_1_20' title='bbox 799 494 980 532; x_wconf 92' lang='lat' dir='ltr'><strong>nundinis</strong></span> <span class='ocrx_word' id='word_1_21' title='bbox 1007 494 1230 545; x_wconf 77' lang='lat' dir='ltr'><strong>Campaniae</strong></span> <span class='ocrx_word' id='word_1_22' title='bbox 1254 508 1366 544; x_wconf 87' lang='lat' dir='ltr'><strong>quam</strong></span> <span class='ocrx_word' id='word_1_23' title='bbox 1389 495 1476 532; x_wconf 87' lang='lat' dir='ltr'><strong>alibi</strong></span> <span class='ocrx_word' id='word_1_24' title='bbox 1505 500 1711 533; x_wconf 87' lang='lat' dir='ltr'><strong>contracta—</strong></span> 
     </span>
     <span class='ocr_line' id='line_1_4' title="bbox 178 553 1709 605; baseline 0.001 -16"><span class='ocrx_word' id='word_1_25' title='bbox 178 565 261 590; x_wconf 79' lang='lat' dir='ltr'><strong>rum</strong></span> <span class='ocrx_word' id='word_1_26' title='bbox 280 553 506 604; x_wconf 87' lang='lat' dir='ltr'><strong>opprimitur</strong></span> <span class='ocrx_word' id='word_1_27' title='bbox 530 553 577 590; x_wconf 87' lang='lat' dir='ltr'><strong>ita</strong></span> <span class='ocrx_word' id='word_1_28' title='bbox 596 553 710 604; x_wconf 66' lang='lat' dir='ltr'><strong>quod„</strong></span> <span class='ocrx_word' id='word_1_29' title='bbox 736 554 806 591; x_wconf 86' lang='lat' dir='ltr'><strong>nisi</strong></span> <span class='ocrx_word' id='word_1_30' title='bbox 837 553 884 590; x_wconf 93' lang='lat' dir='ltr'><strong>de</strong></span> <span class='ocrx_word' id='word_1_31' title='bbox 913 554 1021 590; x_wconf 88' lang='lat' dir='ltr'><strong>celeri</strong></span> <span class='ocrx_word' id='word_1_32' title='bbox 1049 553 1213 590; x_wconf 89' lang='lat' dir='ltr'><strong>remedio</strong></span> <span class='ocrx_word' id='word_1_33' title='bbox 1239 553 1489 604; x_wconf 67' lang='lat' dir='ltr'><strong>provideatur„</strong></span> <span class='ocrx_word' id='word_1_34' title='bbox 1508 554 1627 591; x_wconf 88' lang='lat' dir='ltr'><strong>eidem</strong></span> <span class='ocrx_word' id='word_1_35' title='bbox 1650 555 1709 605; x_wconf 89' lang='lat' dir='ltr'><strong>ip-</strong></span> 
     </span>
     <span class='ocr_line' id='line_1_5' title="bbox 177 611 1708 663; baseline 0.002 -16"><span class='ocrx_word' id='word_1_36' title='bbox 177 611 252 648; x_wconf 81' lang='lat' dir='ltr'><strong>sius</strong></span> <span class='ocrx_word' id='word_1_37' title='bbox 270 611 480 649; x_wconf 87' lang='lat' dir='ltr'><strong>monasterii</strong></span> <span class='ocrx_word' id='word_1_38' title='bbox 499 611 697 649; x_wconf 75' lang='lat' dir='ltr'><strong>servientes</strong></span> <span class='ocrx_word' id='word_1_39' title='bbox 717 625 782 662; x_wconf 89' lang='lat' dir='ltr'><strong>per</strong></span> <span class='ocrx_word' id='word_1_40' title='bbox 799 611 943 649; x_wconf 83' lang='lat' dir='ltr'><strong>diversa</strong></span> <span class='ocrx_word' id='word_1_41' title='bbox 966 612 1188 649; x_wconf 87' lang='lat' dir='ltr'><strong>monasteria</strong></span> <span class='ocrx_word' id='word_1_42' title='bbox 1217 617 1253 648; x_wconf 91' lang='lat' dir='ltr'><strong>et</strong></span> <span class='ocrx_word' id='word_1_43' title='bbox 1278 612 1355 648; x_wconf 86' lang='lat' dir='ltr'><strong>loca</strong></span> <span class='ocrx_word' id='word_1_44' title='bbox 1381 612 1479 649; x_wconf 87' lang='lat' dir='ltr'><strong>varia</strong></span> <span class='ocrx_word' id='word_1_45' title='bbox 1498 612 1708 663; x_wconf 78' lang='lat' dir='ltr'><strong>dispergere</strong></span> 
     </span>
     <span class='ocr_line' id='line_1_6' title="bbox 178 669 1705 722; baseline 0.001 -16"><span class='ocrx_word' id='word_1_46' title='bbox 178 669 438 707; x_wconf 87' lang='lat' dir='ltr'><strong>miserabiliter</strong></span> <span class='ocrx_word' id='word_1_47' title='bbox 462 670 665 720; x_wconf 69' lang='lat' dir='ltr'><strong>oportebit,</strong></span> <span class='ocrx_word' id='word_1_48' title='bbox 693 675 728 707; x_wconf 90' lang='lat' dir='ltr'><strong>et</strong></span> <span class='ocrx_word' id='word_1_49' title='bbox 754 683 820 720; x_wconf 88' lang='lat' dir='ltr'><strong>per</strong></span> <span class='ocrx_word' id='word_1_50' title='bbox 843 683 1072 720; x_wconf 88' lang='lat' dir='ltr'><strong>consequens</strong></span> <span class='ocrx_word' id='word_1_51' title='bbox 1094 670 1130 707; x_wconf 91' lang='lat' dir='ltr'><strong>in</strong></span> <span class='ocrx_word' id='word_1_52' title='bbox 1151 684 1193 707; x_wconf 87' lang='lat' dir='ltr'><strong>eo</strong></span> <span class='ocrx_word' id='word_1_53' title='bbox 1212 670 1381 707; x_wconf 86' lang='lat' dir='ltr'><strong>divinum</strong></span> <span class='ocrx_word' id='word_1_54' title='bbox 1403 671 1584 716; x_wconf 83' lang='lat' dir='ltr'><strong>officium,</strong></span> <span class='ocrx_word' id='word_1_55' title='bbox 1605 673 1705 722; x_wconf 89' lang='lat' dir='ltr'><strong>quod</strong></span> 
     </span>
    </p>
   </div>
   <div class='ocr_carea' id='block_1_3' title="bbox 118 725 1707 779">
    <p class='ocr_par' dir='ltr' id='par_1_3' title="bbox 118 725 1707 779">
     <span class='ocr_line' id='line_1_7' title="bbox 118 725 1707 779; baseline 0.002 -15"><span class='ocrx_word' id='word_1_56' title='bbox 118 731 120 733; x_wconf 81' lang='grc'><strong>’</strong></span> <span class='ocrx_word' id='word_1_57' title='bbox 175 725 313 765; x_wconf 84' lang='lat' dir='ltr'><strong>ibidem</strong></span> <span class='ocrx_word' id='word_1_58' title='bbox 334 727 510 766; x_wconf 86' lang='lat' dir='ltr'><strong>hactenus</strong></span> <span class='ocrx_word' id='word_1_59' title='bbox 530 732 602 766; x_wconf 88' lang='lat' dir='ltr'><strong>tam</strong></span> <span class='ocrx_word' id='word_1_60' title='bbox 622 728 770 775; x_wconf 73' lang='lat' dir='ltr'><strong>devote⁷</strong></span> <span class='ocrx_word' id='word_1_61' title='bbox 786 733 935 779; x_wconf 86' lang='lat' dir='ltr'><strong>tamque</strong></span> <span class='ocrx_word' id='word_1_62' title='bbox 952 729 1209 779; x_wconf 75' lang='lat' dir='ltr'><strong>sollempniter</strong></span> <span class='ocrx_word' id='word_1_63' title='bbox 1227 729 1451 766; x_wconf 87' lang='lat' dir='ltr'><strong>celebratum</strong></span> <span class='ocrx_word' id='word_1_64' title='bbox 1471 730 1605 767; x_wconf 83' lang='lat' dir='ltr'><strong>extitit.</strong></span> <span class='ocrx_word' id='word_1_65' title='bbox 1625 744 1707 767; x_wconf 94' lang='lat' dir='ltr'><strong>om-</strong></span> 
     </span>
    </p>
   </div>
   <div class='ocr_carea' id='block_1_4' title="bbox 167 783 1706 2478">
    <p class='ocr_par' dir='ltr' id='par_1_4' title="bbox 167 783 1706 2478">
     <span class='ocr_line' id='line_1_8' title="bbox 176 783 1702 838; baseline 0.002 -16"><span class='ocrx_word' id='word_1_66' title='bbox 176 783 266 822; x_wconf 84' lang='lat' dir='ltr'><strong>nino</strong></span> <span class='ocrx_word' id='word_1_67' title='bbox 278 785 434 832; x_wconf 75' lang='lat' dir='ltr'><strong>destrui,</strong></span> <span class='ocrx_word' id='word_1_68' title='bbox 448 786 645 837; x_wconf 89' lang='lat' dir='ltr'><strong>ipsumque</strong></span> <span class='ocrx_word' id='word_1_69' title='bbox 658 787 923 824; x_wconf 82' lang='lat' dir='ltr'><strong>monasterium</strong></span> <span class='ocrx_word' id='word_1_70' title='bbox 938 787 981 824; x_wconf 91' lang='lat' dir='ltr'><strong>ad</strong></span> <span class='ocrx_word' id='word_1_71' title='bbox 998 787 1249 838; x_wconf 82' lang='lat' dir='ltr'><strong>irreparabilis</strong></span> <span class='ocrx_word' id='word_1_72' title='bbox 1262 787 1500 825; x_wconf 77' lang='lat' dir='ltr'><strong>desolationis</strong></span> <span class='ocrx_word' id='word_1_73' title='bbox 1516 788 1702 825; x_wconf 85' lang='lat' dir='ltr'><strong>miseriam</strong></span> 
     </span>
     <span class='ocr_line' id='line_1_9' title="bbox 176 841 1703 895; baseline 0.002 -16"><span class='ocrx_word' id='word_1_74' title='bbox 176 841 358 880; x_wconf 85' lang='lat' dir='ltr'><strong>devenire.</strong></span> <span class='ocrx_word' id='word_1_75' title='bbox 391 844 511 894; x_wconf 90' lang='lat' dir='ltr'><strong>lpsius</strong></span> <span class='ocrx_word' id='word_1_76' title='bbox 543 844 667 895; x_wconf 89' lang='lat' dir='ltr'><strong>itaque</strong></span> <span class='ocrx_word' id='word_1_77' title='bbox 697 845 757 895; x_wconf 92' lang='lat' dir='ltr'><strong>pie</strong></span> <span class='ocrx_word' id='word_1_78' title='bbox 783 845 1047 895; x_wconf 82' lang='lat' dir='ltr'><strong>compatientes</strong></span> <span class='ocrx_word' id='word_1_79' title='bbox 1077 845 1283 895; x_wconf 83' lang='lat' dir='ltr'><strong>dispendiis</strong></span> <span class='ocrx_word' id='word_1_80' title='bbox 1314 850 1349 882; x_wconf 92' lang='lat' dir='ltr'><strong>et</strong></span> <span class='ocrx_word' id='word_1_81' title='bbox 1371 845 1526 895; x_wconf 85' lang='lat' dir='ltr'><strong>jacturis</strong></span> <span class='ocrx_word' id='word_1_82' title='bbox 1557 859 1602 882; x_wconf 90' lang='lat' dir='ltr'><strong>ne</strong></span> <span class='ocrx_word' id='word_1_83' title='bbox 1633 852 1703 883; x_wconf 88' lang='lat' dir='ltr'><strong>tam</strong></span> 
     </span>
     <span class='ocr_line' id='line_1_10' title="bbox 175 901 1706 954; baseline 0.001 -15"><span class='ocrx_word' id='word_1_84' title='bbox 175 901 301 939; x_wconf 87' lang='lat' dir='ltr'><strong>nobile</strong></span> <span class='ocrx_word' id='word_1_85' title='bbox 317 903 582 940; x_wconf 89' lang='lat' dir='ltr'><strong>monasterium</strong></span> <span class='ocrx_word' id='word_1_86' title='bbox 602 916 668 953; x_wconf 87' lang='lat' dir='ltr'><strong>per</strong></span> <span class='ocrx_word' id='word_1_87' title='bbox 684 916 880 940; x_wconf 88' lang='lat' dir='ltr'><strong>usurarum</strong></span> <span class='ocrx_word' id='word_1_88' title='bbox 901 903 1112 954; x_wconf 79' lang='lat' dir='ltr'><strong>voraginem</strong></span> <span class='ocrx_word' id='word_1_89' title='bbox 1131 903 1176 940; x_wconf 90' lang='lat' dir='ltr'><strong>ad</strong></span> <span class='ocrx_word' id='word_1_90' title='bbox 1197 909 1339 940; x_wconf 89' lang='lat' dir='ltr'><strong>tantum</strong></span> <span class='ocrx_word' id='word_1_91' title='bbox 1358 904 1618 941; x_wconf 84' lang='lat' dir='ltr'><strong>exterminium</strong></span> <span class='ocrx_word' id='word_1_92' title='bbox 1639 905 1706 941; x_wconf 90' lang='lat' dir='ltr'><strong>‹le-</strong></span> 
     </span>
     <span class='ocr_line' id='line_1_11' title="bbox 176 959 1703 1012; baseline 0.001 -15"><span class='ocrx_word' id='word_1_93' title='bbox 176 959 350 1004; x_wconf 71' lang='lat' dir='ltr'><strong>ducatur,</strong></span> <span class='ocrx_word' id='word_1_94' title='bbox 366 973 408 998; x_wconf 90' lang='lat' dir='ltr'><strong>ac</strong></span> <span class='ocrx_word' id='word_1_95' title='bbox 425 961 534 998; x_wconf 89' lang='lat' dir='ltr'><strong>etiam</strong></span> <span class='ocrx_word' id='word_1_96' title='bbox 553 961 776 998; x_wconf 85' lang='lat' dir='ltr'><strong>creditorum</strong></span> <span class='ocrx_word' id='word_1_97' title='bbox 794 975 947 998; x_wconf 91' lang='lat' dir='ltr'><strong>suorum</strong></span> <span class='ocrx_word' id='word_1_98' title='bbox 964 961 1222 1012; x_wconf 90' lang='lat' dir='ltr'><strong>indempnitati</strong></span> <span class='ocrx_word' id='word_1_99' title='bbox 1252 962 1446 1012; x_wconf 88' lang='lat' dir='ltr'><strong>providere</strong></span> <span class='ocrx_word' id='word_1_100' title='bbox 1463 962 1642 1000; x_wconf 80' lang='lat' dir='ltr'><strong>volentes.</strong></span> <span class='ocrx_word' id='word_1_101' title='bbox 1657 963 1703 999; x_wconf 91' lang='lat' dir='ltr'><strong>de</strong></span> 
     </span>
     <span class='ocr_line' id='line_1_12' title="bbox 177 1018 1702 1070; baseline 0.002 -16"><span class='ocrx_word' id='word_1_102' title='bbox 177 1021 325 1054; x_wconf 89' lang='lat' dir='ltr'><strong>nostrae</strong></span> <span class='ocrx_word' id='word_1_103' title='bbox 339 1018 528 1069; x_wconf 88' lang='lat' dir='ltr'><strong>potestatis</strong></span> <span class='ocrx_word' id='word_1_104' title='bbox 542 1019 775 1070; x_wconf 89' lang='lat' dir='ltr'><strong>plenitudine</strong></span> <span class='ocrx_word' id='word_1_105' title='bbox 788 1048 796 1064; x_wconf 67' lang='grc'><em>,</em></span> <span class='ocrx_word' id='word_1_106' title='bbox 814 1019 1030 1056; x_wconf 78' lang='lat' dir='ltr'><strong>auctoritate</strong></span> <span class='ocrx_word' id='word_1_107' title='bbox 1053 1026 1175 1057; x_wconf 86' lang='lat' dir='ltr'><strong>nostra</strong></span> <span class='ocrx_word' id='word_1_108' title='bbox 1198 1020 1294 1070; x_wconf 80' lang='lat' dir='ltr'><strong>regia</strong></span> <span class='ocrx_word' id='word_1_109' title='bbox 1316 1025 1352 1056; x_wconf 91' lang='lat' dir='ltr'><strong>et</strong></span> <span class='ocrx_word' id='word_1_110' title='bbox 1372 1033 1415 1056; x_wconf 88' lang='lat' dir='ltr'><strong>ex</strong></span> <span class='ocrx_word' id='word_1_111' title='bbox 1436 1025 1532 1057; x_wconf 77' lang='lat' dir='ltr'><strong>certa</strong></span> <span class='ocrx_word' id='word_1_112' title='bbox 1552 1021 1702 1057; x_wconf 83' lang='lat' dir='ltr'><strong>scientia</strong></span> 
     </span>
     <span class='ocr_line' id='line_1_13' title="bbox 179 1075 1702 1128; baseline 0.002 -15"><span class='ocrx_word' id='word_1_113' title='bbox 179 1075 353 1114; x_wconf 82' lang='lat' dir='ltr'><strong>duximus</strong></span> <span class='ocrx_word' id='word_1_114' title='bbox 371 1077 620 1114; x_wconf 87' lang='lat' dir='ltr'><strong>ordinandum</strong></span> <span class='ocrx_word' id='word_1_115' title='bbox 641 1078 742 1128; x_wconf 88' lang='lat' dir='ltr'><strong>quod</strong></span> <span class='ocrx_word' id='word_1_116' title='bbox 767 1078 881 1115; x_wconf 85' lang='lat' dir='ltr'><strong>abbas</strong></span> <span class='ocrx_word' id='word_1_117' title='bbox 908 1083 940 1114; x_wconf 92' lang='lat' dir='ltr'><strong>et</strong></span> <span class='ocrx_word' id='word_1_118' title='bbox 971 1083 1173 1115; x_wconf 90' lang='lat' dir='ltr'><strong>conventus</strong></span> <span class='ocrx_word' id='word_1_119' title='bbox 1199 1078 1363 1127; x_wconf 83' lang='lat' dir='ltr'><strong>ejusdem</strong></span> <span class='ocrx_word' id='word_1_120' title='bbox 1385 1079 1595 1116; x_wconf 83' lang='lat' dir='ltr'><strong>monasterii</strong></span> <span class='ocrx_word' id='word_1_121' title='bbox 1616 1080 1702 1116; x_wconf 88' lang='lat' dir='ltr'><strong>uni-</strong></span> 
     </span>
     <span class='ocr_line' id='line_1_14' title="bbox 177 1133 1701 1186; baseline 0.002 -15"><span class='ocrx_word' id='word_1_122' title='bbox 177 1133 292 1172; x_wconf 82' lang='lat' dir='ltr'><strong>versis</strong></span> <span class='ocrx_word' id='word_1_123' title='bbox 306 1139 342 1171; x_wconf 89' lang='lat' dir='ltr'><strong>et</strong></span> <span class='ocrx_word' id='word_1_124' title='bbox 354 1135 510 1186; x_wconf 84' lang='lat' dir='ltr'><strong>singulis</strong></span> <span class='ocrx_word' id='word_1_125' title='bbox 526 1135 772 1172; x_wconf 88' lang='lat' dir='ltr'><strong>creditoribus</strong></span> <span class='ocrx_word' id='word_1_126' title='bbox 787 1135 874 1181; x_wconf 64' lang='lat' dir='ltr'><strong>suis,</strong></span> <span class='ocrx_word' id='word_1_127' title='bbox 889 1149 1115 1186; x_wconf 89' lang='lat' dir='ltr'><strong>quocunque</strong></span> <span class='ocrx_word' id='word_1_128' title='bbox 1133 1136 1369 1186; x_wconf 79' lang='lat' dir='ltr'><strong>obligationis</strong></span> <span class='ocrx_word' id='word_1_129' title='bbox 1387 1136 1552 1183; x_wconf 71' lang='lat' dir='ltr'><strong>vinculo7</strong></span> <span class='ocrx_word' id='word_1_130' title='bbox 1571 1138 1647 1174; x_wconf 90' lang='lat' dir='ltr'><strong>sive</strong></span> <span class='ocrx_word' id='word_1_131' title='bbox 1666 1138 1701 1174; x_wconf 91' lang='lat' dir='ltr'><strong>in</strong></span> 
     </span>
     <span class='ocr_line' id='line_1_15' title="bbox 175 1194 1703 1247; baseline 0.001 -16"><span class='ocrx_word' id='word_1_132' title='bbox 175 1194 349 1232; x_wconf 87' lang='lat' dir='ltr'><strong>nundinis</strong></span> <span class='ocrx_word' id='word_1_133' title='bbox 359 1195 596 1246; x_wconf 71' lang='lat' dir='ltr'><strong>Campaniae,</strong></span> <span class='ocrx_word' id='word_1_134' title='bbox 609 1195 686 1232; x_wconf 89' lang='lat' dir='ltr'><strong>sive</strong></span> <span class='ocrx_word' id='word_1_135' title='bbox 698 1195 914 1232; x_wconf 85' lang='lat' dir='ltr'><strong>auctoritate</strong></span> <span class='ocrx_word' id='word_1_136' title='bbox 928 1195 1010 1242; x_wconf 73' lang='lat' dir='ltr'><strong>alia,</strong></span> <span class='ocrx_word' id='word_1_137' title='bbox 1026 1200 1234 1241; x_wconf 57' lang='lat' dir='ltr'><strong>teneantur„</strong></span> <span class='ocrx_word' id='word_1_138' title='bbox 1251 1195 1388 1232; x_wconf 85' lang='lat' dir='ltr'><strong>eisdem</strong></span> <span class='ocrx_word' id='word_1_139' title='bbox 1403 1210 1521 1246; x_wconf 88' lang='lat' dir='ltr'><strong>usque</strong></span> <span class='ocrx_word' id='word_1_140' title='bbox 1535 1197 1580 1233; x_wconf 87' lang='lat' dir='ltr'><strong>ad</strong></span> <span class='ocrx_word' id='word_1_141' title='bbox 1597 1197 1703 1247; x_wconf 89' lang='lat' dir='ltr'><strong>quin—</strong></span> 
     </span>
     <span class='ocr_line' id='line_1_16' title="bbox 173 1254 1700 1306; baseline 0.001 -16"><span class='ocrx_word' id='word_1_142' title='bbox 173 1266 246 1304; x_wconf 90' lang='lat' dir='ltr'><strong>que</strong></span> <span class='ocrx_word' id='word_1_143' title='bbox 266 1258 443 1291; x_wconf 89' lang='lat' dir='ltr'><strong>venturos</strong></span> <span class='ocrx_word' id='word_1_144' title='bbox 465 1255 636 1304; x_wconf 86' lang='lat' dir='ltr'><strong>proximo</strong></span> <span class='ocrx_word' id='word_1_145' title='bbox 658 1268 774 1292; x_wconf 88' lang='lat' dir='ltr'><strong>annos</strong></span> <span class='ocrx_word' id='word_1_146' title='bbox 799 1259 835 1291; x_wconf 92' lang='lat' dir='ltr'><strong>et</strong></span> <span class='ocrx_word' id='word_1_147' title='bbox 855 1254 1030 1291; x_wconf 82' lang='lat' dir='ltr'><strong>continue</strong></span> <span class='ocrx_word' id='word_1_148' title='bbox 1051 1254 1206 1305; x_wconf 79' lang='lat' dir='ltr'><strong>singulis</strong></span> <span class='ocrx_word' id='word_1_149' title='bbox 1231 1255 1337 1291; x_wconf 81' lang='lat' dir='ltr'><strong>annis</strong></span> <span class='ocrx_word' id='word_1_150' title='bbox 1363 1255 1532 1306; x_wconf 85' lang='lat' dir='ltr'><strong>quintam</strong></span> <span class='ocrx_word' id='word_1_151' title='bbox 1561 1262 1700 1306; x_wconf 89' lang='lat' dir='ltr'><strong>partem</strong></span> 
     </span>
     <span class='ocr_line' id='line_1_17' title="bbox 175 1310 1703 1363; baseline 0.001 -15"><span class='ocrx_word' id='word_1_152' title='bbox 175 1310 367 1348; x_wconf 82' lang='lat' dir='ltr'><strong>dumtaxat</strong></span> <span class='ocrx_word' id='word_1_153' title='bbox 379 1311 588 1349; x_wconf 90' lang='lat' dir='ltr'><strong>debitorum</strong></span> <span class='ocrx_word' id='word_1_154' title='bbox 609 1313 646 1349; x_wconf 90' lang='lat' dir='ltr'><strong>in</strong></span> <span class='ocrx_word' id='word_1_155' title='bbox 665 1313 803 1363; x_wconf 88' lang='lat' dir='ltr'><strong>quibus</strong></span> <span class='ocrx_word' id='word_1_156' title='bbox 822 1313 959 1349; x_wconf 90' lang='lat' dir='ltr'><strong>eisdem</strong></span> <span class='ocrx_word' id='word_1_157' title='bbox 981 1317 1152 1349; x_wconf 89' lang='lat' dir='ltr'><strong>tenentur</strong></span> <span class='ocrx_word' id='word_1_158' title='bbox 1173 1313 1384 1362; x_wconf 87' lang='lat' dir='ltr'><strong>persolvant</strong></span> <span class='ocrx_word' id='word_1_159' title='bbox 1402 1313 1478 1349; x_wconf 83' lang='lat' dir='ltr'><strong>sive</strong></span> <span class='ocrx_word' id='word_1_160' title='bbox 1497 1314 1703 1363; x_wconf 79' lang='lat' dir='ltr'><strong>persolvere</strong></span> 
     </span>
     <span class='ocr_line' id='line_1_18' title="bbox 175 1364 1703 1422; baseline 0.001 -15"><span class='ocrx_word' id='word_1_161' title='bbox 175 1369 409 1407; x_wconf 86' lang='lat' dir='ltr'><strong>tenebuntur.</strong></span> <span class='ocrx_word' id='word_1_162' title='bbox 429 1370 473 1407; x_wconf 90' lang='lat' dir='ltr'><strong>Et</strong></span> <span class='ocrx_word' id='word_1_163' title='bbox 491 1371 535 1407; x_wconf 89' lang='lat' dir='ltr'><strong>ad</strong></span> <span class='ocrx_word' id='word_1_164' title='bbox 555 1371 768 1408; x_wconf 88' lang='lat' dir='ltr'><strong>habendum</strong></span> <span class='ocrx_word' id='word_1_165' title='bbox 789 1364 1009 1408; x_wconf 84' lang='lat' dir='ltr'><strong>solutionem</strong></span> <span class='ocrx_word' id='word_1_166' title='bbox 1031 1371 1244 1420; x_wconf 84' lang='lat' dir='ltr'><strong>hujusmodi</strong></span> <span class='ocrx_word' id='word_1_167' title='bbox 1264 1376 1399 1407; x_wconf 87' lang='lat' dir='ltr'><strong>certam</strong></span> <span class='ocrx_word' id='word_1_168' title='bbox 1421 1377 1559 1422; x_wconf 87' lang='lat' dir='ltr'><strong>partem</strong></span> <span class='ocrx_word' id='word_1_169' title='bbox 1584 1372 1703 1409; x_wconf 89' lang='lat' dir='ltr'><strong>bono·</strong></span> 
     </span>
     <span class='ocr_line' id='line_1_19' title="bbox 174 1429 1699 1480; baseline 0.001 -15"><span class='ocrx_word' id='word_1_170' title='bbox 174 1441 256 1465; x_wconf 90' lang='lat' dir='ltr'><strong>rum</strong></span> <span class='ocrx_word' id='word_1_171' title='bbox 275 1433 311 1465; x_wconf 85' lang='lat' dir='ltr'><strong>et</strong></span> <span class='ocrx_word' id='word_1_172' title='bbox 327 1434 575 1478; x_wconf 89' lang='lat' dir='ltr'><strong>proventuum</strong></span> <span class='ocrx_word' id='word_1_173' title='bbox 596 1442 768 1475; x_wconf 76' lang='lat' dir='ltr'><strong>suorum,</strong></span> <span class='ocrx_word' id='word_1_174' title='bbox 787 1429 833 1466; x_wconf 93' lang='lat' dir='ltr'><strong>de</strong></span> <span class='ocrx_word' id='word_1_175' title='bbox 850 1429 989 1480; x_wconf 89' lang='lat' dir='ltr'><strong>quibus</strong></span> <span class='ocrx_word' id='word_1_176' title='bbox 1008 1429 1240 1466; x_wconf 83' lang='lat' dir='ltr'><strong>commodius</strong></span> <span class='ocrx_word' id='word_1_177' title='bbox 1261 1434 1297 1466; x_wconf 89' lang='lat' dir='ltr'><strong>et</strong></span> <span class='ocrx_word' id='word_1_178' title='bbox 1321 1430 1464 1466; x_wconf 80' lang='lat' dir='ltr'><strong>facilius</strong></span> <span class='ocrx_word' id='word_1_179' title='bbox 1487 1430 1699 1479; x_wconf 86' lang='lat' dir='ltr'><strong>hujusmodi</strong></span> 
     </span>
     <span class='ocr_line' id='line_1_20' title="bbox 173 1487 1702 1538; baseline 0.001 -14"><span class='ocrx_word' id='word_1_180' title='bbox 173 1487 308 1538; x_wconf 84' lang='lat' dir='ltr'><strong>poterit</strong></span> <span class='ocrx_word' id='word_1_181' title='bbox 325 1487 452 1524; x_wconf 87' lang='lat' dir='ltr'><strong>haberi</strong></span> <span class='ocrx_word' id='word_1_182' title='bbox 472 1488 625 1533; x_wconf 68' lang='lat' dir='ltr'><strong>solutio,</strong></span> <span class='ocrx_word' id='word_1_183' title='bbox 644 1493 839 1525; x_wconf 86' lang='lat' dir='ltr'><strong>teneantur</strong></span> <span class='ocrx_word' id='word_1_184' title='bbox 852 1488 1059 1538; x_wconf 78' lang='lat' dir='ltr'><strong>specialiter</strong></span> <span class='ocrx_word' id='word_1_185' title='bbox 1077 1488 1261 1538; x_wconf 86' lang='lat' dir='ltr'><strong>assignare</strong></span> <span class='ocrx_word' id='word_1_186' title='bbox 1280 1488 1401 1538; x_wconf 87' lang='lat' dir='ltr'><strong>primo</strong></span> <span class='ocrx_word' id='word_1_187' title='bbox 1424 1490 1581 1525; x_wconf 86' lang='lat' dir='ltr'><strong>termino</strong></span> <span class='ocrx_word' id='word_1_188' title='bbox 1600 1490 1702 1526; x_wconf 87' lang='lat' dir='ltr'><strong>solu-</strong></span> 
     </span>
     <span class='ocr_line' id='line_1_21' title="bbox 172 1545 1701 1596; baseline 0.002 -14"><span class='ocrx_word' id='word_1_189' title='bbox 172 1545 283 1583; x_wconf 83' lang='lat' dir='ltr'><strong>tionis</strong></span> <span class='ocrx_word' id='word_1_190' title='bbox 303 1545 517 1595; x_wconf 88' lang='lat' dir='ltr'><strong>hujusmodi</strong></span> <span class='ocrx_word' id='word_1_191' title='bbox 537 1547 688 1596; x_wconf 86' lang='lat' dir='ltr'><strong>quintae</strong></span> <span class='ocrx_word' id='word_1_192' title='bbox 706 1547 820 1596; x_wconf 86' lang='lat' dir='ltr'><strong>partis</strong></span> <span class='ocrx_word' id='word_1_193' title='bbox 843 1547 1089 1583; x_wconf 88' lang='lat' dir='ltr'><strong>creditoribus</strong></span> <span class='ocrx_word' id='word_1_194' title='bbox 1113 1546 1300 1583; x_wconf 80' lang='lat' dir='ltr'><strong>faciendae</strong></span> <span class='ocrx_word' id='word_1_195' title='bbox 1324 1547 1360 1583; x_wconf 93' lang='lat' dir='ltr'><strong>in</strong></span> <span class='ocrx_word' id='word_1_196' title='bbox 1382 1548 1472 1584; x_wconf 86' lang='lat' dir='ltr'><strong>festo</strong></span> <span class='ocrx_word' id='word_1_197' title='bbox 1496 1548 1701 1585; x_wconf 85' lang='lat' dir='ltr'><strong>Nativitatis</strong></span> 
     </span>
     <span class='ocr_line' id='line_1_22' title="bbox 172 1604 1699 1656; baseline 0.001 -15"><span class='ocrx_word' id='word_1_198' title='bbox 172 1604 287 1641; x_wconf 84' lang='lat' dir='ltr'><strong>sancti</strong></span> <span class='ocrx_word' id='word_1_199' title='bbox 313 1604 496 1642; x_wconf 84' lang='lat' dir='ltr'><strong>Johannis</strong></span> <span class='ocrx_word' id='word_1_200' title='bbox 518 1606 705 1656; x_wconf 85' lang='lat' dir='ltr'><strong>Baptistae</strong></span> <span class='ocrx_word' id='word_1_201' title='bbox 730 1611 886 1643; x_wconf 90' lang='lat' dir='ltr'><strong>venturo</strong></span> <span class='ocrx_word' id='word_1_202' title='bbox 913 1606 1084 1656; x_wconf 88' lang='lat' dir='ltr'><strong>proximo</strong></span> <span class='ocrx_word' id='word_1_203' title='bbox 1112 1606 1343 1656; x_wconf 56' lang='lat' dir='ltr'><strong>incoeptum„</strong></span> <span class='ocrx_word' id='word_1_204' title='bbox 1362 1611 1397 1642; x_wconf 89' lang='lat' dir='ltr'><strong>et</strong></span> <span class='ocrx_word' id='word_1_205' title='bbox 1418 1606 1470 1643; x_wconf 91' lang='lat' dir='ltr'><strong>sic</strong></span> <span class='ocrx_word' id='word_1_206' title='bbox 1484 1606 1530 1642; x_wconf 90' lang='lat' dir='ltr'><strong>de</strong></span> <span class='ocrx_word' id='word_1_207' title='bbox 1547 1619 1645 1642; x_wconf 91' lang='lat' dir='ltr'><strong>anno</strong></span> <span class='ocrx_word' id='word_1_208' title='bbox 1664 1607 1699 1642; x_wconf 93' lang='lat' dir='ltr'><strong>in</strong></span> 
     </span>
     <span class='ocr_line' id='line_1_23' title="bbox 172 1663 1702 1715; baseline 0.001 -16"><span class='ocrx_word' id='word_1_209' title='bbox 172 1675 312 1700; x_wconf 86' lang='lat' dir='ltr'><strong>annum</strong></span> <span class='ocrx_word' id='word_1_210' title='bbox 332 1663 369 1700; x_wconf 88' lang='lat' dir='ltr'><strong>in</strong></span> <span class='ocrx_word' id='word_1_211' title='bbox 390 1663 519 1700; x_wconf 87' lang='lat' dir='ltr'><strong>eodem</strong></span> <span class='ocrx_word' id='word_1_212' title='bbox 539 1663 698 1701; x_wconf 91' lang='lat' dir='ltr'><strong>termino</strong></span> <span class='ocrx_word' id='word_1_213' title='bbox 719 1664 888 1714; x_wconf 88' lang='lat' dir='ltr'><strong>quintam</strong></span> <span class='ocrx_word' id='word_1_214' title='bbox 915 1669 1055 1715; x_wconf 88' lang='lat' dir='ltr'><strong>partem</strong></span> <span class='ocrx_word' id='word_1_215' title='bbox 1074 1664 1284 1701; x_wconf 87' lang='lat' dir='ltr'><strong>debitorum</strong></span> <span class='ocrx_word' id='word_1_216' title='bbox 1310 1664 1346 1700; x_wconf 92' lang='lat' dir='ltr'><strong>in</strong></span> <span class='ocrx_word' id='word_1_217' title='bbox 1371 1665 1508 1714; x_wconf 88' lang='lat' dir='ltr'><strong>quibus</strong></span> <span class='ocrx_word' id='word_1_218' title='bbox 1531 1670 1702 1702; x_wconf 89' lang='lat' dir='ltr'><strong>tenentur</strong></span> 
     </span>
     <span class='ocr_line' id='line_1_24' title="bbox 171 1719 1700 1773; baseline 0.001 -16"><span class='ocrx_word' id='word_1_219' title='bbox 171 1719 217 1756; x_wconf 88' lang='lat' dir='ltr'><strong>ad</strong></span> <span class='ocrx_word' id='word_1_220' title='bbox 235 1733 424 1770; x_wconf 62' lang='lat' dir='ltr'><strong>praesens,</strong></span> <span class='ocrx_word' id='word_1_221' title='bbox 452 1721 499 1758; x_wconf 88' lang='lat' dir='ltr'><strong>ita</strong></span> <span class='ocrx_word' id='word_1_222' title='bbox 518 1722 620 1772; x_wconf 89' lang='lat' dir='ltr'><strong>quod</strong></span> <span class='ocrx_word' id='word_1_223' title='bbox 649 1723 687 1759; x_wconf 92' lang='lat' dir='ltr'><strong>in</strong></span> <span class='ocrx_word' id='word_1_224' title='bbox 705 1723 838 1773; x_wconf 90' lang='lat' dir='ltr'><strong>quinto</strong></span> <span class='ocrx_word' id='word_1_225' title='bbox 857 1736 955 1759; x_wconf 89' lang='lat' dir='ltr'><strong>anno</strong></span> <span class='ocrx_word' id='word_1_226' title='bbox 973 1722 1095 1759; x_wconf 85' lang='lat' dir='ltr'><strong>debita</strong></span> <span class='ocrx_word' id='word_1_227' title='bbox 1125 1722 1202 1772; x_wconf 88' lang='lat' dir='ltr'><strong>ipsa</strong></span> <span class='ocrx_word' id='word_1_228' title='bbox 1230 1722 1354 1759; x_wconf 85' lang='lat' dir='ltr'><strong>onmia</strong></span> <span class='ocrx_word' id='word_1_229' title='bbox 1378 1723 1603 1772; x_wconf 85' lang='lat' dir='ltr'><strong>integraliter</strong></span> <span class='ocrx_word' id='word_1_230' title='bbox 1627 1723 1700 1759; x_wconf 91' lang='lat' dir='ltr'><strong>sint</strong></span> 
     </span>
     <span class='ocr_line' id='line_1_25' title="bbox 171 1779 1699 1831; baseline 0.002 -16"><span class='ocrx_word' id='word_1_231' title='bbox 171 1779 289 1816; x_wconf 84' lang='lat' dir='ltr'><strong>soluta</strong></span> <span class='ocrx_word' id='word_1_232' title='bbox 308 1784 343 1816; x_wconf 90' lang='lat' dir='ltr'><strong>et</strong></span> <span class='ocrx_word' id='word_1_233' title='bbox 359 1779 519 1830; x_wconf 82' lang='lat' dir='ltr'><strong>religiosi</strong></span> <span class='ocrx_word' id='word_1_234' title='bbox 540 1781 609 1831; x_wconf 89' lang='lat' dir='ltr'><strong>ipsi</strong></span> <span class='ocrx_word' id='word_1_235' title='bbox 629 1781 674 1818; x_wconf 87' lang='lat' dir='ltr'><strong>ad</strong></span> <span class='ocrx_word' id='word_1_236' title='bbox 694 1781 899 1825; x_wconf 83' lang='lat' dir='ltr'><strong>faciendam</strong></span> <span class='ocrx_word' id='word_1_237' title='bbox 919 1781 1140 1818; x_wconf 88' lang='lat' dir='ltr'><strong>solutionem</strong></span> <span class='ocrx_word' id='word_1_238' title='bbox 1161 1780 1374 1830; x_wconf 87' lang='lat' dir='ltr'><strong>hujusmodi</strong></span> <span class='ocrx_word' id='word_1_239' title='bbox 1396 1781 1526 1818; x_wconf 88' lang='lat' dir='ltr'><strong>fortius</strong></span> <span class='ocrx_word' id='word_1_240' title='bbox 1549 1795 1699 1818; x_wconf 84' lang='lat' dir='ltr'><strong>arcean-</strong></span> 
     </span>
     <span class='ocr_line' id='line_1_26' title="bbox 171 1837 1698 1892; baseline 0.001 -17"><span class='ocrx_word' id='word_1_241' title='bbox 171 1842 239 1875; x_wconf 88' lang='lat' dir='ltr'><strong>tur.</strong></span> <span class='ocrx_word' id='word_1_242' title='bbox 258 1837 437 1876; x_wconf 92' lang='lat' dir='ltr'><strong>Volumus</strong></span> <span class='ocrx_word' id='word_1_243' title='bbox 456 1844 566 1890; x_wconf 90' lang='lat' dir='ltr'><strong>atque</strong></span> <span class='ocrx_word' id='word_1_244' title='bbox 584 1840 780 1878; x_wconf 88' lang='lat' dir='ltr'><strong>statuimus</strong></span> <span class='ocrx_word' id='word_1_245' title='bbox 794 1841 914 1892; x_wconf 77' lang='lat' dir='ltr'><strong>quod,</strong></span> <span class='ocrx_word' id='word_1_246' title='bbox 928 1841 957 1877; x_wconf 92' lang='lat' dir='ltr'><strong>si</strong></span> <span class='ocrx_word' id='word_1_247' title='bbox 979 1840 1047 1891; x_wconf 91' lang='lat' dir='ltr'><strong>ipsi</strong></span> <span class='ocrx_word' id='word_1_248' title='bbox 1065 1840 1102 1877; x_wconf 92' lang='lat' dir='ltr'><strong>in</strong></span> <span class='ocrx_word' id='word_1_249' title='bbox 1117 1840 1242 1890; x_wconf 89' lang='lat' dir='ltr'><strong>aliquo</strong></span> <span class='ocrx_word' id='word_1_250' title='bbox 1267 1840 1508 1877; x_wconf 87' lang='lat' dir='ltr'><strong>terminorum</strong></span> <span class='ocrx_word' id='word_1_251' title='bbox 1529 1841 1698 1890; x_wconf 80' lang='lat' dir='ltr'><strong>praedic-</strong></span> 
     </span>
     <span class='ocr_line' id='line_1_27' title="bbox 172 1899 1698 1950; baseline 0.002 -17"><span class='ocrx_word' id='word_1_252' title='bbox 172 1901 313 1942; x_wconf 75' lang='lat' dir='ltr'><strong>torum,</strong></span> <span class='ocrx_word' id='word_1_253' title='bbox 345 1899 529 1936; x_wconf 90' lang='lat' dir='ltr'><strong>solutione</strong></span> <span class='ocrx_word' id='word_1_254' title='bbox 555 1899 674 1936; x_wconf 88' lang='lat' dir='ltr'><strong>dictae</strong></span> <span class='ocrx_word' id='word_1_255' title='bbox 704 1900 856 1950; x_wconf 88' lang='lat' dir='ltr'><strong>quintae</strong></span> <span class='ocrx_word' id='word_1_256' title='bbox 893 1900 1006 1950; x_wconf 87' lang='lat' dir='ltr'><strong>partis</strong></span> <span class='ocrx_word' id='word_1_257' title='bbox 1037 1900 1187 1936; x_wconf 87' lang='lat' dir='ltr'><strong>fortasse</strong></span> <span class='ocrx_word' id='word_1_258' title='bbox 1215 1899 1414 1936; x_wconf 81' lang='lat' dir='ltr'><strong>defecerint</strong></span> <span class='ocrx_word' id='word_1_259' title='bbox 1450 1900 1544 1936; x_wconf 88' lang='lat' dir='ltr'><strong>duae</strong></span> <span class='ocrx_word' id='word_1_260' title='bbox 1579 1906 1698 1950; x_wconf 87' lang='lat' dir='ltr'><strong>partes</strong></span> 
     </span>
     <span class='ocr_line' id='line_1_28' title="bbox 169 1955 1698 2009; baseline 0.001 -17"><span class='ocrx_word' id='word_1_261' title='bbox 169 1955 337 1994; x_wconf 89' lang='lat' dir='ltr'><strong>omnium</strong></span> <span class='ocrx_word' id='word_1_262' title='bbox 368 1957 603 2008; x_wconf 82' lang='lat' dir='ltr'><strong>reddituum,</strong></span> <span class='ocrx_word' id='word_1_263' title='bbox 633 1963 880 2009; x_wconf 89' lang='lat' dir='ltr'><strong>proventuum</strong></span> <span class='ocrx_word' id='word_1_264' title='bbox 918 1963 953 1996; x_wconf 89' lang='lat' dir='ltr'><strong>et</strong></span> <span class='ocrx_word' id='word_1_265' title='bbox 986 1959 1170 1995; x_wconf 82' lang='lat' dir='ltr'><strong>bonorum</strong></span> <span class='ocrx_word' id='word_1_266' title='bbox 1207 1971 1358 1995; x_wconf 90' lang='lat' dir='ltr'><strong>suorum</strong></span> <span class='ocrx_word' id='word_1_267' title='bbox 1386 1971 1698 2009; x_wconf 79' lang='lat' dir='ltr'><strong>quorumcunque</strong></span> 
     </span>
     <span class='ocr_line' id='line_1_29' title="bbox 170 2015 1695 2067; baseline 0.001 -16"><span class='ocrx_word' id='word_1_268' title='bbox 170 2027 235 2064; x_wconf 87' lang='lat' dir='ltr'><strong>per</strong></span> <span class='ocrx_word' id='word_1_269' title='bbox 247 2027 312 2052; x_wconf 91' lang='lat' dir='ltr'><strong>vos</strong></span> <span class='ocrx_word' id='word_1_270' title='bbox 327 2015 520 2066; x_wconf 87' lang='lat' dir='ltr'><strong>capiantur</strong></span> <span class='ocrx_word' id='word_1_271' title='bbox 535 2022 571 2053; x_wconf 88' lang='lat' dir='ltr'><strong>et</strong></span> <span class='ocrx_word' id='word_1_272' title='bbox 585 2017 792 2063; x_wconf 67' lang='lat' dir='ltr'><strong>saisientur,</strong></span> <span class='ocrx_word' id='word_1_273' title='bbox 811 2018 985 2054; x_wconf 86' lang='lat' dir='ltr'><strong>mandato</strong></span> <span class='ocrx_word' id='word_1_274' title='bbox 1004 2017 1076 2065; x_wconf 76' lang='lat' dir='ltr'><strong>alio</strong></span> <span class='ocrx_word' id='word_1_275' title='bbox 1092 2030 1203 2067; x_wconf 90' lang='lat' dir='ltr'><strong>super</strong></span> <span class='ocrx_word' id='word_1_276' title='bbox 1217 2017 1286 2053; x_wconf 85' lang='lat' dir='ltr'><strong>hoc</strong></span> <span class='ocrx_word' id='word_1_277' title='bbox 1302 2017 1454 2053; x_wconf 87' lang='lat' dir='ltr'><strong>minime</strong></span> <span class='ocrx_word' id='word_1_278' title='bbox 1472 2021 1695 2067; x_wconf 84' lang='lat' dir='ltr'><strong>exspectato.</strong></span> 
     </span>
     <span class='ocr_line' id='line_1_30' title="bbox 170 2073 1694 2126; baseline 0.001 -17"><span class='ocrx_word' id='word_1_279' title='bbox 170 2073 206 2110; x_wconf 91' lang='lat' dir='ltr'><strong>in</strong></span> <span class='ocrx_word' id='word_1_280' title='bbox 219 2074 446 2112; x_wconf 49' lang='lat' dir='ltr'><strong>*solutionem</strong></span> <span class='ocrx_word' id='word_1_281' title='bbox 468 2075 634 2126; x_wconf 90' lang='lat' dir='ltr'><strong>ipsorum</strong></span> <span class='ocrx_word' id='word_1_282' title='bbox 655 2076 865 2114; x_wconf 88' lang='lat' dir='ltr'><strong>debitorum</strong></span> <span class='ocrx_word' id='word_1_283' title='bbox 887 2077 1011 2114; x_wconf 89' lang='lat' dir='ltr'><strong>usuris</strong></span> <span class='ocrx_word' id='word_1_284' title='bbox 1033 2075 1260 2114; x_wconf 87' lang='lat' dir='ltr'><strong>cessantibus</strong></span> <span class='ocrx_word' id='word_1_285' title='bbox 1289 2075 1570 2119; x_wconf 64' lang='lat' dir='ltr'><strong>convertendae,</strong></span> <span class='ocrx_word' id='word_1_286' title='bbox 1590 2075 1694 2111; x_wconf 87' lang='lat' dir='ltr'><strong>tertia</strong></span> 
     </span>
     <span class='ocr_line' id='line_1_31' title="bbox 168 2130 1693 2185; baseline 0.001 -17"><span class='ocrx_word' id='word_1_287' title='bbox 168 2136 271 2182; x_wconf 85' lang='lat' dir='ltr'><strong>parte</strong></span> <span class='ocrx_word' id='word_1_288' title='bbox 288 2130 454 2183; x_wconf 91' lang='lat' dir='ltr'><strong>ipsorum</strong></span> <span class='ocrx_word' id='word_1_289' title='bbox 468 2133 653 2171; x_wconf 86' lang='lat' dir='ltr'><strong>bonorum</strong></span> <span class='ocrx_word' id='word_1_290' title='bbox 670 2134 758 2185; x_wconf 91' lang='lat' dir='ltr'><strong>ipsis</strong></span> <span class='ocrx_word' id='word_1_291' title='bbox 775 2148 842 2185; x_wconf 90' lang='lat' dir='ltr'><strong>pro</strong></span> <span class='ocrx_word' id='word_1_292' title='bbox 861 2134 1126 2172; x_wconf 88' lang='lat' dir='ltr'><strong>sustentatione</strong></span> <span class='ocrx_word' id='word_1_293' title='bbox 1139 2147 1204 2171; x_wconf 89' lang='lat' dir='ltr'><strong>sua</strong></span> <span class='ocrx_word' id='word_1_294' title='bbox 1219 2132 1454 2170; x_wconf 89' lang='lat' dir='ltr'><strong>solummodo</strong></span> <span class='ocrx_word' id='word_1_295' title='bbox 1473 2138 1693 2170; x_wconf 79' lang='lat' dir='ltr'><strong>remanente.</strong></span> 
     </span>
     <span class='ocr_line' id='line_1_32' title="bbox 167 2191 1697 2244; baseline 0.001 -17"><span class='ocrx_word' id='word_1_296' title='bbox 167 2191 391 2241; x_wconf 85' lang='lat' dir='ltr'><strong>praescripta</strong></span> <span class='ocrx_word' id='word_1_297' title='bbox 418 2191 652 2230; x_wconf 90' lang='lat' dir='ltr'><strong>ordinatione</strong></span> <span class='ocrx_word' id='word_1_298' title='bbox 675 2198 799 2230; x_wconf 88' lang='lat' dir='ltr'><strong>nostra</strong></span> <span class='ocrx_word' id='word_1_299' title='bbox 826 2193 972 2244; x_wconf 90' lang='lat' dir='ltr'><strong>penitus</strong></span> <span class='ocrx_word' id='word_1_300' title='bbox 993 2206 1066 2230; x_wconf 93' lang='lat' dir='ltr'><strong>non</strong></span> <span class='ocrx_word' id='word_1_301' title='bbox 1087 2193 1266 2230; x_wconf 86' lang='lat' dir='ltr'><strong>obstante.</strong></span> <span class='ocrx_word' id='word_1_302' title='bbox 1291 2191 1503 2228; x_wconf 81' lang='lat' dir='ltr'><strong>Mandantes</strong></span> <span class='ocrx_word' id='word_1_303' title='bbox 1528 2192 1634 2229; x_wconf 76' lang='lat' dir='ltr'><strong>vobis</strong></span> <span class='ocrx_word' id='word_1_304' title='bbox 1662 2197 1697 2228; x_wconf 93' lang='lat' dir='ltr'><strong>et</strong></span> 
     </span>
     <span class='ocr_line' id='line_1_33' title="bbox 167 2249 1695 2302; baseline 0.001 -17"><span class='ocrx_word' id='word_1_305' title='bbox 167 2249 374 2299; x_wconf 86' lang='lat' dir='ltr'><strong>specialiter</strong></span> <span class='ocrx_word' id='word_1_306' title='bbox 397 2251 667 2289; x_wconf 87' lang='lat' dir='ltr'><strong>committentes</strong></span> <span class='ocrx_word' id='word_1_307' title='bbox 698 2257 880 2302; x_wconf 89' lang='lat' dir='ltr'><strong>quatenus</strong></span> <span class='ocrx_word' id='word_1_308' title='bbox 913 2252 1103 2302; x_wconf 84' lang='lat' dir='ltr'><strong>religiosos</strong></span> <span class='ocrx_word' id='word_1_309' title='bbox 1137 2251 1235 2301; x_wconf 90' lang='lat' dir='ltr'><strong>ipsos</strong></span> <span class='ocrx_word' id='word_1_310' title='bbox 1265 2250 1310 2287; x_wconf 89' lang='lat' dir='ltr'><strong>ad</strong></span> <span class='ocrx_word' id='word_1_311' title='bbox 1338 2250 1445 2287; x_wconf 86' lang='lat' dir='ltr'><strong>aliam</strong></span> <span class='ocrx_word' id='word_1_312' title='bbox 1474 2250 1695 2287; x_wconf 88' lang='lat' dir='ltr'><strong>solutionem</strong></span> 
     </span>
     <span class='ocr_line' id='line_1_34' title="bbox 168 2307 1695 2360; baseline 0.001 -17"><span class='ocrx_word' id='word_1_313' title='bbox 168 2307 374 2345; x_wconf 88' lang='lat' dir='ltr'><strong>faciendam</strong></span> <span class='ocrx_word' id='word_1_314' title='bbox 415 2307 462 2346; x_wconf 77' lang='lat' dir='ltr'><strong>de</strong></span> <span class='ocrx_word' id='word_1_315' title='bbox 496 2309 710 2359; x_wconf 84' lang='lat' dir='ltr'><strong>hujusmodi</strong></span> <span class='ocrx_word' id='word_1_316' title='bbox 742 2310 876 2348; x_wconf 90' lang='lat' dir='ltr'><strong>debitis</strong></span> <span class='ocrx_word' id='word_1_317' title='bbox 912 2310 988 2347; x_wconf 90' lang='lat' dir='ltr'><strong>suis</strong></span> <span class='ocrx_word' id='word_1_318' title='bbox 1021 2309 1309 2360; x_wconf 89' lang='lat' dir='ltr'><strong>quibuscunque</strong></span> <span class='ocrx_word' id='word_1_319' title='bbox 1339 2308 1415 2346; x_wconf 89' lang='lat' dir='ltr'><strong>suis</strong></span> <span class='ocrx_word' id='word_1_320' title='bbox 1450 2308 1695 2345; x_wconf 86' lang='lat' dir='ltr'><strong>creditoribus</strong></span> 
     </span>
     <span class='ocr_line' id='line_1_35' title="bbox 168 2367 1695 2417; baseline 0 -14"><span class='ocrx_word' id='word_1_321' title='bbox 168 2379 279 2417; x_wconf 86' lang='lat' dir='ltr'><strong>quam</strong></span> <span class='ocrx_word' id='word_1_322' title='bbox 296 2380 392 2416; x_wconf 86' lang='lat' dir='ltr'><strong>quae</strong></span> <span class='ocrx_word' id='word_1_323' title='bbox 410 2367 564 2414; x_wconf 78' lang='lat' dir='ltr'><strong>dieitur,</strong></span> <span class='ocrx_word' id='word_1_324' title='bbox 583 2368 639 2405; x_wconf 89' lang='lat' dir='ltr'><strong>vel</strong></span> <span class='ocrx_word' id='word_1_325' title='bbox 667 2368 861 2406; x_wconf 87' lang='lat' dir='ltr'><strong>solvendas</strong></span> <span class='ocrx_word' id='word_1_326' title='bbox 885 2382 1015 2406; x_wconf 88' lang='lat' dir='ltr'><strong>usuras</strong></span> <span class='ocrx_word' id='word_1_327' title='bbox 1040 2382 1103 2406; x_wconf 86' lang='lat' dir='ltr'><strong>seu</strong></span> <span class='ocrx_word' id='word_1_328' title='bbox 1137 2372 1346 2405; x_wconf 85' lang='lat' dir='ltr'><strong>contractus</strong></span> <span class='ocrx_word' id='word_1_329' title='bbox 1379 2367 1567 2404; x_wconf 88' lang='lat' dir='ltr'><strong>usurarios</strong></span> <span class='ocrx_word' id='word_1_330' title='bbox 1591 2380 1695 2403; x_wconf 81' lang='lat' dir='ltr'><strong>coin-</strong></span> 
     </span>
     <span class='ocr_line' id='line_1_36' title="bbox 168 2424 1694 2478; baseline 0 -16"><span class='ocrx_word' id='word_1_331' title='bbox 168 2424 323 2475; x_wconf 85' lang='lat' dir='ltr'><strong>plendos</strong></span> <span class='ocrx_word' id='word_1_332' title='bbox 359 2439 432 2463; x_wconf 91' lang='lat' dir='ltr'><strong>non</strong></span> <span class='ocrx_word' id='word_1_333' title='bbox 467 2426 686 2477; x_wconf 87' lang='lat' dir='ltr'><strong>permittatis</strong></span> <span class='ocrx_word' id='word_1_334' title='bbox 721 2441 787 2477; x_wconf 89' lang='lat' dir='ltr'><strong>per</strong></span> <span class='ocrx_word' id='word_1_335' title='bbox 820 2440 1082 2478; x_wconf 88' lang='lat' dir='ltr'><strong>quemcunque</strong></span> <span class='ocrx_word' id='word_1_336' title='bbox 1114 2440 1177 2464; x_wconf 90' lang='lat' dir='ltr'><strong>seu</strong></span> <span class='ocrx_word' id='word_1_337' title='bbox 1217 2439 1440 2477; x_wconf 85' lang='lat' dir='ltr'><strong>quacunque</strong></span> <span class='ocrx_word' id='word_1_338' title='bbox 1478 2426 1694 2463; x_wconf 87' lang='lat' dir='ltr'><strong>auctoritate</strong></span> 
     </span>
    </p>
   </div>
  </div>
 </body>
</html>
