2184 3074
449 373 496 410 86
998 364 1159 402 CODEX
1184 364 1432 402 DUNENSIS.

449 490 606 540 sigillata
636 487 766 538 sigillis
793 497 921 522 eorum
948 495 1042 533 quos
1071 494 1182 532 supra
1209 482 1385 532 proximo
1415 483 1462 532 ad
1488 484 1748 524 sufficientiam
1781 487 1986 526 declarasse

451 549 580 587 videor
597 552 632 584 et
648 545 764 582 videri
787 544 923 588 debeo,
941 546 1054 592 prout
1073 541 1165 578 mihi
1183 541 1343 579 videtur.
1360 542 1407 579 Et
1424 546 1551 579 utrum
1576 543 1656 594 ipse
1677 543 1806 583 Petrus
1831 547 1985 598 proprio

450 621 514 645 ore
531 603 758 644 ordinaverit
779 605 951 639 contenta
974 600 1012 636 in
1035 599 1134 636 dicto
1157 603 1374 636 testamento
1398 600 1455 636 vel
1479 601 1597 638 alter?
1623 601 1717 639 Dico
1742 603 1845 654 quod
1870 603 1987 642 libere

450 681 513 705 ore
537 664 688 716 proprio
712 660 917 706 ordinavit7
940 660 1054 697 altero
1078 662 1201 695 tamen
1224 658 1352 708 aliquo
1378 658 1532 696 forsitan
1556 664 1728 697 movente
1751 661 1984 712 praedictum

450 726 600 762 Petrum
621 721 742 758 Bonin
760 719 805 756 ad
828 719 953 769 aliqua
975 717 1183 754 ordinanda
1209 721 1244 754 et
1269 717 1539 755 conscribenda
1564 718 1603 755 in
1629 719 1729 757 dicto
1755 725 1984 766 testamento.

448 785 493 822 Et
510 783 540 820 si
560 783 661 827 alter,
679 780 765 831 quis
782 779 839 815 vel
858 778 923 828 qui
945 777 1082 814 suerint
1101 777 1154 813 illi
1174 777 1305 813 alteri?
1324 776 1417 814 Dico
1435 777 1538 827 quod
1556 791 1624 828 ego
1646 778 1692 815 ad
1711 793 1884 830 praesens
1907 793 1983 818 non

447 842 570 880 recolo
587 840 652 891 qui
672 838 813 889 precise
841 836 979 873 suerint
1002 836 1055 872 illi
1075 835 1198 882 alteri,
1221 835 1293 872 nisi
1318 835 1420 886 quod
1448 849 1599 886 possum
1619 837 1741 874 dicere
1761 838 1845 876 illos
1872 839 1985 877 fuisse

447 900 591 950 aliquos
612 912 656 934 ex
675 895 886 933 convocatis
904 893 1113 945 praedictis.
1132 893 1178 930 Et
1197 897 1323 929 utrum
1344 893 1405 929 ille
1424 893 1554 932 Petrus
1573 907 1724 946 compos
1743 909 1830 933 suae
1849 898 1984 935 mentis

447 964 535 996 tunc
549 955 726 1006 temporis
741 954 833 991 fuit?
847 953 893 990 Et
905 949 1000 989 bene
1015 951 1155 988 habens
1171 964 1256 988 suos
1275 951 1444 1002 quinque
1461 965 1591 990 sensus
1602 982 1611 1000 ⁷
1625 957 1668 990 ut
1682 954 1775 991 mihi
1792 958 1882 992 tunc
1896 960 1984 993 tem·
2027 948 2033 956 ⁸

446 1016 547 1067 poris
567 1014 774 1051 videbatur.
794 1012 838 1048 Et
857 1009 1048 1061 quomodo
1067 1009 1137 1046 hoc
1156 1009 1275 1046 sciat?
1299 1009 1391 1046 Dico
1410 1023 1469 1046 me
1491 1011 1585 1047 scire
1602 1012 1780 1062 quoniam
1799 1026 1885 1050 cum
1903 1014 1984 1052 aliis

446 1077 669 1111 convocatus
688 1075 722 1107 et
740 1074 889 1120 rogatus
907 1069 954 1105 ab
982 1068 1064 1118 ipso
1092 1068 1201 1104 Petro
1219 1067 1342 1105 Bonin
1362 1068 1512 1105 interfui
1533 1073 1710 1120 tanquam
1730 1071 1831 1108 testis
1849 1076 1885 1109 et
1901 1076 1985 1109 tan-

445 1144 558 1182 quam
580 1143 677 1166 unus
701 1132 944 1165 executorum
963 1139 1135 1172 suorum,
1158 1130 1194 1162 et
1217 1125 1382 1163 intellexi
1406 1127 1531 1164 omnia
1557 1141 1653 1178 quae
1678 1128 1818 1176 fiebant
1842 1130 1982 1180 ibidem

444 1204 510 1241 per
527 1189 758 1240 praedictum
780 1187 928 1223 Petrum
949 1190 1039 1222 tunc
1054 1185 1200 1221 nullum
1215 1185 1369 1222 rationis
1385 1186 1555 1223 mentalis
1569 1187 1754 1225 desectum
1771 1188 1981 1227 habentem.

491 1249 637 1286 Tertius
656 1246 834 1283 articulus
853 1249 906 1282 est
923 1244 1025 1294 quod
1043 1247 1244 1294 quaeratur
1271 1244 1301 1280 si
1327 1244 1520 1281 constituit
1547 1250 1760 1284 executores
1788 1248 1845 1285 sui
1871 1252 1983 1286 testa-

444 1308 558 1344 menti
574 1311 610 1343 et
628 1305 693 1356 qui
713 1304 875 1341 suerint?
893 1303 987 1340 Dico
1003 1302 1115 1352 rquod
1143 1301 1336 1339 constituit
1352 1307 1574 1340 executores
1599 1305 1806 1343 testamenti
1833 1306 1890 1343 sui
1916 1320 1980 1344 seu

442 1379 530 1403 suae
544 1365 696 1402 ultimae
714 1362 934 1406 voluntatis,
954 1366 990 1397 et
1007 1361 1073 1411 qui
1092 1364 1180 1397 sunt
1197 1360 1269 1407 ini,
1288 1365 1442 1411 apparet
1458 1365 1494 1398 et
1510 1366 1611 1412 patet
1628 1362 1666 1399 in
1685 1363 1807 1403 littera
1823 1364 1982 1416 sigillata

442 1423 573 1474 sigillis
598 1435 727 1459 eorum
754 1433 849 1471 quos
874 1433 985 1470 supra
1008 1419 1181 1469 proximo
1207 1419 1253 1456 ad
1278 1419 1538 1457 sufficientiam
1563 1420 1768 1471 declarasse
1792 1423 1923 1462 videor
1947 1429 1982 1462 et

436 1482 553 1518 videri
571 1481 705 1526 debeo,
725 1483 836 1529 prout
853 1477 945 1514 mihi
965 1477 1124 1514 videtur.
1150 1477 1196 1514 Et
1218 1481 1346 1514 utrum
1368 1477 1529 1522 habeant
1553 1478 1980 1521 dictumsestamentum

436 1540 575 1578 scilicet
604 1539 674 1589 ipsi
698 1542 911 1574 executores
934 1537 992 1572 vel
1019 1535 1105 1586 quis
1130 1535 1288 1572 habeat?
1313 1536 1407 1573 Dico
1433 1537 1536 1587 quod
1563 1542 1778 1576 executores
1800 1539 1979 1590 praedicti

438 1597 662 1642 testamenti‚
681 1597 738 1633 vel
758 1596 838 1632 vice
856 1595 1023 1646 ipsorum
1043 1594 1197 1631 domina
1226 1594 1403 1632 Katerina
1423 1608 1519 1646 quae
1539 1595 1629 1633 dicti
1655 1598 1838 1635 testatoris
1859 1598 1980 1636 fuerat

436 1669 541 1693 soror
557 1667 742 1706 germana.
765 1654 809 1690 Et
828 1659 954 1690 utrum
975 1657 1082 1690 testes
1095 1653 1214 1703 rogati
1230 1657 1336 1690 erant
1349 1653 1526 1691 interesse
1539 1655 1746 1693 conditioni
1762 1656 1851 1693 dicti
1867 1661 1979 1694 testa-

437 1715 579 1751 menti?
603 1714 695 1750 Dico
719 1713 821 1763 qnod
849 1717 954 1749 erant
979 1712 1116 1763 rogati,
1140 1717 1176 1748 et
1201 1711 1231 1748 si
1255 1711 1301 1748 de
1328 1724 1438 1749 causa
1465 1713 1640 1750 scientiae
1663 1719 1875 1765 quaeratur,
1893 1715 1978 1753 dico

437 1786 496 1809 me
519 1772 612 1809 scire
634 1771 737 1822 quod
765 1775 872 1808 testes
899 1774 1005 1807 erant
1029 1770 1147 1820 rogati
1178 1770 1372 1817 interesse,
1405 1771 1585 1821 quoniam
1614 1776 1824 1810 testatorem
1849 1774 1978 1812 audivi

436 1845 565 1882 rogare
584 1831 666 1867 illos
686 1830 723 1866 in
743 1834 850 1866 testes
872 1830 937 1880 qui
958 1829 1207 1866 interfuerunt
1226 1829 1432 1867 conditioni
1452 1830 1671 1881 praedictae.

484 1890 646 1938 Quartus
675 1888 854 1924 articulus
879 1892 933 1924 est
961 1887 1064 1937 quod
1088 1891 1289 1938 quaeratur
1314 1892 1441 1925 utrum
1467 1889 1609 1926 dictum
1640 1893 1901 1927 testamentum
1931 1890 1978 1928 de

434 1948 637 1993 voluntate,
653 1946 854 1991 intellectu7
869 1950 966 1982 certa
982 1946 1135 1983 scientia
1152 1950 1246 1983 etex
1262 1946 1499 1984 ordinatione
1513 1947 1604 1984 dicti
1622 1947 1720 1985 Petri
1739 1948 1811 1992 {uit
1828 1949 1978 1996 consec-

434 2008 541 2043 tum?
558 2006 652 2043 Dico
670 2005 773 2056 quod
792 2005 863 2052 sic⁷
881 2019 967 2042 nam
987 2005 1072 2052 fuit,
1091 2010 1133 2042 ut
1150 2005 1228 2042 dixi
1249 2007 1436 2057 superius,
1455 2020 1608 2058 compos
1623 2007 1778 2045 rationis
1792 2012 1829 2045 et
1841 2009 1976 2046 mentis

434 2065 471 2102 in
493 2064 727 2101 ordinatione
744 2064 923 2114 praedicti
945 2064 1172 2110 testamenti7
1187 2064 1278 2102 dum
1297 2078 1360 2102 ore
1377 2066 1532 2117 proprio
1550 2071 1723 2104 contenta
1742 2066 1782 2104 in
1801 2080 1844 2104 eo
1861 2066 1978 2104 libere

433 2123 629 2160 ordinavit.
648 2123 694 2159 Et
711 2127 837 2158 utrum
858 2126 1029 2158 contenta
1049 2122 1086 2158 in
1105 2122 1236 2159 eodem
1256 2127 1474 2161 testamento
1493 2124 1633 2162 suerint
1649 2125 1819 2162 ordinata
1842 2129 1878 2162 et
1897 2125 1976 2164 dis-

433 2183 551 2232 posita
578 2186 721 2218 tantum
747 2195 814 2232 per
838 2181 980 2218 dictum
1008 2182 1158 2218 Petrum
1184 2182 1420 2233 loquentem,
1447 2183 1704 2230 ordinantem,
1736 2184 1912 2222 scientem
1939 2188 1976 2222 et

432 2240 724 2290 intelligentem?
747 2240 841 2277 Dico
868 2240 971 2290 quod
999 2240 1069 2287 sic,
1092 2240 1206 2278 altero
1234 2245 1357 2278 tamen
1384 2242 1511 2293 aliquo
1535 2243 1658 2280 forsan
1677 2246 1850 2280 movente
1866 2255 1976 2293 prae-

431 2298 572 2335 dictum
593 2298 743 2335 Petrum
762 2298 807 2335 ad
828 2298 954 2349 aliqua
981 2299 1190 2336 ordinanda
1217 2303 1253 2336 et
1276 2300 1547 2337 conscribenda
1572 2301 1611 2338 in
1630 2304 1850 2338 testamento
1867 2313 1976 2350 prae-

430 2357 541 2394 dicto.
567 2357 614 2394 Et
631 2357 660 2394 si
680 2358 726 2394 de
744 2371 853 2395 causa
869 2358 1047 2395 scientiae
1068 2359 1288 2410 quaeritur?
1318 2359 1411 2397 Dico
1429 2364 1472 2397 ut
1489 2360 1567 2397 dixi
1588 2360 1779 2411 superius,
1801 2359 1867 2396 ubi
1893 2359 1972 2397 dixi

429 2415 532 2466 quod
559 2429 625 2466 ego
650 2429 734 2452 cum
759 2417 840 2454 aliis
864 2422 1088 2455 convocatus
1112 2423 1148 2456 et
1171 2423 1322 2470 rogatus
1349 2420 1396 2456 ab
1422 2420 1504 2471 ipso
1529 2420 1638 2458 Petro
1657 2419 1780 2457 Bonin
1798 2419 1970 2466 interfui,

429 2480 607 2525 tanquam
630 2475 731 2512 testis
754 2479 790 2512 et
812 2480 988 2526 tanquam
1011 2490 1109 2515 unus
1132 2482 1372 2516 executorum
1396 2492 1567 2526 suorum,
1589 2483 1626 2516 et
1651 2477 1816 2516 intellexi
1841 2478 1968 2516 omnia
