2184 3074
425 295 496 332 158
977 291 1136 328 CODEX
1164 291 1408 329 DUNENSlS.

423 415 568 461 poterat
592 409 743 446 eeclesia
767 408 903 453 levius„
928 407 1161 444 commodius
1186 412 1222 443 et
1252 406 1380 444 utilius
1399 420 1419 443 a
1438 406 1624 443 dictorum
1644 407 1858 445 debitorum
1881 421 1960 445 sar—

423 468 506 504 cina
531 467 700 513 relevari,
718 480 813 516 quae
834 466 987 516 quidem
1011 465 1223 502 debitorum
1242 478 1387 502 summa
1409 478 1509 501 nunc
1532 465 1746 514 urgentium
1770 478 1890 516 usque
1913 465 1960 502 ad

424 539 607 565 summam
627 529 764 575 septem
785 524 947 560 millium
966 524 1147 560 librarum
1167 527 1202 560 et
1219 522 1379 573 amplius
1403 522 1644 568 ascendebat,
1669 527 1711 558 ut
1735 535 1962 573 recognove-

424 589 512 622 runt
524 585 602 634 ipse
621 583 780 620 coabbas
798 586 923 619 noster
940 587 975 618 et
993 582 1155 618 seniores
1173 581 1308 618 domus
1327 594 1414 618 suae
1433 580 1471 617 in
1487 580 1672 617 dictorum
1691 581 1960 618 venerabilium

424 648 571 694 patrum
597 647 633 679 et
658 646 782 678 nostra
812 641 1019 691 praesentia
1046 640 1258 686 constituti,
1284 644 1368 691 post
1392 640 1513 677 varios
1541 644 1715 677 tractatus
1742 653 1828 677 cum
1853 639 1962 677 dictis

424 701 698 738 venerabilibus
716 700 886 750 patribus
904 704 940 736 et
957 699 1096 748 majore
1114 712 1156 735 ac
1173 699 1319 735 saniore
1340 703 1444 749 parte
1467 702 1673 735 conventus
1691 698 1865 739 ecclesiae
1883 712 1963 736 me-

423 764 584 797 moratae
611 758 776 804 habitos7
802 757 935 807 majori
967 757 1126 793 utilitate
1154 756 1273 793 dietae
1304 756 1478 793 ecclesiae
1505 756 1704 806 diligenter
1726 761 1892 806 pensata,
1915 757 1962 794 de

423 819 589 869 ipsorum
611 817 767 854 consilio
790 820 826 853 et
844 817 952 866 plena
975 815 1243 852 deliberatione
1266 829 1351 852 cum
1378 814 1467 866 ipsis
1487 814 1721 866 praehabita,
1743 815 1962 852 auctoritate

382 869 390 873 “
421 876 600 927 generalis
623 875 775 926 capituli
804 875 912 912 nobis
939 875 978 912 in
1001 875 1070 911 hac
1094 879 1198 925 parte
1223 874 1437 926 commissa,
1460 875 1507 910 ad
1531 874 1770 910 commodum
1796 879 1832 911 et
1857 874 1962 911 utili-

422 939 532 972 tatem
551 934 670 970 dictae
696 933 869 970 eeclesiae
889 933 935 969 de
953 933 1101 970 Thosan
1129 938 1164 969 et
1185 932 1230 969 ad
1251 932 1464 969 celeriorem
1491 932 1608 982 ipsius
1621 931 1890 971 ,liberationem
1915 933 1962 970 de

421 992 556 1030 debitis
574 991 767 1028 antedictis
786 991 964 1028 duximus
984 991 1105 1028 taliter
1121 990 1394 1036 ordinandum,
1413 990 1587 1026 videlicet
1603 990 1706 1040 quod
1727 995 1848 1027 curtes
1871 991 1960 1028 tales

422 1051 616 1089 tradantur
633 1050 678 1086 ad
698 1063 850 1086 censum
869 1054 904 1086 et
921 1053 1053 1086 cuncta
1072 1049 1225 1086 mobilia
1245 1053 1388 1099 reperta
1411 1049 1449 1085 in
1468 1049 1520 1085 eis
1547 1048 1758 1085 vendantur
1774 1053 1810 1085 et
1825 1049 1962 1086 distra-

422 1110 573 1155 llantur7
598 1113 634 1145 et
660 1109 698 1145 in
723 1109 947 1146 solutionem
969 1122 1011 1145 ac
1037 1108 1323 1145 satisfactionem
1349 1107 1533 1145 dictorum
1561 1107 1774 1144 debitorum
1797 1107 1958 1158 pretium

422 1169 580 1206 totaliter
595 1173 843 1205 eonvertatur.
862 1168 965 1216 Quae
983 1168 1136 1205 mobilia
1156 1168 1186 1205 si
1206 1181 1281 1204 non
1301 1167 1534 1212 suffecerint,
1552 1167 1713 1203 vendere
1731 1171 1908 1216 poterunt
1925 1171 1961 1203 et

419 1227 611 1264 debebunt
631 1229 719 1265 tales
746 1233 879 1274 terras„
900 1241 993 1279 quas
1019 1228 1106 1265 satis
1133 1228 1340 1278 periculose
1370 1227 1548 1264 hactenus
1571 1226 1962 1277 possederunt710nge

419 1286 595 1323 distantes
619 1286 666 1323 ab
690 1287 741 1323 eis
767 1291 803 1324 ct
824 1287 948 1324 minus
975 1287 1083 1323 utiles
1106 1290 1313 1338 reputatas‚
1337 1286 1385 1322 ita
1414 1285 1516 1336 quod
1545 1285 1734 1322 dictorum
1761 1284 1959 1322 mobilium

419 1357 460 1380 ae
478 1344 642 1394 ipsarum
664 1349 865 1390 terrarum,
890 1346 919 1382 si
945 1359 1004 1382 eas
1023 1346 1133 1382 vendi
1158 1345 1370 1394 contigerit,
1398 1344 1514 1394 pretia
1538 1343 1726 1380 dictorum
1746 1343 1959 1380 debitorum

418 1405 594 1442 solutioni
614 1410 650 1441 et
667 1405 781 1442 nullis
800 1406 955 1442 omnino
974 1406 1105 1443 usibus
1125 1406 1206 1443 aliis
1225 1405 1476 1456 applicentur,
1504 1403 1684 1454 quodque
1708 1403 1755 1440 de
1773 1402 1958 1439 dictorum

417 1462 611 1499 mobilium
636 1477 700 1500 seu
725 1469 906 1500 terrarum
928 1464 1066 1514 pretio7
1095 1477 1239 1501 necnon
1265 1463 1403 1514 quibus
1425 1462 1673 1500 creditoribus
1701 1475 1766 1500 seu
1787 1461 1958 1512 personis

418 1525 453 1557 et
470 1525 652 1571 quantum
671 1522 827 1572 singulis
846 1522 957 1559 fuerit
969 1523 1214 1573 persolutum⁷
1231 1521 1350 1568 nobis7
1364 1520 1667 1572 quandocunque
1681 1520 1909 1557 voluerimus
1924 1524 1960 1556 et

417 1579 650 1630 petierimus„
669 1580 762 1631 ratio
779 1581 889 1631 plena
906 1581 980 1618 fiat.

467 1638 557 1674 Acta
584 1652 676 1675 sune
705 1638 811 1685 haec,
836 1639 944 1676 dictis
966 1639 1243 1676 venerabilibus
1274 1638 1442 1689 patribus
1474 1637 1610 1674 talibus
1642 1636 1900 1688 praesentibus
1925 1639 1960 1673 et

419 1696 754 1744 consentientibus„
777 1711 819 1734 ac
837 1711 902 1735 sua
921 1697 1042 1748 sigilla
1062 1710 1134 1734 una
1155 1711 1240 1734 cum
1260 1701 1387 1734 nostro
1406 1701 1442 1733 et
1459 1696 1548 1733 dicti
1568 1695 1759 1732 coabbatis
1779 1694 1894 1732 nostri
1913 1694 1960 1732 de

418 1753 566 1790 Thosan
593 1755 723 1804 sigillis
742 1756 998 1805 praesentibus
1018 1756 1148 1793 litteris
1174 1755 1449 1806 apponentibus
1468 1767 1566 1791 anno
1586 1754 1805 1792 Dominicae
1833 1753 1960 1790 lncar—

420 1813 580 1849 nationis
591 1843 690 1850 ......

467 1870 532 1907 Vel
552 1872 658 1908 aliter
675 1872 722 1909 ab
747 1872 810 1909 illo
829 1873 910 1909 loco
930 1888 937 1908 :
958 1873 987 1910 si
1007 1873 1053 1909 de
1072 1877 1198 1910 nostro
1221 1872 1438 1924 procederet
1461 1871 1618 1908 consilio
1637 1875 1672 1907 et
1698 1882 1861 1907 assensu.
1885 1869 1959 1907 Nos

419 1928 464 1965 ad
495 1929 631 1966 dictam
658 1935 811 1981 propter
839 1932 910 1968 hoc
939 1932 1129 1969 ecclesiam
1158 1932 1402 1982 personaliter
1430 1931 1644 1968 aecedentes
1669 1942 1711 1966 ac
1741 1927 1958 1978 hujusmodi

421 1988 568 2038 negotio
586 1989 743 2026 sollicite
775 1990 1020 2037 intendendQ
1047 1990 1124 2027 vias
1147 1991 1386 2042 exquirentes
1410 1995 1446 2026 et
1475 1989 1607 2026 modos
1631 2002 1698 2039 per
1721 2001 1816 2038 quos
1849 1986 1959 2023 forsi—

420 2051 479 2083 tan
500 2047 578 2097 ipsa
598 2048 749 2085 ecclesia
767 2053 912 2099 poterat
929 2049 1163 2087 commodius
1179 2049 1331 2087 relevari
1344 2079 1353 2095 7
1372 2048 1541 2098 diligenti
1556 2047 1839 2098 investigatione
1851 2059 1959 2096 prae-

420 2105 528 2141 missa
547 2119 567 2141 a
586 2106 718 2155 majori
739 2112 774 2143 et
791 2107 937 2144 saniore
955 2112 1059 2158 parte
1081 2113 1284 2144 conventus
1309 2107 1482 2144 ecclesiae
1500 2105 1740 2157 praelibatae,
1759 2117 1835 2142 non
1855 2104 1959 2141 inve—

420 2162 543 2199 nimus
573 2165 676 2213 quod
704 2165 848 2202 facilius
880 2170 916 2202 et
944 2166 1178 2203 commodius
1208 2167 1286 2217 ipsa
1317 2166 1411 2202 soret
1440 2165 1591 2202 ecclesia
1623 2178 1643 2200 a
1670 2163 1957 2214 praemissorum

418 2220 629 2257 debitorum
660 2223 803 2260 sarcina
837 2224 1030 2261 liberanda
1059 2238 1172 2275 quam
1204 2238 1271 2275 per
1299 2224 1552 2261 venditionem
1586 2236 1651 2260 seu
1680 2221 1957 2259 distractionem

418 2279 627 2328 aliquarum
648 2285 849 2328 terrarum,
868 2283 1082 2333 praesertim
1103 2297 1187 2320 cum
1207 2287 1359 2334 propter
1379 2283 1496 2319 levem
1521 2294 1622 2318 nunc
1647 2284 1856 2317 currentem
1875 2291 1958 2315 mo-

420 2341 541 2374 netam
564 2350 609 2373 ex
638 2351 835 2376 usurarum
862 2341 1038 2391 voragine
1064 2355 1128 2378 seu
1155 2342 1388 2378 mutuatione
1415 2340 1614 2391 pecuniae,
1641 2351 1736 2390 quae
1753 2337 1816 2374 vix
1834 2341 1956 2373 tamen

419 2395 649 2432 inveniretur
676 2396 746 2434 hiis
777 2399 1008 2448 temporibus
1037 2399 1306 2446 contrahenda7
1334 2399 1482 2450 gravior
1505 2398 1671 2448 jactura,
1698 2396 1957 2446 sicut‘propo-
