2184 3074
475 361 549 402 494
1024 358 1186 397 conssx
1211 358 1456 401 DUNENSIS.

474 479 592 527 missi,
609 477 772 530 sigillum
792 481 960 514 nostrum
982 475 1239 531 praesentibus
1257 475 1390 513 litteris
1409 488 1484 513 una
1502 489 1588 514 cum
1607 477 1730 528 sigillo
1745 478 1952 519 abbatime
1971 486 2008 519 et

474 541 676 576 conventus
694 536 740 572 de
759 534 1045 585 Ravensbergbe
1061 533 1240 571 duximus
1260 534 1540 584 apponendum.

1180 658 1303 670 —QOO-

1112 801 1360 842 CCCXLVIII.

522 921 652 959 L’abbe'
667 921 730 958 des
745 923 870 958 Dunes
888 923 1078 959 reeonnait
1096 921 1223 959 devoir
1239 921 1337 959 deux
1359 921 1458 959 mille
1475 921 1585 960 livres
1600 924 1741 973 parisis
1759 924 1782 961 ἁ
1800 925 1896 962 Jean
1911 925 1956 964 de

972 981 1104 1027 Paris,
1123 981 1313 1032 bourqeois
1329 981 1502 1020 d’Arras.

1213 1082 1261 1090 ..—

520 1184 706 1223 Universis
724 1190 933 1236 praesentes
950 1187 1089 1224 litteras
1115 1187 1338 1238 inspecturis
1356 1188 1468 1225 frater
1489 1187 1557 1225 Th.
1577 1188 1700 1226 dictus
1717 1188 1834 1226 abbas
1854 1200 2006 1225 monu-

470 1243 551 1280 terii
580 1244 626 1281 de
651 1245 790 1292 Dunis,
814 1250 988 1296 totusque
1015 1246 1181 1296 ejusdem
1206 1247 1277 1284 loci
1304 1251 1527 1293 conventus,
1553 1247 1819 1298 Gysterciensis
1841 1246 2004 1294 ordinis,

470 1302 691 1341 Morinensis
709 1304 899 1354 dyocesis,
919 1305 1074 1342 salutem
1094 1305 1132 1342 in
1152 1305 1324 1342 Domino.

517 1361 667 1399 Noverit
685 1363 911 1400 Universitas
930 1363 1055 1401 Vestra
1074 1364 1175 1414 quod
1195 1377 1263 1401 nos
1286 1364 1466 1403 dehemus
1490 1363 1626 1402 dilecto
1645 1368 1772 1401 nostro
1794 1363 1833 1401 in
1853 1363 2003 1402 Christo

466 1420 646 1467 solemni,
660 1421 760 1458 dicto
773 1422 819 1458 de
833 1422 951 1467 Paris,
964 1422 1035 1458 civi
1050 1422 1298 1470 Atrebatensi‚
1313 1422 1389 1460 duo
1404 1422 1506 1459 milia
1523 1422 1704 1459 librarum
1720 1421 2001 1468 Parisiensfflm,

467 1492 559 1530 quas
577 1479 698 1517 dictus
718 1480 908 1518 Johannes
927 1480 1036 1517 nobis
1053 1480 1100 1516 de
1117 1481 1268 1531 propria
1287 1485 1322 1517 et
1340 1493 1440 1517 mera
1457 1484 1555 1518 sorte
1572 1493 1638 1517 sua
1658 1480 1698 1516 in
1716 1479 1875 1530 pecunia
1900 1479 2000 1517 bona

468 1542 503 1575 et
520 1537 614 1575 bene
640 1543 847 1585 numerata
870 1544 1034 1576 cessante
1052 1539 1154 1576 omni
1180 1539 1308 1577 illicita
1333 1540 1389 1576 vel
1410 1539 1605 1577 inhonesta
1632 1539 1822 1589 pactione,
1841 1538 1888 1576 ad
1907 1551 2002 1590 opus

467 1598 681 1635 monasterii
702 1598 816 1635 nostri
844 1598 890 1635 de
911 1598 1031 1636 Dunis
1050 1598 1229 1649 praedicti
1248 1599 1409 1650 benigne
1426 1603 1462 1636 et
1480 1598 1728 1636 amicabiliter
1749 1597 1950 1644 mutuavit,
1967 1603 2004 1636 et

467 1670 533 1694 nos
551 1656 717 1693 eamdem
735 1657 933 1707 pecuniam
952 1670 1065 1708 quam
1083 1657 1130 1694 ab
1149 1671 1192 1695 eo
1211 1657 1418 1707 recepimus
1437 1658 1574 1695 bonam
1593 1662 1630 1694 et
1646 1657 1742 1694 bene
1756 1662 2001 1704 numeratam,

466 1715 607 1752 totam
598 1729 635 1767 in
650 1729 883 1752 communem
898 1716 1112 1753 monasterii
1128 1717 1243 1754 nostri
1260 1717 1438 1767 praedicti
1457 1716 1654 1754 utilitatem
1664 1715 1916 1753 convertimus
1929 1715 2003 1753 evi-

464 1774 623 1811 dentem.
651 1774 770 1822 Quam
802 1774 910 1812 etiam
945 1776 1139 1826 pecuniam
1173 1781 1342 1813 tenemur
1370 1780 1406 1813 et
1435 1775 1688 1827 promittimus
1720 1775 1792 1813 sub
1822 1775 2002 1826 religione

465 1832 580 1870 nostri
595 1832 736 1870 ordinis
755 1833 908 1870 reddere
925 1838 962 1871 et
974 1834 1116 1872 solvere
1130 1835 1292 1886 legitime
1308 1835 1409 1872 dicto
1424 1835 1589 1873 Johanni
1603 1834 1662 1871 vel
1676 1833 1756 1884 ejus
1772 1838 1873 1871 certo
1894 1845 2002 1871 man·

465 1890 550 1927 dato
571 1890 670 1941 apud
700 1891 929 1929 Abrebatum
950 1892 1045 1930 infra
1067 1906 1230 1931 mensem
1250 1899 1448 1945 postquam
1470 1894 1517 1931 ab
1543 1893 1625 1944 ipso
1649 1893 1707 1930 vel
1727 1892 1774 1929 ab
1801 1892 1930 1943 aliquo
1954 1904 2000 1929 ex

463 1953 566 1999 parte
584 1949 663 1999 ejus
690 1949 870 1988 fuerimus
894 1964 1006 2001 super
1033 1952 1103 1988 hoc
1120 1952 1310 2003 requisiti,
1337 1957 1373 1989 et
1398 1952 1430 1988 ei
1449 1952 1507 1989 vel
1525 1951 1605 2001 ejus
1633 1950 1807 1988 mandato
1835 1950 1883 1987 de
1908 1949 2000 1988 sub-

463 2008 667 2045 monitione
691 2009 916 2046 credendum
946 2015 1000 2047 est
1017 2023 1130 2061 super
1147 2011 1288 2047 dictum
1304 2024 1413 2047 suum
1432 2010 1489 2047 vel
1513 2023 1624 2060 super
1646 2009 1789 2046 dictum
1807 2008 1865 2045 sui
1892 2021 2001 2045 inan-

462 2067 537 2104 dati
557 2068 698 2118 absque
718 2068 788 2105 alia
812 2069 1032 2119 probatione
1058 2082 1293 2121 quacunque.
1326 2070 1364 2107 Si
1388 2083 1476 2107 vero
1501 2069 1588 2108 inde
1612 2068 1871 2112 deficeremus,
1895 2066 2000 2118 quod

462 2126 574 2173 absit,
591 2126 717 2163 omnia
743 2127 922 2178 dampna,
941 2133 1067 2166 custus
1096 2133 1132 2166 et
1158 2143 1338 2180 expensas
1366 2142 1462 2180 quae
1484 2129 1607 2165 dietus
1627 2126 1820 2165 ‚lohannes
1846 2129 2000 2182 propter

461 2184 645 2222 desectum
666 2184 861 2223 solutionis
880 2192 1027 2225 nostrae
1044 2187 1250 2225 incurreret
1268 2188 1393 2226 dando
1411 2187 1575 2225 dominis
1596 2186 1770 2232 terrenis,
1785 2183 1999 2235 justitiariis

461 2242 517 2278 vel
540 2242 705 2289 ballivis,
725 2248 788 2280 aut
806 2244 986 2295 litigando
1008 2246 1047 2283 in
1066 2246 1147 2283 soro
1165 2247 1412 2284 ecclesiastico
1429 2259 1494 2284 seu
1512 2244 1704 2283 mundano
1722 2243 1914 2295 praedicto
1929 2243 1998 2280 de-

460 2299 539 2336 bito
561 2300 784 2351 requirendo
811 2307 846 2339 et
873 2303 1087 2341 rellabendo
1111 2305 1188 2342 sive
1207 2318 1227 2342 a
1252 2318 1481 2356 quocunque
1499 2303 1627 2350 modo,
1645 2303 1677 2339 ei
1703 2302 1762 2339 vel
1787 2301 1868 2351 eJus
1897 2305 1998 2338 certo

461 2358 634 2396 mandato
666 2365 835 2398 tenemur
863 2366 899 2398 et
929 2363 1180 2413 promittimus
1206 2363 1278 2400 sub
1309 2363 1488 2414 religione
1518 2361 1635 2399 nostri
1656 2359 1800 2397 ordinis
1832 2358 1997 2409 legitime

461 2418 651 2456 restituere
677 2421 777 2470 apud
798 2421 1015 2459 Atrebatum
1038 2435 1124 2459 cum
1149 2422 1277 2459 debito
1293 2421 1484 2473 praedicto
1501 2434 1614 2472 super
1630 2420 1773 2457 dictum
1798 2430 1911 2456 suum
1937 2418 1996 2455 vel

461 2489 573 2526 super
590 2476 729 2514 dictum
749 2478 804 2514 sui
821 2479 984 2516 mandati
1001 2479 1142 2530 absque
1156 2479 1226 2517 alia
1241 2480 1462 2530 probatione
1474 2491 1712 2530 quacunque,
1725 2489 1795 2515 nec
1807 2489 1878 2527 pro
1893 2475 1996 2513 inhi-

2068 2168 2102 2202 κθ
