2184 3074
462 275 534 312 548
1018 279 1176 317 CODEX
1206 278 1451 317 DUNENSIS.

1069 420 1072 423 ⁴
1141 441 1327 480 ccxxm.

515 563 860 601 Recommandation
887 575 931 598 en
956 562 1090 611 favem-
1115 560 1225 597 d’une
1241 561 1358 610 jeune
1382 560 1458 610 fille
1483 562 1547 610 qui
1571 560 1691 598 desire
1715 563 1789 599 &tre
1814 561 1954 611 admiae
2010 600 2012 603 ,

1027 619 1122 656 dans
1148 632 1201 656 un
1227 621 1443 656 monastere.
2010 609 2013 617 ¹

513 818 605 854 Cum
621 817 702 853 talis
717 816 840 866 puella
857 816 952 853 bene
965 816 1122 853 litterata
1141 820 1177 853 et
1193 816 1303 853 bonis
1322 815 1490 852 moribus
1508 814 1698 861 adornata„
1718 814 1849 864 spretis
1867 814 2000 851 mundi

462 875 705 921 vanitatibus,
727 874 910 912 desideret
930 875 978 911 in>
993 875 1125 912 ordine
1150 879 1273 912 vestro
1299 874 1462 911 Domino
1485 873 1674 920 famulari,
1707 877 1867 911 vestram
1891 872 2001 909 dilec—

462 935 617 979 tionem7
636 934 682 970 de
705 946 779 984 qua
799 933 1063 970 confidentiam
1085 933 1124 970 in
1152 933 1313 970 Domino
1338 932 1500 983 gerimus
1526 932 1748 983 pleniorem,
1774 930 1999 982 requirimus

461 998 601 1043 quanto
616 992 851 1029 affectuosius
870 1005 1069 1042 possumus
1090 997 1126 1029 et
1144 1005 1329 1043 rogamus,
1349 991 1419 1028 hoc
1436 991 1623 1041 exigentes
1642 1005 1662 1028 a
1680 991 1787 1028 vobis
1809 990 1915 1041 quasi
1930 1003 1998 1040 pro

460 1065 614 1088 munere
629 1051 797 1101 speciali7
816 1055 999 1101 quatenus
1018 1055 1171 1102 propter
1195 1052 1317 1088 Deum
1344 1054 1380 1087 et
1398 1050 1576 1088 instantes
1596 1063 1722 1101 preces
1750 1054 1894 1087 nostras
1918 1061 1998 1086 eam

460 1111 503 1160 in,
521 1110 681 1146 domo....
701 1110 814 1160 recipi
842 1110 984 1147 faciatis
1000 1110 1039 1146 in
1058 1109 1258 1147 monialem
1277 1122 1443 1160 congruo
1462 1113 1629 1159 tempore
1647 1108 1895 1155 vestiendam7
1921 1113 1994 1145 tam

459 1167 627 1218 diligenti
649 1181 736 1204 cura
751 1167 851 1205 istud
860 1167 1055 1217 'negotium
1077 1167 1320 1218 adimplentes
1339 1180 1381 1204 ac
1394 1167 1423 1204 si
1442 1167 1540 1204 dicta
1559 1167 1682 1217 puella
1705 1166 1876 1204 existeret
1892 1179 1998 1204 soror

459 1231 594 1265 nostra.

1185 1300 1301 1312 w

1137 1445 1323 1483 CCXXIV.

884 1564 1000 1599 Aulre
1026 1562 1127 1600 lettre
1153 1562 1196 1599 de
1222 1562 1573 1600 recommandation.

506 1757 669 1795 Salutem
693 1763 729 1795 et
746 1759 892 1809 pietatis
914 1760 1036 1796 oleum
1061 1759 1099 1795 in
1119 1759 1240 1796 cordis
1265 1758 1435 1809 lampade
1467 1762 1620 1808 propter
1639 1757 1806 1795 miserias
1837 1757 1993 1808 inopum

452 1816 592 1867 jugiter
609 1830 817 1868 aggregare.

505 1876 598 1913 Cum
625 1876 831 1913 secundum
859 1877 1069 1927 apostolum
1101 1880 1293 1913 teneamur
1317 1875 1460 1926 operari
1493 1875 1635 1912 bonum
1666 1874 1713 1911 ad
1746 1886 1890 1920 omnes,
1918 1873 1992 1911 illis

456 1939 578 1971 tamen
589 1934 705 1985 magis
721 1939 775 1972 est
792 1935 902 1971 oculo
925 1934 1200 1972 misericordiae
1218 1933 1488 1984 assurgendum
1507 1933 1572 1984 qui
1592 1933 1678 1970 totis
1695 1932 1901 1970 visceribus
1925 1945 1994 1969 an-

456 1993 582 2030 helant
607 1993 653 2030 ad
672 1993 861 2043 religionis
880 1994 1087 2044 profectum
1115 1997 1151 2030 et
1167 1992 1330 2029 caritatis
1349 1995 1600 2043 augmentum.
1620 1990 1737 2041 Igitur
1754 2003 1821 2041 per
1838 1990 1991 2026 latorem

455 2052 724 2103 praesentium,
739 2066 868 2102 quem,
883 2052 948 2089 diu
967 2056 1037 2098 est,
1055 2052 1202 2088 fidelem
1222 2051 1394 2089 novimus
1413 2055 1449 2088 et
1465 2050 1680 2096 honestum,
1698 2053 1857 2087 vestram
1876 2047 1993 2085 dilec-

455 2112 611 2157 tionem,
630 2115 696 2148 ete.
