2184 3074
749 323 910 361 CODEX
937 324 1170 363 DUNENSlS
1658 328 1723 367 ⁴6¹

905 490 1028 530 CVlll.

260 607 483 644 Documenta
500 605 647 657 relatiss
665 607 689 643 ἀ
714 606 750 644 la
768 606 1047 703 άίπιῒιρἰηηαὶε
1067 608 1158 646 leude
1176 622 1252 659 par
1269 609 1440 660 Plailippe
1457 610 1488 647 le
1506 610 1589 655 Bel,
1609 612 1668 648 roi

878 679 896 703 e
919 667 1072 704 Franco.

239 849 448 887 Balduinus
458 849 505 886 de
517 849 681 896 Wisant,
691 850 852 888 decanus
865 851 1039 888 ecclesiae
1052 852 1270 890 Morinensis
1279 882 1288 897 ,
1297 858 1332 890 et
1342 853 1402 892 W.
1413 854 1534 892 dictus
1542 855 1725 907 Armiger,

189 906 310 945 dictae
326 908 500 946 ecclesiae
517 908 736 955 canonicus,
755 908 968 946 collectores
982 909 1146 947 decimae
1163 910 1346 949 biennalis
1362 911 1399 948 in
1415 911 1561 950 civitate
1577 918 1612 950 et
1629 913 1726 963 dyo-

189 966 261 1004 cesi
277 967 478 1004 Morinensi
499 967 750 1005 illustrissimo
764 967 925 1019 principi
941 968 1135 1020 Philippo,
1150 969 1377 1007 Francorum
1391 970 1458 1007 Dei
1473 971 1587 1022 gratia
1603 972 1692 1022 regi,
1703 985 1723 1008 a

187 1023 281 1062 Sede
297 1025 508 1075 Apostolica
528 1037 738 1071 concessae,
755 1026 931 1064 omnibus
953 1032 987 1064 et
1007 1027 1164 1078 singulis
1185 1028 1333 1065 decanis
1353 1027 1666 1066 christianitatum
1686 1030 1723 1066 in

186 1081 333 1119 civitate
358 1087 395 1120 et
417 1082 567 1133 dyocesi
596 1083 798 1121 Morinensi
823 1085 1053 1132 constitutis,
1079 1086 1125 1122 ad
1143 1099 1237 1136 quos
1255 1091 1463 1137 praesentes
1483 1087 1622 1124 litterae
1640 1100 1724 1138 per-

184 1141 371 1188 venerint,
391 1142 548 1179 salutem
569 1142 608 1179 in
627 1142 799 1180 Domino.

235 1199 424 1238 Noveritis
442 1213 508 1238 nos
529 1200 668 1238 litteras
688 1201 940 1252 infrascriptas
958 1202 1138 1252 recepisse
1156 1203 1311 1240 sormam
1330 1217 1426 1254 quae
1444 1204 1622 1254 sequitur,
1641 1216 1725 1240 con·

185 1257 345 1296 tinentes
369 1273 376 1295 ε

237 1316 463 1355 Reverendis
482 1317 520 1354 in
541 1318 688 1355 Christo
708 1318 876 1368 patribus
906 1318 1068 1355 dominis
1091 1318 1372 1369 archiepiscopo
1392 1319 1562 1356 Remensi
1588 1323 1623 1355 et
1641 1332 1723 1355 om-

186 1375 299 1413 nibus
311 1376 495 1427 episcopis
518 1377 710 1415 Remensis
728 1378 943 1428 provinciae
965 1377 1205 1428 suffraganeis
1228 1391 1271 1414 ac
1289 1377 1378 1414 viris
1395 1378 1668 1414 venerabilibus
1687 1382 1723 1414 et

185 1433 353 1472 discretis
371 1435 496 1472 electis
513 1435 732 1483 abbatibus,
750 1437 958 1487 prioribus,
982 1437 1201 1487 praepositis
1213 1466 1222 1482 ,
1247 1437 1414 1481 decanis,
1433 1436 1721 1481 archidiaconis,

185 1493 518 1545 archipresbyteris
536 1499 572 1532 et
588 1495 670 1533 aliis
689 1496 928 1533 ecclesiarum
947 1495 1136 1546 praelatis,
1155 1495 1343 1546 capitulis,
1362 1495 1540 1544 collegiis,
1559 1507 1722 1531 conven-

184 1551 285 1589 tibus
306 1552 580 1599 Cisterciensis,
608 1554 879 1599 Cluniacensis,
904 1554 1294 1599 praemonstratensis,
1319 1553 1442 1590 Sancti
1467 1552 1655 1590 Benedicti
1688 1556 1722 1588 et

183 1607 307 1647 Sancti
331 1610 549 1660 Augustini,
573 1611 818 1650 Cartusiensis
849 1618 885 1650 et
903 1612 1252 1650 Grandimontensis
1278 1617 1314 1649 et
1343 1612 1500 1648 aliorum
1529 1611 1721 1661 ordinum,

183 1680 329 1705 necnon
347 1668 556 1719 prioribus,
576 1670 878 1720 praeceptoribus
892 1675 928 1707 et
940 1671 1125 1721 magistris
1140 1670 1380 1721 hospitalium
1396 1669 1518 1706 Sancti
1537 1669 1719 1707 Johannis

182 1726 520 1774 Jherosolimitani,
537 1728 735 1766 domorum
756 1730 910 1767 militiae
926 1730 1091 1780 Templi,
1110 1729 1336 1780 caeterisque
1355 1729 1530 1766 omnibus
1551 1728 1718 1779 personis

182 1785 437 1823 ecclesiasticis
456 1787 691 1837 regularibus
709 1791 744 1824 et
762 1788 1006 1834 secularibus,
1022 1787 1202 1838 exemptis
1222 1792 1257 1824 et
1271 1800 1344 1824 non
1360 1786 1554 1837 exemptis,
1574 1786 1611 1823 in
1630 1799 1719 1836 pro-

181 1843 303 1881 vincia
322 1845 494 1882 Remensi
514 1846 742 1892 constitutis,
769 1846 992 1884 Guillelmus
1009 1846 1056 1883 de
1073 1846 1253 1891 Gisortio,
1273 1846 1556 1883 archidiaconus
1575 1845 1716 1895 Algiae,

182 1901 221 1939 in
237 1903 389 1941 ecclesia
408 1903 634 1942 Luxoviensi
662 1905 938 1943 commissarius
959 1919 1023 1942 seu
1048 1905 1307 1955 subdelegatus
1331 1919 1349 1941 a
1374 1904 1583 1941 reverendis
1601 1903 1716 1953 patri-

181 1960 252 1998 bus
270 1961 424 2000 domino
439 1963 478 2000 E.
497 1964 565 2001 Dei
583 1964 699 2015 gratia
714 1963 994 2014 archiepiscopo
1008 1963 1239 2001 Narbonensi
1256 1968 1292 2000 et
1307 1963 1460 2000 domino
1476 1963 1514 1999 P.
1534 1962 1579 1998 de
1593 1962 1715 1999 Bella-

180 2019 336 2069 pertica,
370 2020 486 2058 electo
519 2021 813 2060 Autisiodorensi
825 2051 833 2067 ,
869 2022 1129 2059 executoribus
1163 2035 1227 2059 seu
1262 2021 1521 2058 collectoribus
1550 2019 1713 2055 decimae

180 2075 364 2115 biennalis
383 2079 692 2117 excellentissimo
717 2080 877 2131 principi
906 2080 1060 2117 domino
1079 2080 1254 2130 Philippo
1279 2079 1344 2116 Dei
1363 2079 1477 2129 gratia
1498 2077 1572 2127 regi
1596 2077 1713 2114 Fran-

180 2147 309 2172 corum
326 2136 458 2174 illustri
473 2151 667 2176 concessae
681 2152 701 2176 a
715 2139 809 2178 Sede
823 2139 1047 2190 Apostolica,
1061 2139 1270 2189 deputatus,
1284 2138 1438 2175 salutem
1453 2142 1489 2174 et
1502 2137 1713 2187 apostolicis

180 2192 336 2231 firmiter
361 2195 513 2234 obedire
544 2198 738 2236 mandatis.
767 2199 924 2236 Litteras
957 2199 1142 2236 dictorum
1176 2198 1413 2235 dominorum
1445 2195 1711 2247 archiepiscopi

180 2250 432 2290 Narbonensis
451 2259 487 2291 et
503 2254 607 2292 electi
629 2256 943 2294 Autisiodorensis
962 2256 1167 2306 recepimus
1187 2256 1224 2292 in
1245 2255 1334 2292 haec
1350 2254 1462 2291 verba
1482 2269 1489 2290 :

230 2310 423 2361 Aegidius,
443 2312 678 2351 miseratione
690 2314 816 2352 divina
833 2315 1133 2365 archiepiscopus
1151 2312 1420 2358 Narbonensis,
1433 2317 1468 2349 et
1484 2312 1522 2349 P.
1537 2311 1583 2348 de
1598 2311 1712 2348 Bella-

180 2369 336 2419 pertica,
356 2370 493 2408 electus
516 2371 845 2419 Autisiodorensis,
867 2378 1080 2410 executores
1103 2372 1150 2409 ad
1172 2386 1213 2409 ea
1234 2385 1330 2422 quae
1350 2375 1558 2421 sequuntur
1573 2383 1592 2406 a
1618 2370 1711 2408 Sede

181 2427 391 2478 Apostolica
414 2428 596 2479 deputati,
619 2430 778 2467 discreto
798 2431 879 2468 viro
901 2431 1076 2481 magistro
1103 2430 1165 2467 W.
1187 2430 1233 2466 dc
1251 2429 1431 2475 Gisortio,
1449 2428 1711 2466 archidiacono
