2184 3074
742 371 904 410 CODEX
930 373 995 411 DU
1001 371 1173 411 NENSIS.
1637 373 1709 411 53³

826 546 1060 584 CCCLXXll.

176 666 296 703 belm
312 664 358 703 de
372 665 482 710 leun,
497 663 584 702 αόὀέ
599 664 643 702 de
665 664 883 709 Clairvauae,
897 665 921 701 ἁ
934 664 1126 714 plusieurs
1143 664 1245 703 abbe‘s
1262 666 1307 703 de
1332 665 1466 703 l'ordre
1488 665 1532 703 de
1550 667 1704 703 Citeauae

225 723 473 762 relativemem
494 724 517 760 ὰ
535 723 573 761 la
595 722 687 761 levee
706 722 750 760 de
766 724 943 760 certaines
968 729 1068 761 taxes
1087 737 1186 774 pour
1203 724 1235 762 le
1246 731 1442 775 pays-ment
1457 724 1519 762 dea
1536 724 1646 762 denes
1661 724 1705 761 de

225 781 370 820 l’ordre.

223 955 507 995 Venerabilibus
528 959 565 993 et
582 955 621 992 in
639 955 786 992 Christo
805 955 1010 992 karissimis
1033 955 1276 993 coabbatibus
1293 956 1369 993 suis
1387 955 1433 993 de
1450 956 1585 993 Tribus
1603 956 1704 993 Fon-

173 1015 292 1060 tibus,
310 1016 358 1052 de
374 1013 540 1065 igniaco,
557 1013 604 1050 de
623 1013 828 1060 Fusniaeo,
846 1013 892 1050 de
912 1013 1038 1064 Longo
1057 1013 1192 1060 Ponte,
1209 1013 1256 1050 de
1270 1013 1372 1051 Valle
1389 1014 1494 1051 Clara
1506 1042 1515 1059 ,
1533 1014 1580 1051 de
1600 1013 1702 1052 Ursi-

171 1086 320 1125 campo,
337 1073 384 1110 de
392 1072 583 1119 Valcellis,
598 1072 644 1110 de
658 1072 944 1119 Claromarisco,
960 1072 1006 1109 de
1018 1072 1155 1119 Dunis,
1173 1073 1219 1109 de
1236 1072 1377 1119 Laude,
1395 1072 1441 1109 de
1455 1072 1702 1119 Camberone,

172 1131 373 1178 devillari,
393 1131 439 1168 de
455 1131 569 1178 Alna,
586 1131 634 1168 de
648 1130 750 1169 Valle
771 1131 835 1168 Dei
853 1135 890 1168 et
906 1130 952 1168 de
970 1131 1208 1168 Bullencuria
1219 1160 1228 1177 ,
1247 1132 1358 1168 frater
1373 1131 1562 1169 lohannes
1579 1130 1701 1169 dictus

171 1191 285 1244 abbas
306 1189 606 1236 Clarevallensis,
625 1190 779 1227 salutem
799 1194 835 1227 et
852 1191 1014 1227 fructum
1033 1190 1265 1227 obedientiae
1280 1190 1487 1227 salutarem.

220 1249 339 1296 Licet,
358 1249 396 1286 in
410 1248 558 1286 Christo
571 1247 713 1295 dilecti,
732 1261 845 1299 quam
862 1248 1034 1299 pluribus
1049 1248 1178 1285 vestris
1192 1248 1468 1298 gravaminibus
1480 1261 1576 1298 quae
1589 1247 1701 1285 variis

171 1308 292 1346 modis
311 1320 376 1345 vos
394 1307 595 1345 incurrisse
613 1307 872 1358 cognovimus,
891 1307 954 1358 pio
973 1307 1218 1344 fraternaliter
1236 1307 1367 1343 affectu
1386 1306 1544 1357 compati
1564 1306 1700 1343 debea-

171 1381 270 1414 mus,
288 1367 391 1418 quod
409 1366 562 1418 quidem
582 1367 757 1404 volumus
774 1379 844 1417 pro
861 1370 1002 1417 quanto
1020 1379 1217 1417 possumus
1231 1371 1265 1402 et
1283 1365 1472 1409 debemus,
1487 1365 1699 1415 gravamina

170 1429 291 1463 tamen
310 1425 451 1476 quibus
466 1425 505 1462 in
519 1425 691 1476 expensis
705 1439 774 1476 pro
788 1424 979 1462 communi
997 1425 1155 1462 utilitate
1169 1424 1260 1461 ordo
1279 1428 1404 1461 noster
1417 1423 1575 1460 allicitur
1588 1428 1702 1460 atten-

169 1483 308 1530 dentes,
321 1483 628 1534 ordinationique
639 1483 822 1534 generalis
836 1483 990 1534 capituli
1006 1482 1275 1520 rationabiliter
1288 1482 1336 1519 ob
1352 1481 1422 1518 hoc
1438 1482 1551 1518 factae
1564 1480 1704 1517 obtem-

167 1554 298 1593 perare
322 1542 505 1588 volentes,
534 1541 582 1579 ad
609 1542 925 1580 contribuendum
951 1556 1020 1593 pro
1042 1542 1139 1579 dicta
1166 1541 1354 1578 communi
1378 1540 1534 1576 utilitate
1560 1538 1703 1576 ordinis

163 1600 272 1650 juxta
297 1600 387 1638 dicti
413 1601 596 1652 generalis
622 1601 898 1639 ordinationem
926 1602 1078 1652 capituli
1110 1600 1330 1650 compellere
1356 1612 1422 1636 nos
1452 1598 1620 1648 cogimur
1645 1597 1701 1634 vel

168 1658 285 1696 inviti.
312 1658 498 1697 Noveritis
526 1658 640 1710 igitur
665 1660 768 1710 quod
793 1659 832 1697 in
856 1674 976 1711 nuper
995 1659 1189 1710 praeterito
1213 1658 1373 1710 generali
1401 1657 1579 1707 capitulo,
1598 1655 1700 1707 quod

170 1716 342 1754 videlicet
360 1717 430 1754 suit
447 1730 546 1755 anno
563 1717 716 1755 Domini
734 1718 785 1755 Μο
795 1719 897 1756 CCC⁰
912 1718 1125 1765 undecimo,
1142 1718 1232 1755 sacta
1248 1716 1317 1754 suit
1329 1716 1510 1766 quaedam
1526 1715 1700 1752 diffinitio

170 1774 278 1824 cujus
296 1779 403 1812 tenor
421 1775 590 1826 sequitur
603 1775 641 1813 in
660 1775 750 1813 haec
767 1776 895 1814 verba:

218 1832 311 1870 Cum
340 1832 391 1870 ibi
417 1833 561 1871 cautius
587 1834 772 1885 agendum
800 1834 848 1872 sit
873 1834 938 1871 ubi
966 1833 1084 1883 majus
1111 1833 1316 1884 periculum
1341 1831 1523 1877 timeatur,
1546 1831 1700 1868 domino

167 1891 414 1941 Cysterciensi
429 1895 466 1928 et
478 1891 575 1929 ullor
588 1892 720 1943 primis
738 1893 938 1930 committit
952 1892 1155 1942 capitulum
1169 1890 1338 1941 generale
1355 1889 1530 1940 quatinus
1548 1901 1615 1939 pro
1633 1890 1702 1926 sol-

168 1949 298 1987 vendis
322 1949 457 1987 debitis
480 1950 557 1999 jam
589 1951 787 1988 contractis
812 1955 848 1988 et
873 1951 911 1989 in
938 1955 1126 2000 posterum
1151 1948 1258 1986 certis
1281 1948 1328 1984 de
1353 1947 1473 1985 causis
1495 1947 1700 1984 necessario

168 2007 433 2046 contrahendis
451 2008 766 2047 contributionem
786 2009 896 2047 faciat
909 2013 1020 2060 prout
1033 2006 1245 2045 relevationi
1260 2011 1295 2043 et
1308 2005 1540 2042 indemnitati
1556 2005 1698 2043 ordinis

167 2065 329 2103 viderint
347 2067 533 2118 expedire.
559 2067 606 2105 Et
623 2067 654 2105 si
673 2067 826 2105 abbates
850 2080 1013 2105 summas
1031 2066 1102 2103 sibi
1126 2065 1316 2115 impositas
1335 2063 1424 2101 locis
1443 2068 1478 2100 et
1495 2063 1661 2100 terminis
1678 2076 1699 2100 a

166 2125 336 2176 patribus
360 2125 560 2164 abbatibus
578 2127 724 2164 statutis
749 2139 824 2164 non
847 2125 1039 2171 solverint,
1058 2124 1159 2162 omni
1178 2127 1278 2161 sexta
1297 2122 1386 2159 seria
1405 2122 1480 2161 sint
1497 2121 1534 2158 in
1553 2134 1647 2172 pane
1664 2126 1701 2158 et

167 2197 283 2235 aqua,
309 2188 346 2222 et
369 2185 552 2236 quamdiu
580 2186 687 2224 istam
714 2199 871 2238 poenam
899 2187 1017 2223 facere
1042 2183 1267 2229 distulerint,
1293 2182 1448 2233 gradum
1474 2181 1598 2218 altaris
1623 2194 1697 2218 non

166 2242 387 2288 ascendant,
406 2247 442 2280 et
461 2243 706 2283 nihilominus
719 2245 833 2296 prior,
850 2245 1038 2296 subprior,
1056 2243 1226 2280 cellarius
1241 2246 1277 2279 et
1293 2240 1483 2278 bursarius
1501 2253 1569 2291 pro
1582 2240 1700 2290 depo-

168 2300 247 2338 sitis
266 2300 484 2340 habeantur.
499 2302 614 2342 Vobis
639 2304 754 2355 igitur
776 2303 999 2355 supradictis
1023 2301 1198 2339 omnibus
1222 2305 1258 2337 et
1281 2299 1437 2350 singulis
1456 2298 1700 2335 coabbatibus

165 2358 301 2396 nostris
330 2359 373 2396 in
388 2360 526 2399 virtute
550 2362 786 2400 diffinitionis
812 2362 1034 2413 praemissae
1058 2360 1190 2397 damus
1218 2363 1343 2396 tenore
1361 2357 1609 2408 praesentium
1635 2356 1700 2393 fir-

166 2416 275 2454 miter
304 2417 343 2454 in
370 2419 554 2458 mandatis
576 2421 754 2471 quatinus
781 2421 828 2458 de
857 2426 958 2470 parte
982 2418 1269 2457 contributionis
1295 2417 1333 2453 in
1351 2416 1514 2467 capitulo
1538 2415 1698 2466 generali

164 2474 360 2525 impositae
379 2489 447 2514 nos
466 2482 503 2515 et
523 2479 798 2529 generationem
823 2484 984 2516 nostram
1007 2477 1244 2526 contingente
1261 2487 1424 2513 summas
1449 2473 1700 2523 insi-ascriptas
