<?xml version="1.0" encoding="UTF-8"?>
<!DOCTYPE html PUBLIC "-//W3C//DTD XHTML 1.0 Transitional//EN"
    "http://www.w3.org/TR/xhtml1/DTD/xhtml1-transitional.dtd">
<html xmlns="http://www.w3.org/1999/xhtml" xml:lang="en" lang="en">
 <head>
  <title>
</title>
<meta http-equiv="Content-Type" content="text/html;charset=utf-8" />
  <meta name='ocr-system' content='tesseract 3.04.00' />
  <meta name='ocr-capabilities' content='ocr_page ocr_carea ocr_par ocr_line ocrx_word'/>
</head>
<body>
  <div class='ocr_page' id='page_1' title='image "./codexdunensissiv00kervuoft/codexdunensissiv00kervuoft_0410.png"; bbox 0 0 2184 3074; ppageno 0'>
   <div class='ocr_carea' id='block_1_1' title="bbox 484 247 1473 289">
    <p class='ocr_par' dir='ltr' id='par_1_1' title="bbox 484 247 1473 289">
     <span class='ocr_line' id='line_1_1' title="bbox 484 247 1473 289; baseline 0.004 -5"><span class='ocrx_word' id='word_1_1' title='bbox 484 247 556 285; x_wconf 81' lang='lat'><strong>568</strong></span> <span class='ocrx_word' id='word_1_2' title='bbox 1042 249 1204 287; x_wconf 88' lang='lat' dir='ltr'>CODEX</span> <span class='ocrx_word' id='word_1_3' title='bbox 1229 250 1473 289; x_wconf 82' lang='lat' dir='ltr'><strong>DUNENsls.</strong></span> 
     </span>
    </p>
   </div>
   <div class='ocr_carea' id='block_1_2' title="bbox 486 365 2015 534">
    <p class='ocr_par' dir='ltr' id='par_1_2' title="bbox 486 365 2015 534">
     <span class='ocr_line' id='line_1_2' title="bbox 486 365 2015 425; baseline 0.008 -24"><span class='ocrx_word' id='word_1_4' title='bbox 486 365 678 402; x_wconf 84' lang='lat' dir='ltr'><strong>Sanctitati</strong></span> <span class='ocrx_word' id='word_1_5' title='bbox 696 365 856 409; x_wconf 81' lang='lat' dir='ltr'><strong>Vestrae,</strong></span> <span class='ocrx_word' id='word_1_6' title='bbox 872 370 976 416; x_wconf 84' lang='lat' dir='ltr'><strong>pater</strong></span> <span class='ocrx_word' id='word_1_7' title='bbox 994 366 1235 413; x_wconf 81' lang='lat' dir='ltr'><strong>sanctissime,</strong></span> <span class='ocrx_word' id='word_1_8' title='bbox 1249 367 1420 418; x_wconf 80' lang='lat' dir='ltr'><strong>supplico</strong></span> <span class='ocrx_word' id='word_1_9' title='bbox 1433 368 1626 407; x_wconf 81' lang='lat' dir='ltr'><strong>humiliter</strong></span> <span class='ocrx_word' id='word_1_10' title='bbox 1638 384 1681 408; x_wconf 87' lang='lat' dir='ltr'><strong>ac</strong></span> <span class='ocrx_word' id='word_1_11' title='bbox 1693 371 1824 410; x_wconf 84' lang='lat' dir='ltr'><strong>devote</strong></span> <span class='ocrx_word' id='word_1_12' title='bbox 1837 375 2015 425; x_wconf 76' lang='lat' dir='ltr'><strong>quatinus</strong></span> 
     </span>
     <span class='ocr_line' id='line_1_3' title="bbox 487 423 2012 484; baseline 0.008 -25"><span class='ocrx_word' id='word_1_13' title='bbox 487 423 603 474; x_wconf 90' lang='lat' dir='ltr'><strong>ipsius</strong></span> <span class='ocrx_word' id='word_1_14' title='bbox 617 436 811 473; x_wconf 90' lang='lat' dir='ltr'><strong>personam</strong></span> <span class='ocrx_word' id='word_1_15' title='bbox 827 436 912 460; x_wconf 90' lang='lat' dir='ltr'><strong>cum</strong></span> <span class='ocrx_word' id='word_1_16' title='bbox 931 423 1007 460; x_wconf 92' lang='lat' dir='ltr'><strong>suis</strong></span> <span class='ocrx_word' id='word_1_17' title='bbox 1026 424 1182 474; x_wconf 84' lang='lat' dir='ltr'><strong>negotiis</strong></span> <span class='ocrx_word' id='word_1_18' title='bbox 1200 426 1536 464; x_wconf 78' lang='lat' dir='ltr'><strong>recommendatam</strong></span> <span class='ocrx_word' id='word_1_19' title='bbox 1552 427 1688 466; x_wconf 81' lang='lat' dir='ltr'><strong>habere</strong></span> <span class='ocrx_word' id='word_1_20' title='bbox 1705 430 1898 470; x_wconf 79' lang='lat' dir='ltr'><strong>volentes·</strong></span> <span class='ocrx_word' id='word_1_21' title='bbox 1887 446 2012 484; x_wconf 77' lang='lat' dir='ltr'><strong>ipsum</strong></span> 
     </span>
     <span class='ocr_line' id='line_1_4' title="bbox 488 481 1666 534; baseline 0.005 -17"><span class='ocrx_word' id='word_1_22' title='bbox 488 481 721 530; x_wconf 80' lang='lat' dir='ltr'><strong>dignemini&#39;</strong></span> <span class='ocrx_word' id='word_1_23' title='bbox 712 495 749 517; x_wconf 82' lang='lat' dir='ltr'><strong>in</strong></span> <span class='ocrx_word' id='word_1_24' title='bbox 768 481 844 518; x_wconf 83' lang='lat' dir='ltr'><strong>suis</strong></span> <span class='ocrx_word' id='word_1_25' title='bbox 859 481 969 530; x_wconf 86' lang='lat' dir='ltr'><strong>justis</strong></span> <span class='ocrx_word' id='word_1_26' title='bbox 987 486 1022 523; x_wconf 86' lang='lat' dir='ltr'><strong>et</strong></span> <span class='ocrx_word' id='word_1_27' title='bbox 1040 481 1204 520; x_wconf 80' lang='lat' dir='ltr'><strong>honestis</strong></span> <span class='ocrx_word' id='word_1_28' title='bbox 1217 483 1461 534; x_wconf 83' lang='lat' dir='ltr'><strong>petitionibus</strong></span> <span class='ocrx_word' id='word_1_29' title='bbox 1478 485 1666 523; x_wconf 84' lang='lat' dir='ltr'><strong>exaudire.</strong></span> 
     </span>
    </p>
   </div>
   <div class='ocr_carea' id='block_1_3' title="bbox 1207 606 1312 617">
    <p class='ocr_par' dir='ltr' id='par_1_3' title="bbox 1207 606 1312 617">
     <span class='ocr_line' id='line_1_5' title="bbox 1207 606 1312 617; baseline -0.01 0"><span class='ocrx_word' id='word_1_30' title='bbox 1207 606 1312 617; x_wconf 52' lang='grc' dir='ltr'><strong>«σο-ο·-</strong></span> 
     </span>
    </p>
   </div>
   <div class='ocr_carea' id='block_1_4' title="bbox 1166 757 1333 795">
    <p class='ocr_par' dir='ltr' id='par_1_4' title="bbox 1166 757 1333 795">
     <span class='ocr_line' id='line_1_6' title="bbox 1166 757 1333 795; baseline 0 0"><span class='ocrx_word' id='word_1_31' title='bbox 1166 757 1333 795; x_wconf 87' lang='lat' dir='ltr'>CCXLV.</span> 
     </span>
    </p>
   </div>
   <div class='ocr_carea' id='block_1_5' title="bbox 488 874 2022 990">
    <p class='ocr_par' dir='ltr' id='par_1_5' title="bbox 488 874 2022 990">
     <span class='ocr_line' id='line_1_7' title="bbox 488 874 2022 931; baseline 0.006 -21"><span class='ocrx_word' id='word_1_32' title='bbox 488 875 607 911; x_wconf 79' lang='lat' dir='ltr'><strong>Lettre</strong></span> <span class='ocrx_word' id='word_1_33' title='bbox 621 874 664 910; x_wconf 85' lang='lat' dir='ltr'><strong>de</strong></span> <span class='ocrx_word' id='word_1_34' title='bbox 675 874 819 920; x_wconf 80' lang='lat' dir='ltr'><strong>Pierre,</strong></span> <span class='ocrx_word' id='word_1_35' title='bbox 831 876 961 926; x_wconf 61' lang='lat' dir='ltr'><strong>e&#39;veque</strong></span> <span class='ocrx_word' id='word_1_36' title='bbox 974 875 1144 921; x_wconf 80' lang='lat' dir='ltr'><strong>d&#39;Arras,</strong></span> <span class='ocrx_word' id='word_1_37' title='bbox 1159 889 1208 913; x_wconf 83' lang='lat' dir='ltr'><strong>au</strong></span> <span class='ocrx_word' id='word_1_38' title='bbox 1220 889 1316 926; x_wconf 85' lang='lat' dir='ltr'><strong>pape</strong></span> <span class='ocrx_word' id='word_1_39' title='bbox 1329 890 1373 914; x_wconf 80' lang='lat' dir='ltr'><strong>en</strong></span> <span class='ocrx_word' id='word_1_40' title='bbox 1384 878 1520 928; x_wconf 69' lang='lat' dir='ltr'><strong>favour</strong></span> <span class='ocrx_word' id='word_1_41' title='bbox 1532 878 1576 915; x_wconf 83' lang='lat' dir='ltr'><strong>de</strong></span> <span class='ocrx_word' id='word_1_42' title='bbox 1585 879 1681 916; x_wconf 79' lang='lat' dir='ltr'><strong>Jean</strong></span> <span class='ocrx_word' id='word_1_43' title='bbox 1694 878 1738 916; x_wconf 86' lang='lat' dir='ltr'><strong>de</strong></span> <span class='ocrx_word' id='word_1_44' title='bbox 1749 880 1928 927; x_wconf 82' lang='lat' dir='ltr'><strong>Flandre,</strong></span> <span class='ocrx_word' id='word_1_45' title='bbox 1937 883 2022 931; x_wconf 82' lang='lat' dir='ltr'><strong>pre&#39;-</strong></span> 
     </span>
     <span class='ocr_line' id='line_1_8' title="bbox 592 932 1922 990; baseline 0.007 -21"><span class='ocrx_word' id='word_1_46' title='bbox 592 932 651 970; x_wconf 76' lang='lat' dir='ltr'><strong>vdt</strong></span> <span class='ocrx_word' id='word_1_47' title='bbox 666 932 711 969; x_wconf 87' lang='lat' dir='ltr'><strong>de</strong></span> <span class='ocrx_word' id='word_1_48' title='bbox 725 933 884 983; x_wconf 74' lang='lat' dir='ltr'><strong>Bruyes,</strong></span> <span class='ocrx_word' id='word_1_49' title='bbox 898 935 965 983; x_wconf 77' lang='lat' dir='ltr'><strong>qui</strong></span> <span class='ocrx_word' id='word_1_50' title='bbox 976 933 1189 972; x_wconf 77' lang='lat' dir='ltr'><strong>demandaic</strong></span> <span class='ocrx_word' id='word_1_51' title='bbox 1206 934 1243 972; x_wconf 86' lang='lat' dir='ltr'><strong>Ia</strong></span> <span class='ocrx_word' id='word_1_52' title='bbox 1255 937 1406 985; x_wconf 71' lang='grc' dir='ltr'><em>ρνρυὀιέ</em></span> <span class='ocrx_word' id='word_1_53' title='bbox 1417 936 1462 974; x_wconf 83' lang='lat' dir='ltr'><strong>de</strong></span> <span class='ocrx_word' id='word_1_54' title='bbox 1472 937 1711 976; x_wconf 76' lang='lat' dir='ltr'><strong>Saint-Amat</strong></span> <span class='ocrx_word' id='word_1_55' title='bbox 1720 939 1765 976; x_wconf 86' lang='lat' dir='ltr'><strong>de</strong></span> <span class='ocrx_word' id='word_1_56' title='bbox 1777 940 1922 990; x_wconf 83' lang='lat' dir='ltr'><strong>Douay.</strong></span> 
     </span>
    </p>
   </div>
   <div class='ocr_carea' id='block_1_6' title="bbox 483 1125 2023 2216">
    <p class='ocr_par' dir='ltr' id='par_1_6' title="bbox 483 1125 2023 2216">
     <span class='ocr_line' id='line_1_9' title="bbox 535 1125 2018 1182; baseline 0.006 -20"><span class='ocrx_word' id='word_1_57' title='bbox 535 1125 733 1163; x_wconf 79' lang='lat' dir='ltr'><strong>Ecclesiam</strong></span> <span class='ocrx_word' id='word_1_58' title='bbox 753 1125 877 1163; x_wconf 82' lang='lat' dir='ltr'><strong>Sancti</strong></span> <span class='ocrx_word' id='word_1_59' title='bbox 896 1126 1017 1163; x_wconf 85' lang='lat' dir='ltr'><strong>Amati</strong></span> <span class='ocrx_word' id='word_1_60' title='bbox 1033 1126 1247 1172; x_wconf 88' lang='lat' dir='ltr'><strong>Duacensis,</strong></span> <span class='ocrx_word' id='word_1_61' title='bbox 1262 1127 1512 1166; x_wconf 85' lang='lat' dir='ltr'><strong>Atrebatensis</strong></span> <span class='ocrx_word' id='word_1_62' title='bbox 1525 1129 1711 1179; x_wconf 79' lang='lat' dir='ltr'><strong>dyocesis,</strong></span> <span class='ocrx_word' id='word_1_63' title='bbox 1725 1145 1821 1182; x_wconf 86' lang='lat' dir='ltr'><strong>quae</strong></span> <span class='ocrx_word' id='word_1_64' title='bbox 1839 1133 2018 1171; x_wconf 82' lang='lat' dir='ltr'><strong>hactenus</strong></span> 
     </span>
     <span class='ocr_line' id='line_1_10' title="bbox 487 1184 2021 1242; baseline 0.005 -21"><span class='ocrx_word' id='word_1_65' title='bbox 487 1184 787 1222; x_wconf 76' lang='lat' dir='ltr'><strong>molestationum</strong></span> <span class='ocrx_word' id='word_1_66' title='bbox 817 1187 853 1220; x_wconf 88' lang='lat' dir='ltr'><strong>et</strong></span> <span class='ocrx_word' id='word_1_67' title='bbox 886 1197 1143 1233; x_wconf 78' lang='lat' dir='ltr'><strong>pressurarum</strong></span> <span class='ocrx_word' id='word_1_68' title='bbox 1178 1185 1419 1223; x_wconf 88' lang='lat' dir='ltr'><strong>varietatibus</strong></span> <span class='ocrx_word' id='word_1_69' title='bbox 1449 1188 1664 1225; x_wconf 83' lang='lat' dir='ltr'><strong>conculcata</strong></span> <span class='ocrx_word' id='word_1_70' title='bbox 1699 1194 1736 1226; x_wconf 91' lang='lat' dir='ltr'><strong>et</strong></span> <span class='ocrx_word' id='word_1_71' title='bbox 1763 1189 1860 1228; x_wconf 83' lang='lat' dir='ltr'><strong>inter</strong></span> <span class='ocrx_word' id='word_1_72' title='bbox 1893 1204 2021 1242; x_wconf 79' lang='lat' dir='ltr'><strong>graves</strong></span> 
     </span>
     <span class='ocr_line' id='line_1_11' title="bbox 489 1235 2022 1299; baseline 0.005 -20"><span class='ocrx_word' id='word_1_73' title='bbox 489 1243 710 1293; x_wconf 87' lang='lat' dir='ltr'><strong>injuriarum</strong></span> <span class='ocrx_word' id='word_1_74' title='bbox 731 1242 898 1279; x_wconf 83' lang='lat' dir='ltr'><strong>turbines</strong></span> <span class='ocrx_word' id='word_1_75' title='bbox 916 1247 951 1279; x_wconf 87' lang='lat' dir='ltr'><strong>et</strong></span> <span class='ocrx_word' id='word_1_76' title='bbox 969 1244 1141 1280; x_wconf 90' lang='lat' dir='ltr'><strong>incursus</strong></span> <span class='ocrx_word' id='word_1_77' title='bbox 1158 1242 1225 1280; x_wconf 89' lang='lat' dir='ltr'><strong>diu</strong></span> <span class='ocrx_word' id='word_1_78' title='bbox 1238 1243 1318 1280; x_wconf 90' lang='lat' dir='ltr'><strong>sine</strong></span> <span class='ocrx_word' id='word_1_79' title='bbox 1331 1235 1458 1281; x_wconf 85' lang='lat' dir='ltr'><strong>debito</strong></span> <span class='ocrx_word' id='word_1_80' title='bbox 1474 1245 1754 1295; x_wconf 80' lang='lat' dir='ltr'><strong>gubernationis</strong></span> <span class='ocrx_word' id='word_1_81' title='bbox 1772 1248 1912 1299; x_wconf 82' lang='lat' dir='ltr'><strong>remige</strong></span> <span class='ocrx_word' id='word_1_82' title='bbox 1928 1249 2022 1288; x_wconf 85' lang='lat' dir='ltr'><strong>fluc-</strong></span> 
     </span>
     <span class='ocr_line' id='line_1_12' title="bbox 489 1301 2022 1359; baseline 0.005 -21"><span class='ocrx_word' id='word_1_83' title='bbox 489 1302 615 1347; x_wconf 85' lang='lat' dir='ltr'><strong>tuavit,</strong></span> <span class='ocrx_word' id='word_1_84' title='bbox 630 1315 750 1352; x_wconf 88' lang='lat' dir='ltr'><strong>nuper</strong></span> <span class='ocrx_word' id='word_1_85' title='bbox 762 1306 915 1338; x_wconf 88' lang='lat' dir='ltr'><strong>vacante</strong></span> <span class='ocrx_word' id='word_1_86' title='bbox 927 1301 1150 1352; x_wconf 88' lang='lat' dir='ltr'><strong>praeposito,</strong></span> <span class='ocrx_word' id='word_1_87' title='bbox 1167 1302 1224 1339; x_wconf 89' lang='lat' dir='ltr'><strong>vir</strong></span> <span class='ocrx_word' id='word_1_88' title='bbox 1237 1307 1368 1352; x_wconf 89' lang='lat' dir='ltr'><strong>potens</strong></span> <span class='ocrx_word' id='word_1_89' title='bbox 1386 1307 1422 1339; x_wconf 86' lang='lat' dir='ltr'><strong>et</strong></span> <span class='ocrx_word' id='word_1_90' title='bbox 1439 1303 1576 1341; x_wconf 78' lang='lat' dir='ltr'><strong>nobilis</strong></span> <span class='ocrx_word' id='word_1_91' title='bbox 1589 1305 1622 1342; x_wconf 83' lang='lat' dir='ltr'><strong>J.</strong></span> <span class='ocrx_word' id='word_1_92' title='bbox 1626 1306 1850 1356; x_wconf 85' lang='lat' dir='ltr'><strong>,Brugensis</strong></span> <span class='ocrx_word' id='word_1_93' title='bbox 1864 1321 2022 1359; x_wconf 87' lang='lat' dir='ltr'><strong>praepo-</strong></span> 
     </span>
     <span class='ocr_line' id='line_1_13' title="bbox 488 1359 2023 1407; baseline 0.005 -10"><span class='ocrx_word' id='word_1_94' title='bbox 488 1361 579 1398; x_wconf 72' lang='lat' dir='ltr'><strong>sutus</strong></span> <span class='ocrx_word' id='word_1_95' title='bbox 587 1365 623 1397; x_wconf 87' lang='lat' dir='ltr'><strong>et</strong></span> <span class='ocrx_word' id='word_1_96' title='bbox 631 1359 826 1397; x_wconf 83' lang='lat' dir='ltr'><strong>Flandriae</strong></span> <span class='ocrx_word' id='word_1_97' title='bbox 839 1359 1093 1406; x_wconf 88' lang='lat' dir='ltr'><strong>cancellarius,</strong></span> <span class='ocrx_word' id='word_1_98' title='bbox 1108 1365 1216 1397; x_wconf 88' lang='lat' dir='ltr'><strong>natus</strong></span> <span class='ocrx_word' id='word_1_99' title='bbox 1229 1360 1382 1397; x_wconf 86' lang='lat' dir='ltr'><strong>illustris</strong></span> <span class='ocrx_word' id='word_1_100' title='bbox 1390 1361 1460 1398; x_wconf 83' lang='lat' dir='ltr'><strong>viri</strong></span> <span class='ocrx_word' id='word_1_101' title='bbox 1453 1361 1663 1407; x_wconf 77' lang='lat' dir='ltr'><strong>’Guidonis,</strong></span> <span class='ocrx_word' id='word_1_102' title='bbox 1673 1364 1818 1402; x_wconf 87' lang='lat' dir='ltr'><strong>comitis</strong></span> <span class='ocrx_word' id='word_1_103' title='bbox 1827 1365 2023 1404; x_wconf 77' lang='lat' dir='ltr'><strong>Flandriae</strong></span> 
     </span>
     <span class='ocr_line' id='line_1_14' title="bbox 489 1418 2022 1474; baseline 0.003 -18"><span class='ocrx_word' id='word_1_104' title='bbox 489 1424 524 1456; x_wconf 90' lang='lat' dir='ltr'><strong>et</strong></span> <span class='ocrx_word' id='word_1_105' title='bbox 542 1418 769 1456; x_wconf 89' lang='lat' dir='ltr'><strong>marchionis</strong></span> <span class='ocrx_word' id='word_1_106' title='bbox 788 1418 1061 1463; x_wconf 81' lang='lat' dir='ltr'><strong>Namurcensis,</strong></span> <span class='ocrx_word' id='word_1_107' title='bbox 1075 1432 1095 1455; x_wconf 90' lang='lat' dir='ltr'><strong>a</strong></span> <span class='ocrx_word' id='word_1_108' title='bbox 1116 1418 1222 1468; x_wconf 85' lang='lat' dir='ltr'><strong>cujus</strong></span> <span class='ocrx_word' id='word_1_109' title='bbox 1237 1419 1537 1469; x_wconf 84' lang='lat' dir='ltr'><strong>progenitoribus</strong></span> <span class='ocrx_word' id='word_1_110' title='bbox 1555 1421 1682 1458; x_wconf 88' lang='lat' dir='ltr'><strong>eadem</strong></span> <span class='ocrx_word' id='word_1_111' title='bbox 1700 1422 1874 1460; x_wconf 85' lang='lat' dir='ltr'><strong>ecciesiae</strong></span> <span class='ocrx_word' id='word_1_112' title='bbox 1891 1424 2022 1474; x_wconf 76' lang='lat' dir='ltr'><strong>amplis</strong></span> 
     </span>
     <span class='ocr_line' id='line_1_15' title="bbox 488 1476 2023 1527; baseline 0.003 -13"><span class='ocrx_word' id='word_1_113' title='bbox 488 1482 542 1514; x_wconf 90' lang='lat' dir='ltr'><strong>est</strong></span> <span class='ocrx_word' id='word_1_114' title='bbox 560 1477 712 1514; x_wconf 82' lang='lat' dir='ltr'><strong>fundata</strong></span> <span class='ocrx_word' id='word_1_115' title='bbox 731 1476 1027 1527; x_wconf 88' lang='lat' dir='ltr'><strong>possessionibus</strong></span> <span class='ocrx_word' id='word_1_116' title='bbox 1040 1481 1076 1513; x_wconf 91' lang='lat' dir='ltr'><strong>et</strong></span> <span class='ocrx_word' id='word_1_117' title='bbox 1092 1476 1206 1514; x_wconf 81' lang='lat' dir='ltr'><strong>ditata</strong></span> <span class='ocrx_word' id='word_1_118' title='bbox 1224 1490 1309 1514; x_wconf 92' lang='lat' dir='ltr'><strong>cum</strong></span> <span class='ocrx_word' id='word_1_119' title='bbox 1323 1477 1467 1526; x_wconf 85' lang='lat' dir='ltr'><strong>jurium</strong></span> <span class='ocrx_word' id='word_1_120' title='bbox 1483 1478 1724 1517; x_wconf 88' lang='lat' dir='ltr'><strong>multitudine</strong></span> <span class='ocrx_word' id='word_1_121' title='bbox 1741 1485 1777 1517; x_wconf 90' lang='lat' dir='ltr'><strong>et</strong></span> <span class='ocrx_word' id='word_1_122' title='bbox 1791 1481 1900 1517; x_wconf 86' lang='lat' dir='ltr'><strong>etiam</strong></span> <span class='ocrx_word' id='word_1_123' title='bbox 1916 1481 2023 1519; x_wconf 84' lang='lat' dir='ltr'><strong>liber-</strong></span> 
     </span>
     <span class='ocr_line' id='line_1_16' title="bbox 487 1535 2022 1589; baseline 0.003 -16"><span class='ocrx_word' id='word_1_124' title='bbox 487 1541 569 1580; x_wconf 83' lang='lat' dir='ltr'><strong>tate,</strong></span> <span class='ocrx_word' id='word_1_125' title='bbox 584 1541 734 1587; x_wconf 88' lang='lat' dir='ltr'><strong>pensata</strong></span> <span class='ocrx_word' id='word_1_126' title='bbox 753 1535 869 1586; x_wconf 91' lang='lat' dir='ltr'><strong>ipsius</strong></span> <span class='ocrx_word' id='word_1_127' title='bbox 884 1535 1057 1572; x_wconf 82' lang='lat' dir='ltr'><strong>ecciesiae</strong></span> <span class='ocrx_word' id='word_1_128' title='bbox 1071 1535 1240 1581; x_wconf 83' lang='lat' dir='ltr'><strong>utilitate,</strong></span> <span class='ocrx_word' id='word_1_129' title='bbox 1260 1540 1300 1573; x_wconf 84' lang='lat' dir='ltr'><strong>ut</strong></span> <span class='ocrx_word' id='word_1_130' title='bbox 1325 1536 1592 1583; x_wconf 79' lang='lat' dir='ltr'><strong>intelleximus,</strong></span> <span class='ocrx_word' id='word_1_131' title='bbox 1612 1542 1651 1574; x_wconf 87' lang='lat' dir='ltr'><strong>ut</strong></span> <span class='ocrx_word' id='word_1_132' title='bbox 1671 1538 1773 1575; x_wconf 88' lang='lat' dir='ltr'><strong>fieret</strong></span> <span class='ocrx_word' id='word_1_133' title='bbox 1790 1540 2022 1589; x_wconf 79' lang='lat' dir='ltr'><strong>praepositus</strong></span> 
     </span>
     <span class='ocr_line' id='line_1_17' title="bbox 483 1594 2022 1648; baseline 0.003 -18"><span class='ocrx_word' id='word_1_134' title='bbox 483 1595 602 1631; x_wconf 86' lang='lat' dir='ltr'><strong>dietae</strong></span> <span class='ocrx_word' id='word_1_135' title='bbox 623 1594 813 1639; x_wconf 80' lang='lat' dir='ltr'><strong>ecciesiae,</strong></span> <span class='ocrx_word' id='word_1_136' title='bbox 833 1594 1010 1630; x_wconf 90' lang='lat' dir='ltr'><strong>canonice</strong></span> <span class='ocrx_word' id='word_1_137' title='bbox 1031 1594 1242 1644; x_wconf 87' lang='lat' dir='ltr'><strong>postulavit.</strong></span> <span class='ocrx_word' id='word_1_138' title='bbox 1271 1594 1521 1645; x_wconf 67' lang='lat' dir='ltr'><strong>Quapropter,</strong></span> <span class='ocrx_word' id='word_1_139' title='bbox 1545 1609 1631 1633; x_wconf 92' lang='lat' dir='ltr'><strong>cum</strong></span> <span class='ocrx_word' id='word_1_140' title='bbox 1665 1596 1764 1634; x_wconf 91' lang='lat' dir='ltr'><strong>idem</strong></span> <span class='ocrx_word' id='word_1_141' title='bbox 1792 1598 2022 1648; x_wconf 88' lang='lat' dir='ltr'><strong>praepositus</strong></span> 
     </span>
     <span class='ocr_line' id='line_1_18' title="bbox 487 1653 2021 1705; baseline 0.002 -15"><span class='ocrx_word' id='word_1_142' title='bbox 487 1655 582 1691; x_wconf 88' lang='lat' dir='ltr'><strong>inter</strong></span> <span class='ocrx_word' id='word_1_143' title='bbox 590 1659 750 1690; x_wconf 85' lang='lat' dir='ltr'><strong>caeteros</strong></span> <span class='ocrx_word' id='word_1_144' title='bbox 767 1653 913 1690; x_wconf 83' lang='lat' dir='ltr'><strong>illarum</strong></span> <span class='ocrx_word' id='word_1_145' title='bbox 933 1653 1095 1703; x_wconf 81' lang='lat' dir='ltr'><strong>partium</strong></span> <span class='ocrx_word' id='word_1_146' title='bbox 1106 1653 1241 1690; x_wconf 89' lang='lat' dir='ltr'><strong>virtute</strong></span> <span class='ocrx_word' id='word_1_147' title='bbox 1255 1659 1290 1690; x_wconf 88' lang='lat' dir='ltr'><strong>et</strong></span> <span class='ocrx_word' id='word_1_148' title='bbox 1299 1654 1492 1690; x_wconf 84' lang='lat' dir='ltr'><strong>nobilitate</strong></span> <span class='ocrx_word' id='word_1_149' title='bbox 1504 1655 1737 1705; x_wconf 79' lang='lat' dir='ltr'><strong>praepollens</strong></span> <span class='ocrx_word' id='word_1_150' title='bbox 1747 1655 1794 1692; x_wconf 88' lang='lat' dir='ltr'><strong>ad</strong></span> <span class='ocrx_word' id='word_1_151' title='bbox 1805 1656 2021 1694; x_wconf 81' lang='lat' dir='ltr'><strong>relevandos</strong></span> 
     </span>
     <span class='ocr_line' id='line_1_19' title="bbox 486 1712 2022 1763; baseline 0.003 -15"><span class='ocrx_word' id='word_1_152' title='bbox 486 1726 591 1749; x_wconf 86' lang='lat' dir='ltr'><strong>casus</strong></span> <span class='ocrx_word' id='word_1_153' title='bbox 612 1713 727 1763; x_wconf 89' lang='lat' dir='ltr'><strong>ipsius</strong></span> <span class='ocrx_word' id='word_1_154' title='bbox 742 1712 915 1749; x_wconf 89' lang='lat' dir='ltr'><strong>ecclesiae</strong></span> <span class='ocrx_word' id='word_1_155' title='bbox 934 1717 969 1748; x_wconf 93' lang='lat' dir='ltr'><strong>et</strong></span> <span class='ocrx_word' id='word_1_156' title='bbox 987 1725 1189 1762; x_wconf 72' lang='lat' dir='ltr'><strong>pressuras,</strong></span> <span class='ocrx_word' id='word_1_157' title='bbox 1207 1712 1252 1748; x_wconf 91' lang='lat' dir='ltr'><strong>ad</strong></span> <span class='ocrx_word' id='word_1_158' title='bbox 1271 1712 1515 1749; x_wconf 87' lang='lat' dir='ltr'><strong>resistendum</strong></span> <span class='ocrx_word' id='word_1_159' title='bbox 1538 1712 1793 1750; x_wconf 84' lang='lat' dir='ltr'><strong>infestatorum</strong></span> <span class='ocrx_word' id='word_1_160' title='bbox 1811 1714 2022 1752; x_wconf 89' lang='lat' dir='ltr'><strong>incursibus</strong></span> 
     </span>
     <span class='ocr_line' id='line_1_20' title="bbox 488 1769 2023 1820; baseline 0.003 -14"><span class='ocrx_word' id='word_1_161' title='bbox 488 1775 523 1807; x_wconf 89' lang='lat' dir='ltr'><strong>et</strong></span> <span class='ocrx_word' id='word_1_162' title='bbox 543 1770 731 1820; x_wconf 84' lang='lat' dir='ltr'><strong>procellis,</strong></span> <span class='ocrx_word' id='word_1_163' title='bbox 750 1770 795 1806; x_wconf 92' lang='lat' dir='ltr'><strong>ad</strong></span> <span class='ocrx_word' id='word_1_164' title='bbox 822 1770 988 1819; x_wconf 89' lang='lat' dir='ltr'><strong>ejusdem</strong></span> <span class='ocrx_word' id='word_1_165' title='bbox 1016 1770 1189 1806; x_wconf 83' lang='lat' dir='ltr'><strong>ecclesiae</strong></span> <span class='ocrx_word' id='word_1_166' title='bbox 1208 1770 1395 1806; x_wconf 84' lang='lat' dir='ltr'><strong>libertates</strong></span> <span class='ocrx_word' id='word_1_167' title='bbox 1419 1774 1455 1806; x_wconf 88' lang='lat' dir='ltr'><strong>et</strong></span> <span class='ocrx_word' id='word_1_168' title='bbox 1467 1769 1553 1819; x_wconf 85' lang='lat' dir='ltr'><strong>jura</strong></span> <span class='ocrx_word' id='word_1_169' title='bbox 1581 1771 1717 1808; x_wconf 89' lang='lat' dir='ltr'><strong>tuenda</strong></span> <span class='ocrx_word' id='word_1_170' title='bbox 1744 1775 1780 1808; x_wconf 88' lang='lat' dir='ltr'><strong>et</strong></span> <span class='ocrx_word' id='word_1_171' title='bbox 1799 1772 1846 1808; x_wconf 86' lang='lat' dir='ltr'><strong>ad</strong></span> <span class='ocrx_word' id='word_1_172' title='bbox 1872 1785 2023 1810; x_wconf 87' lang='lat' dir='ltr'><strong>conser-</strong></span> 
     </span>
     <span class='ocr_line' id='line_1_21' title="bbox 489 1827 2022 1879; baseline 0.002 -14"><span class='ocrx_word' id='word_1_173' title='bbox 489 1829 653 1865; x_wconf 87' lang='lat' dir='ltr'><strong>vandum</strong></span> <span class='ocrx_word' id='word_1_174' title='bbox 682 1828 800 1878; x_wconf 83' lang='lat' dir='ltr'><strong>ipsam</strong></span> <span class='ocrx_word' id='word_1_175' title='bbox 824 1827 1015 1864; x_wconf 88' lang='lat' dir='ltr'><strong>ecclesiam</strong></span> <span class='ocrx_word' id='word_1_176' title='bbox 1040 1833 1075 1864; x_wconf 87' lang='lat' dir='ltr'><strong>et</strong></span> <span class='ocrx_word' id='word_1_177' title='bbox 1101 1841 1276 1878; x_wconf 84' lang='lat' dir='ltr'><strong>personas</strong></span> <span class='ocrx_word' id='word_1_178' title='bbox 1302 1827 1468 1877; x_wconf 83' lang='lat' dir='ltr'><strong>ejusdem</strong></span> <span class='ocrx_word' id='word_1_179' title='bbox 1489 1827 1526 1865; x_wconf 90' lang='lat' dir='ltr'><strong>in</strong></span> <span class='ocrx_word' id='word_1_180' title='bbox 1551 1833 1647 1865; x_wconf 86' lang='lat' dir='ltr'><strong>statu</strong></span> <span class='ocrx_word' id='word_1_181' title='bbox 1666 1842 1844 1879; x_wconf 91' lang='lat' dir='ltr'><strong>prospero</strong></span> <span class='ocrx_word' id='word_1_182' title='bbox 1862 1835 1898 1867; x_wconf 84' lang='lat' dir='ltr'><strong>et</strong></span> <span class='ocrx_word' id='word_1_183' title='bbox 1920 1835 2022 1868; x_wconf 84' lang='lat' dir='ltr'><strong>tran-</strong></span> 
     </span>
     <span class='ocr_line' id='line_1_22' title="bbox 488 1886 2022 1937; baseline 0.001 -14"><span class='ocrx_word' id='word_1_184' title='bbox 488 1887 607 1937; x_wconf 81' lang='lat' dir='ltr'><strong>quillo</strong></span> <span class='ocrx_word' id='word_1_185' title='bbox 632 1887 746 1937; x_wconf 81' lang='lat' dir='ltr'><strong>magis</strong></span> <span class='ocrx_word' id='word_1_186' title='bbox 764 1886 933 1936; x_wconf 86' lang='lat' dir='ltr'><strong>ydoneus</strong></span> <span class='ocrx_word' id='word_1_187' title='bbox 958 1886 1189 1931; x_wconf 84' lang='lat' dir='ltr'><strong>dinoscatur,</strong></span> <span class='ocrx_word' id='word_1_188' title='bbox 1211 1886 1402 1922; x_wconf 81' lang='lat' dir='ltr'><strong>Sanctitati</strong></span> <span class='ocrx_word' id='word_1_189' title='bbox 1425 1886 1571 1923; x_wconf 86' lang='lat' dir='ltr'><strong>Vestrae</strong></span> <span class='ocrx_word' id='word_1_190' title='bbox 1588 1887 1760 1937; x_wconf 84' lang='lat' dir='ltr'><strong>supplico</strong></span> <span class='ocrx_word' id='word_1_191' title='bbox 1779 1887 1971 1926; x_wconf 85' lang='lat' dir='ltr'><strong>humiliter</strong></span> <span class='ocrx_word' id='word_1_192' title='bbox 1987 1894 2022 1925; x_wconf 87' lang='lat' dir='ltr'><strong>et</strong></span> 
     </span>
     <span class='ocr_line' id='line_1_23' title="bbox 489 1945 2020 1996; baseline 0.001 -15"><span class='ocrx_word' id='word_1_193' title='bbox 489 1946 619 1982; x_wconf 89' lang='lat' dir='ltr'><strong>devote</strong></span> <span class='ocrx_word' id='word_1_194' title='bbox 641 1946 817 1996; x_wconf 84' lang='lat' dir='ltr'><strong>quatinus</strong></span> <span class='ocrx_word' id='word_1_195' title='bbox 840 1958 940 1981; x_wconf 88' lang='lat' dir='ltr'><strong>nunc</strong></span> <span class='ocrx_word' id='word_1_196' title='bbox 959 1945 1075 1995; x_wconf 85' lang='lat' dir='ltr'><strong>ipsam</strong></span> <span class='ocrx_word' id='word_1_197' title='bbox 1095 1945 1286 1982; x_wconf 88' lang='lat' dir='ltr'><strong>ecclesiam</strong></span> <span class='ocrx_word' id='word_1_198' title='bbox 1306 1949 1460 1995; x_wconf 86' lang='lat' dir='ltr'><strong>paterno</strong></span> <span class='ocrx_word' id='word_1_199' title='bbox 1479 1945 1715 1995; x_wconf 90' lang='lat' dir='ltr'><strong>respicientes</strong></span> <span class='ocrx_word' id='word_1_200' title='bbox 1747 1946 1879 1982; x_wconf 80' lang='lat' dir='ltr'><strong>affectu</strong></span> <span class='ocrx_word' id='word_1_201' title='bbox 1898 1946 2020 1996; x_wconf 90' lang='lat' dir='ltr'><strong>ipsum</strong></span> 
     </span>
     <span class='ocr_line' id='line_1_24' title="bbox 488 2003 2021 2055; baseline 0.001 -15"><span class='ocrx_word' id='word_1_202' title='bbox 488 2004 606 2040; x_wconf 87' lang='lat' dir='ltr'><strong>eidem</strong></span> <span class='ocrx_word' id='word_1_203' title='bbox 629 2004 804 2040; x_wconf 84' lang='lat' dir='ltr'><strong>ecclesiae</strong></span> <span class='ocrx_word' id='word_1_204' title='bbox 838 2004 876 2040; x_wconf 92' lang='lat' dir='ltr'><strong>in</strong></span> <span class='ocrx_word' id='word_1_205' title='bbox 912 2003 1164 2054; x_wconf 84' lang='lat' dir='ltr'><strong>praepositum</strong></span> <span class='ocrx_word' id='word_1_206' title='bbox 1193 2003 1396 2040; x_wconf 87' lang='lat' dir='ltr'><strong>concedere</strong></span> <span class='ocrx_word' id='word_1_207' title='bbox 1417 2003 1622 2053; x_wconf 87' lang='lat' dir='ltr'><strong>dignemini</strong></span> <span class='ocrx_word' id='word_1_208' title='bbox 1649 2005 1887 2055; x_wconf 80' lang='lat' dir='ltr'><strong>postulatum.</strong></span> <span class='ocrx_word' id='word_1_209' title='bbox 1906 2006 2021 2055; x_wconf 82' lang='lat' dir='ltr'><strong>Spero</strong></span> 
     </span>
     <span class='ocr_line' id='line_1_25' title="bbox 487 2061 2021 2112; baseline 0.001 -14"><span class='ocrx_word' id='word_1_210' title='bbox 487 2062 673 2112; x_wconf 84' lang='lat' dir='ltr'><strong>siquidem</strong></span> <span class='ocrx_word' id='word_1_211' title='bbox 701 2062 803 2112; x_wconf 90' lang='lat' dir='ltr'><strong>quod</strong></span> <span class='ocrx_word' id='word_1_212' title='bbox 831 2075 906 2098; x_wconf 92' lang='lat' dir='ltr'><strong>non</strong></span> <span class='ocrx_word' id='word_1_213' title='bbox 933 2062 1054 2098; x_wconf 80' lang='lat' dir='ltr'><strong>solum</strong></span> <span class='ocrx_word' id='word_1_214' title='bbox 1079 2061 1198 2098; x_wconf 87' lang='lat' dir='ltr'><strong>dictae</strong></span> <span class='ocrx_word' id='word_1_215' title='bbox 1218 2061 1407 2108; x_wconf 83' lang='lat' dir='ltr'><strong>ecciesiae,</strong></span> <span class='ocrx_word' id='word_1_216' title='bbox 1435 2075 1564 2098; x_wconf 89' lang='lat' dir='ltr'><strong>verum</strong></span> <span class='ocrx_word' id='word_1_217' title='bbox 1593 2062 1702 2099; x_wconf 87' lang='lat' dir='ltr'><strong>etiam</strong></span> <span class='ocrx_word' id='word_1_218' title='bbox 1730 2062 1796 2099; x_wconf 91' lang='lat' dir='ltr'><strong>toti</strong></span> <span class='ocrx_word' id='word_1_219' title='bbox 1811 2062 1950 2112; x_wconf 83' lang='lat' dir='ltr'><strong>patriae</strong></span> <span class='ocrx_word' id='word_1_220' title='bbox 1979 2075 2021 2099; x_wconf 84' lang='lat' dir='ltr'><strong>ac</strong></span> 
     </span>
     <span class='ocr_line' id='line_1_26' title="bbox 486 2120 2020 2171; baseline 0 -14"><span class='ocrx_word' id='word_1_221' title='bbox 486 2121 653 2170; x_wconf 88' lang='lat' dir='ltr'><strong>personis</strong></span> <span class='ocrx_word' id='word_1_222' title='bbox 682 2121 867 2171; x_wconf 83' lang='lat' dir='ltr'><strong>indigenis</strong></span> <span class='ocrx_word' id='word_1_223' title='bbox 890 2121 1076 2171; x_wconf 80' lang='lat' dir='ltr'><strong>praefatus</strong></span> <span class='ocrx_word' id='word_1_224' title='bbox 1106 2121 1338 2171; x_wconf 86' lang='lat' dir='ltr'><strong>praepositus</strong></span> <span class='ocrx_word' id='word_1_225' title='bbox 1363 2133 1440 2157; x_wconf 88' lang='lat' dir='ltr'><strong>esse</strong></span> <span class='ocrx_word' id='word_1_226' title='bbox 1468 2120 1600 2157; x_wconf 85' lang='lat' dir='ltr'><strong>debeat</strong></span> <span class='ocrx_word' id='word_1_227' title='bbox 1633 2120 2020 2171; x_wconf 31' lang='lat' dir='ltr'><strong>multipliciter&#39;sruc-</strong></span> 
     </span>
     <span class='ocr_line' id='line_1_27' title="bbox 486 2184 624 2216; baseline 0.007 -2"><span class='ocrx_word' id='word_1_228' title='bbox 486 2184 624 2216; x_wconf 79' lang='lat' dir='ltr'><strong>tuosus.</strong></span> 
     </span>
    </p>
   </div>
   <div class='ocr_carea' id='block_1_7' title="bbox 1190 2301 1309 2312">
    <p class='ocr_par' dir='ltr' id='par_1_7' title="bbox 1190 2301 1309 2312">
     <span class='ocr_line' id='line_1_28' title="bbox 1190 2301 1309 2312; baseline 0 0"><span class='ocrx_word' id='word_1_229' title='bbox 1190 2301 1309 2312; x_wconf 49' lang='lat' dir='ltr'><strong>-OQ-</strong></span> 
     </span>
    </p>
   </div>
  </div>
 </body>
</html>
