2184 3074
0 1963 31 2115 ,ἧκες

774 332 932 370 conssx
961 332 1207 371 DUNENSIS.
1682 338 1746 374 55¹

276 447 427 485 Noverit
447 447 673 486 Universitas
699 453 818 487 vestra
845 450 946 500 quod
972 462 1057 488 cum
1079 456 1162 502 post
1182 452 1302 489 varios
1326 452 1470 490 labores
1499 457 1536 490 et
1562 453 1753 491 instantias

222 505 365 543 nobilis
381 506 556 557 princeps
573 510 608 543 et
625 507 799 545 dominus
825 507 967 555 Guido,
986 521 1109 546 comes
1134 509 1347 556 Flandriae,
1375 523 1443 561 pro
1462 509 1573 549 rebus
1590 516 1626 549 et
1645 511 1753 549 bonis

221 564 296 602 sibi
322 577 365 602 ac
393 577 461 603 suo
487 565 662 603 mandato
690 566 879 604 retroactis
907 567 1137 618 temporibus
1162 581 1181 605 a
1206 569 1428 606 monasterio
1454 574 1581 607 nostro
1609 569 1752 607 traditis

222 627 260 661 et
279 623 507 670 deliberatis,
523 635 671 662 morum
695 625 794 675 apud
821 625 1084 677 T'Savetinglie
1109 627 1368 665 satisfactionis
1397 632 1434 665 et
1459 628 1655 666 solutionis
1682 641 1751 666 no-

223 681 447 720 mimAmdi
466 681 578 719 nobis
601 686 638 719 et
662 682 856 720 deliberari
885 684 1027 722 fecisset
1053 698 1119 736 per
1147 685 1323 723 dilectum
1349 686 1468 724 filium
1494 699 1603 724 suum
1629 686 1752 724 domi·

225 753 317 778 num
347 741 583 793 Philippum,
603 741 771 779 Thietiae
795 746 830 779 et
860 743 1006 781 Laureti
1031 745 1220 791 comitem,
1253 758 1395 796 nosque
1426 746 1463 782 in
1490 746 1750 783 consecutione

221 799 443 850 hujusmodi
467 800 562 837 mori
586 812 671 837 cum
695 799 813 837 fundo
839 800 1046 851 expendere
1076 802 1235 852 plurima
1262 804 1509 850 convenisset,
1540 817 1608 841 nec
1638 803 1753 842 habe—

223 869 350 896 remus
372 858 569 896 commode
591 856 692 895 unde
718 858 918 908 praemissa
945 859 1117 910 prosequi
1148 864 1211 896 aut
1236 861 1338 911 quod
1363 873 1432 912 pro
1459 861 1597 899 eisdem
1625 875 1753 914 prose—

224 917 385 968 quendis
403 921 439 954 et
454 916 694 967 assequendis
707 929 891 967 exponere
908 922 1136 967 poteramus,
1157 918 1325 956 timentes
1342 920 1547 969 plurimum
1567 933 1613 958 ne
1631 925 1753 959 tantae

223 975 395 1013 utilitatis
414 975 604 1027 negotium
630 975 680 1013 ob
706 976 890 1013 defectum
921 976 1134 1026 hujusmodi
1160 978 1330 1028 impediri
1358 979 1586 1030 contingeret
1603 981 1659 1017 vel
1678 980 1754 1018 dif-

223 1034 331 1081 ferri,
350 1034 388 1071 in
407 1038 481 1071 tam
499 1034 645 1084 urgenti
667 1034 880 1071 necessitate
898 1034 1087 1071 constituti
1114 1039 1150 1071 et
1173 1036 1297 1080 artati,
1315 1049 1402 1073 cum
1421 1041 1509 1074 tunc
1527 1038 1636 1075 nobis
1657 1038 1755 1075 veri—

225 1093 397 1130 similiter
420 1092 611 1131 subveniri
643 1092 822 1143 nequibat
847 1092 992 1137 utilius,
1018 1092 1064 1129 ad
1088 1092 1263 1130 dilectum
1287 1095 1492 1144 portarium
1512 1100 1680 1133 nostrum
1708 1109 1752 1133 ex

223 1157 399 1189 consueta
416 1151 643 1190 recurrimus
659 1151 813 1195 fiducia,
835 1150 864 1188 si
884 1151 1007 1188 forsan
1025 1152 1071 1188 de
1090 1152 1332 1202 pensionibus
1351 1153 1404 1189 vel
1425 1153 1591 1191 fidelium
1615 1155 1754 1192 elemo—

225 1210 316 1248 sinis
332 1211 536 1262 quicquam
555 1213 744 1260 receperat
762 1210 819 1246 vel
846 1210 935 1247 alias
954 1210 1147 1261 collegerat
1164 1210 1264 1261 quod
1284 1210 1442 1248 debebat
1460 1216 1522 1249 aut
1543 1213 1689 1250 volebat
1706 1213 1751 1250 ad

225 1281 320 1319 opus
357 1273 394 1306 et
425 1281 535 1306 usum
571 1281 779 1319 pauperum
817 1268 1054 1318 acquirendis
1089 1268 1193 1306 terris
1226 1269 1282 1305 vel
1318 1268 1524 1307 redditibus
1555 1271 1751 1322 applicare,

222 1327 418 1365 offerentes
441 1327 561 1364 eidem
589 1327 636 1364 ad
661 1339 755 1378 opus
780 1331 816 1363 et
841 1339 951 1364 usum
969 1326 1198 1378 praedictum
1217 1331 1253 1363 et
1271 1339 1356 1364 cum
1375 1327 1504 1364 effectu
1525 1328 1667 1365 tradere
1685 1341 1751 1365 vo-

212 1386 340 1424 lentes
370 1389 511 1436 partem
538 1385 576 1422 in
605 1385 735 1422 eodem
763 1397 868 1422 moro
892 1397 976 1422 cum
1001 1384 1119 1421 fundo
1145 1389 1326 1435 quantum
1357 1398 1501 1422 summa
1534 1399 1600 1436 per
1630 1386 1751 1437 ipsum

223 1445 437 1484 ascenderet
449 1445 679 1496 exponenda.
694 1445 766 1493 Qui
782 1444 980 1495 portarius,
996 1444 1042 1481 ad
1062 1443 1259 1481 consilium
1275 1444 1464 1481 reverendi
1481 1444 1594 1495 patris
1608 1445 1750 1483 domini

223 1503 431 1549 abbatis-de
446 1503 578 1550 Dunis,
591 1503 814 1540 venerabilis
828 1503 942 1554 patris
956 1503 1100 1540 abbatis
1112 1503 1240 1549 nostri,
1253 1503 1312 1539 cui
1324 1503 1573 1540 necessitatem
1589 1508 1751 1541 nostram

224 1563 378 1601 arduam
397 1567 434 1600 et
452 1562 647 1599 utilitatem
674 1575 787 1613 quam
814 1562 948 1599 exinde
972 1561 1180 1612 dependere
1210 1574 1284 1598 non
1312 1561 1495 1598 modicam
1523 1567 1752 1599 monstrave-

215 1634 366 1666 ·vramus,
385 1620 582 1658 affectuose
597 1620 851 1666 considerans,
868 1619 1156 1670 quadringentas
1170 1624 1205 1656 et
1223 1624 1361 1670 septem
1381 1620 1493 1657 libras
1508 1620 1751 1658 Flandrenses

223 1679 448 1731 pagamenti,
459 1679 611 1726 nomine
622 1679 743 1716 dictae
753 1683 892 1730 portae,
904 1679 941 1715 in
957 1683 1147 1715 numerata
1162 1678 1318 1729 pecunia
1332 1690 1445 1728 quam
1457 1682 1569 1715 totam
1580 1678 1618 1715 in
1628 1679 1751 1730 acqui-

223 1738 395 1776 sitionem
415 1741 451 1775 et
468 1737 768 1775 consecutionem
786 1736 963 1788 praedicti
981 1736 1075 1774 mori
1094 1750 1178 1773 cum
1208 1737 1324 1773 fundo
1347 1737 1614 1782 convertimus,
1643 1737 1750 1774 nobis

224 1797 377 1834 tradidit
393 1801 430 1833 et
443 1795 680 1842 deliberavit,
696 1809 739 1833 ac
753 1799 895 1846 partem
910 1794 1003 1831 mori
1024 1794 1237 1844 hujusmodi
1252 1798 1288 1831 et
1300 1794 1406 1831 fundi
1422 1807 1534 1845 quam
1550 1794 1621 1832 sibi
1637 1795 1749 1832 obtu-

223 1859 383 1896 leramus
409 1861 537 1908 utpote
562 1862 760 1903 remotam,
784 1861 818 1893 et
843 1856 902 1893 cui
922 1856 1133 1893 retinendae
1150 1855 1290 1892 utiliter
1311 1868 1384 1892 non
1407 1855 1552 1892 valebat
1571 1855 1755 1906 insistere,

179 1929 181 1936 ·
223 1915 447 1955 monasterio
466 1919 592 1953 nostro
611 1915 763 1966 reliquit
788 1915 824 1952 in
850 1919 1070 1966 perpetuum
1095 1913 1446 1964 recompensandam
1466 1913 1573 1950 bonis
1591 1913 1690 1959 aliis,
1708 1918 1749 1950 ut

223 1975 385 2013 decebat.
401 1974 599 2025 Cupientes
617 1974 732 2025 igilur
748 1974 851 2025 quod
870 1978 993 2011 nostra
1013 1977 1136 2023 porta,
1155 1972 1261 2022 cujus
1279 1971 1464 2021 adjutorio
1482 1984 1610 2008 sumus
1626 1971 1662 2008 in
1681 1971 1747 2008 hac

222 2039 326 2087 parte
342 2034 550 2085 profectum
569 2034 794 2071 laudabilem
813 2031 1019 2079 consecuti,
1035 2045 1101 2069 nos
1120 2035 1259 2081 gratos,
1279 2030 1458 2081 benignos
1476 2035 1511 2066 et
1529 2030 1746 2067 favorabiles

222 2097 560 2144 recompensator-es
573 2092 728 2129 omnino
743 2105 780 2129 se
793 2091 951 2142 gaudeat
963 2089 1180 2141 repperisse,
1196 2089 1232 2125 in
1248 2087 1624 2139 recompensationem
1641 2087 1748 2124 debi-

222 2157 303 2190 tam‘
315 2155 352 2188 et
367 2150 677 2202 permutationem
697 2150 896 2202 legitimam
916 2148 1029 2199 partis
1049 2147 1141 2185 mori
1161 2159 1244 2184 cum
1265 2146 1380 2183 fundo
1402 2145 1521 2183 eidem
1539 2149 1667 2196 portae
1684 2159 1749 2196 per

223 2221 306 2255 nos,
321 2213 362 2246 ut
374 2211 603 2260 praetactum
618 2213 683 2254 est,
697 2208 856 2253 oblatae,
874 2206 919 2243 de
932 2205 1120 2243 communi
1135 2203 1290 2242 consilio
1304 2210 1339 2241 et
1353 2203 1431 2255 pari
1446 2203 1634 2240 voluntate
1647 2202 1748 2240 dedi·
1808 2230 1813 2234 .

223 2280 323 2310 mus,
341 2267 564 2306 tradidimus
587 2280 630 2305 ac
655 2266 941 2305 deliberavimus
959 2265 1057 2302 dieto
1071 2262 1254 2315 portario,
1284 2262 1435 2299 nomine
1458 2260 1577 2299 dictae
1601 2266 1747 2312 portae,

206 2363 208 2366 ,
223 2327 269 2366 ad
291 2338 385 2378 opus
402 2329 438 2364 et
462 2339 572 2364 usum
589 2338 797 2378 pauperum
816 2330 994 2377 perpetuo
1017 2322 1284 2361 confluentium
1299 2321 1345 2359 ad
1363 2320 1549 2367 eamdem,
1563 2320 1694 2371 viginti
1713 2325 1748 2359 et

221 2397 356 2424 novem
374 2385 528 2422 bonet-ia
549 2389 585 2423 et
609 2385 701 2423 duas
728 2396 918 2422 mensuras
936 2382 1112 2420 wastinae
1129 2393 1191 2419 seu
1207 2384 1323 2418 terrae
1341 2379 1501 2417 incultae
1514 2378 1571 2416 vel
1590 2379 1747 2425 circiter,

223 2437 436 2495 incipientis
450 2444 621 2494 superius
635 2443 680 2481 ad
694 2447 859 2480 austrum
874 2454 894 2479 a
910 2441 991 2478 loco
1008 2440 1073 2492 qui
1094 2438 1232 2477 dicitur
1244 2439 1346 2476 locus
1359 2436 1542 2476 Iohannis
1555 2436 1700 2475 Miraels
1714 2444 1748 2476 et
