2184 3074
723 340 883 378 CODEX
909 341 1157 380 DUNENSlS.
1663 344 1705 381 8¹

175 459 365 511 giosorum
379 471 494 510 quam
507 459 743 506 secularium,
757 459 928 510 praelatis
942 459 1112 496 videlicet
1126 464 1162 497 et
1176 459 1382 498 rectoribus
1396 460 1579 498 universis
1592 460 1710 497 eccle-

174 516 314 555 siarum
335 520 371 554 et
389 516 699 555 monasteriorum
717 516 952 568 aliorumque
971 517 1138 555 locorum
1156 517 1504 564 ecclesiasticorum,
1517 521 1711 567 exempto-

175 588 260 613 rum
284 579 320 613 et
345 588 422 614 non
439 579 715 626 exemptorum,
733 579 770 612 et
791 588 921 613 eorum
949 575 1194 613 conventibus
1220 581 1256 613 et
1280 575 1453 627 capitulis
1480 576 1519 613 in
1545 576 1711 627 praefato

176 634 369 680 comitatu,
388 637 463 671 tam
479 633 518 671 in
535 637 640 684 parte
657 632 829 670 videlicet
850 646 946 684 quae
966 637 1021 671 est
1041 633 1088 670 de
1109 646 1222 684 regno
1245 633 1422 671 Franciae
1442 646 1556 684 qnam
1582 633 1621 670 in
1650 633 1711 670 illa

176 703 276 742 quae
289 691 337 729 de
353 691 512 743 imperio
529 703 608 729 esse
626 690 846 736 dinoscitur,
866 691 1109 729 ecclesiastica
1130 691 1229 729 bona
1247 692 1476 737 tenentibus,
1494 691 1711 741 ubicunque

177 748 310 801 degere
327 753 541 796 noscantur,
555 749 659 800 quod
672 749 817 801 possint
832 749 921 786 dare
940 762 983 787 ac
1002 754 1188 800 praestare
1205 750 1410 800 praelibato
1427 749 1553 787 comiti
1568 753 1603 786 et
1617 749 1710 794 suis,

177 812 333 859 urgente
361 807 576 846 necessitate
602 807 838 858 hujusmodi,
868 808 1112 859 pecuniarum
1142 808 1375 846 moderatum
1405 807 1635 854 subsidium,
1666 807 1712 844 de

177 878 254 917 quo
281 870 317 904 et
341 870 454 917 prout
478 865 685 903 secundum
710 866 854 903 domini
881 879 924 903 ac
950 879 1211 917 personarum,
1234 866 1418 913 locorum,
1437 866 1655 909 facultatum
1677 869 1713 902 ct

179 923 316 975 negotii
334 923 550 975 qualitatem
570 924 737 962 videritis
759 923 950 975 expedire,
964 924 1169 961 dummodo
1191 925 1317 962 nullus
1335 937 1404 975 pro
1425 928 1529 975 parte
1543 922 1713 974 praedic-

177 986 301 1020 torum
318 982 465 1020 comitis
483 986 520 1020 et
536 995 690 1020 suorum
711 995 824 1033 super
841 981 912 1019 hoc
928 982 1062 1020 modus
1085 982 1286 1020 coactionis
1299 982 1437 1020 directe
1455 982 1511 1019 vel
1535 981 1713 1018 indirecte

177 1039 411 1087 adhibeatur,
427 1040 648 1078 interveniat
661 1040 718 1077 vel
733 1040 889 1087 intersit,
903 1044 939 1078 et
951 1040 1090 1078 eisdem
1105 1041 1230 1078 comiti
1245 1046 1281 1078 et
1294 1041 1371 1078 suis
1384 1041 1487 1092 quod
1501 1039 1711 1078 subsidium

177 1098 301 1150 ipsum
310 1112 377 1150 per
390 1111 429 1137 se
442 1099 499 1136 vel
513 1099 604 1137 alios
616 1099 716 1136 licite
728 1099 892 1150 'recipere
903 1100 1048 1137 valeant
1062 1113 1130 1150 pro
1144 1100 1361 1151 praedictis,
1378 1113 1420 1137 ac
1435 1098 1712 1143 nichilominus,

177 1156 208 1195 si
227 1156 343 1208 aliqui
364 1170 410 1194 ex
427 1157 592 1208 praefato
615 1170 636 1194 a
656 1158 904 1208 praestatione
924 1157 1083 1209 subsidii
1106 1157 1321 1208 hujusmodi
1343 1157 1586 1195 dissenserint
1603 1158 1712 1201 forte,

178 1215 279 1267 ipsos
296 1215 343 1253 ad
359 1215 398 1252 id
413 1219 450 1253 et
469 1215 759 1254 contradictores
777 1215 966 1266 quoslibet
982 1229 1049 1267 per
1061 1229 1255 1253 censuram
1271 1216 1571 1262 ecclesiasticam,
1586 1216 1714 1266 appel-

178 1273 316 1311 latione
331 1273 552 1325 postposita,
571 1274 852 1325 compescendi,
869 1287 944 1311 non
967 1274 1203 1312 obstantibus
1223 1274 1339 1312 felicis
1361 1273 1626 1311 recordationis
1643 1273 1715 1309 Bo-

179 1331 305 1370 nifacii
327 1344 446 1383 papae
458 1331 560 1379 VIII,
582 1332 875 1382 praedecessoris
896 1333 1031 1379 nostri,
1049 1332 1114 1383 qui
1136 1332 1351 1382 hujusmodi
1375 1331 1532 1369 subsidii
1551 1335 1715 1382 praesta-

179 1390 318 1428 tionem
338 1390 501 1437 inhibet,
520 1390 785 1428 constitutione
810 1404 874 1428 seu
893 1391 1025 1441 quavis
1043 1391 1115 1428 alia
1138 1390 1402 1428 constitutione
1423 1390 1625 1436 contraria,
1639 1389 1715 1427 sive

173 1448 208 1486 ‘si
227 1448 417 1499 aliquibus
440 1449 690 1486 communiter
706 1449 764 1486 vel
783 1449 933 1487 divisim
952 1462 972 1486 a
990 1449 1084 1487 Sede
1102 1449 1314 1500 Apostolica
1332 1449 1381 1486 sit
1402 1448 1590 1485 indultum
1613 1447 1714 1498 quod

178 1506 350 1544 interdici
368 1507 426 1544 vel
444 1507 760 1545 excommunicari
783 1511 971 1558 nequeant
987 1511 1051 1544 aut
1068 1507 1245 1558 suspendi
1259 1520 1327 1557 per
1340 1507 1478 1544 litteras
1496 1506 1716 1557 apostolicas

175 1578 256 1604 non
278 1565 452 1603 facientes
475 1566 624 1616 plenam
651 1570 687 1603 et
716 1578 994 1616 expressamrac
1025 1565 1071 1603 de
1100 1565 1215 1602 verbo
1241 1565 1287 1602 ad
1314 1565 1470 1602 verbum
1498 1564 1544 1601 de
1571 1564 1716 1601 indulto

181 1624 397 1674 hujusmodi
417 1624 664 1671 mentionem,
687 1624 795 1662 vobis
820 1629 855 1661 et
877 1624 1031 1662 cuilibet
1059 1628 1222 1661 vestrum
1254 1624 1291 1660 in
1318 1623 1480 1661 solidum
1507 1623 1654 1673 plenam
1683 1628 1717 1659 ct

181 1682 335 1720 liberam
355 1683 572 1723 auctoritate
589 1684 840 1733 praesentium
859 1683 1100 1720 concedimus
1119 1683 1340 1719 facultatem.

232 1742 366 1779 Datum
387 1742 573 1792 Lugduni,
589 1755 648 1779 xvi
669 1742 844 1779 kalendas
863 1741 1060 1788 februarii,
1074 1741 1312 1792 pontificatus
1330 1740 1444 1778 nostri
1463 1752 1562 1777 anno
1582 1739 1715 1790 primo.

900 1866 1011 1875 ἤι’--

913 1997 986 2035 LX.

336 2112 494 2150 Gle'ment
521 2113 559 2150 V
573 2124 736 2150 annonce
765 2113 788 2149 ἀ
814 2111 1060 2163 ἱάνοΙιευὲᾳαε
1085 2112 1130 2149 de
1154 2113 1275 2149 Reims
1300 2123 1364 2148 son
1392 2110 1564 2148 elevatiora

749 2184 799 2208 au
825 2172 928 2208 trone
947 2169 1148 2220 pontifical.

230 2367 398 2404 Clemens
417 2367 631 2418 episcopus,
649 2380 776 2404 servus
794 2379 984 2404 servorum
1003 2367 1087 2412 Dei,
1102 2364 1376 2402 venerabilibus
1395 2363 1570 2400 fratribus
1590 2362 1714 2399 archi-

181 2424 356 2476 episcopo
377 2425 565 2470 Remensi,
590 2424 746 2475 ejusque
767 2425 1026 2475 suffraganeis,
1049 2424 1203 2461 salutem
1223 2427 1258 2459 et
1278 2421 1517 2473 apostolicam
1538 2420 1715 2458 benedic-

181 2483 331 2521 tionem.
1532 2493 1547 2529 1
1558 2493 1571 2528 1
