2184 3074
445 385 493 422 46
994 380 1156 418 CODEX
1182 380 1427 418 DUNENSIS.

445 502 483 539 in
501 500 722 552 parrochiali
746 499 896 535 ecclesia
924 497 1048 534 Sancti
1074 496 1235 533 Bavonis
1255 495 1293 532 in
1312 496 1537 547 Ardcnburg
1554 498 1760 547 praedicta,
1776 501 1814 536 ‘et
1831 500 1979 538 eosdem

446 560 612 597 redditus
637 559 675 595 in
702 558 825 594 dotem
854 557 973 592 dictae
999 555 1223 605 capellaniae
1251 555 1347 591 infra
1371 555 1512 591 dictum
1540 556 1740 594 terminum
1768 560 1979 608 assignabit.

446 618 546 666 Quos
564 617 715 667 quidem
735 614 902 651 redditus
920 617 1064 663 emptos
1082 617 1117 649 et
1135 612 1357 649 deliberatos
1377 607 1423 649 ad
1441 625 1535 662 opus
1555 614 1787 663 praedictum
1810 617 1982 666 promisit

444 676 540 713 dicta
559 674 689 712 Gheila
704 673 803 710 dicto
824 672 978 708 domino
999 671 1179 718 Henrico7
1198 671 1397 721 praedictis
1418 671 1490 707 fide
1507 676 1543 708 et
1556 672 1768 721 juramento
1787 674 1834 711 ab
1853 676 1981 713 eadem

445 733 643 784 praestitis,
668 731 870 768 amortuari
897 743 1118 780 procurare,
1138 733 1172 766 et
1199 729 1324 765 omnia
1351 734 1386 766 et
1413 729 1559 780 singula
1586 732 1788 780 praemissa
1811 733 1984 783 promisit

444 793 571 829 eadem
586 790 716 827 Gheila
731 802 854 825 coram
869 788 992 833 nobis7
1009 793 1095 824 etse
1109 787 1324 838 promisisse
1338 789 1553 838 recognovit
1570 789 1837 828 inviolabiliter
1853 792 1983 829 obser-

444 863 545 895 vare,
566 862 632 885 nec
651 852 778 884 contra
796 846 950 896 aliquod
970 846 1259 896 praemissorum
1277 846 1404 882 venire
1423 846 1462 882 in
1480 847 1668 894 futurum,
1687 849 1757 886 sub
1784 850 1982 900 praedictis

444 909 516 945 fide
534 912 569 944 et
583 908 795 957 juramento
814 905 998 955 praestitis
1016 905 1063 941 ab
1081 905 1221 942 cadem.
1250 905 1295 942 Et
1321 905 1367 941 ad
1393 905 1483 942 haec
1506 906 1631 943 omnia
1659 911 1694 944 et
1710 907 1856 958 singula
1874 922 1983 959 prae-

444 967 552 1004 missa
572 965 808 1015 adimplenda
833 964 1012 1014 obligavit
1037 977 1122 1014 erga
1149 964 1291 1001 dictum
1318 965 1513 1001 dominum
1540 965 1763 1013 Heni-icum,
1789 981 1858 1018 pro
1883 981 1922 1005 se
1947 973 1985 1006 et

443 1025 594 1062 ecclesia
619 1037 684 1060 sua
711 1023 989 1072 stipulationem
1014 1035 1079 1059 seu
1103 1022 1389 1072 promissionem
1417 1023 1629 1073 recipienti,
1649 1025 1775 1062 omnia
1796 1025 1896 1063 bona
1914 1039 1981 1064 sua

444 1082 596 1120 mobilia
611 1086 647 1118 et
660 1080 866 1117 immobilia
882 1080 1086 1130 praesentia
1105 1085 1140 1117 et
1155 1081 1278 1116 futura
1290 1109 1299 1126 ‚
1318 1081 1536 1118 renuntians
1554 1082 1657 1118 omni
1676 1084 1884 1134 exceptioni
1903 1084 1980 1122 doli

443 1142 546 1187 mali,
565 1139 793 1190 deceptionis
811 1145 846 1176 et
864 1139 966 1175 omni
981 1139 1078 1188 juris
1097 1139 1238 1175 auxilio
1256 1139 1424 1176 canonici
1443 1143 1480 1176 et
1496 1140 1616 1177 civilis
1633 1142 1736 1191 quod
1753 1142 1874 1180 dictae
1890 1156 1981 1194 pro-

442 1199 608 1237 missioni
628 1199 744 1249 possit
762 1198 909 1244 obesse,
928 1198 1132 1248 quominus
1155 1198 1193 1234 in
1212 1211 1279 1234 suo
1298 1198 1432 1234 robore
1450 1204 1664 1236 remaneret.

1151 1322 1267 1332 ⁴0⁴-—

1129 1462 1291 1500 XXXIV.

719 1581 976 1618 Autorisation
1002 1581 1044 1617 de
1070 1593 1106 1617 se
1131 1581 1265 1618 retirer
1290 1581 1384 1618 dans
1411 1595 1463 1618 un
1489 1584 1701 1620 monastere.

489 1781 582 1818 Cum
602 1782 684 1819 talis
703 1782 1019 1819 sollicitudinibus
1037 1782 1149 1819 variis
1163 1787 1199 1819 et
1212 1783 1442 1821 secularibus
1458 1785 1613 1835 negotiis
1632 1790 1705 1822 tam
1722 1799 1790 1836 pro
1807 1800 1846 1823 se
1863 1800 1975 1837 quam

441 1852 509 1890 pro
527 1840 608 1877 aliis
627 1840 817 1877 retroactis
835 1840 1065 1890 temporibus
1083 1841 1194 1878 fuerit
1211 1846 1434 1892 occupatus,
1451 1843 1549 1879 idem
1568 1843 1721 1880 meliora
1738 1844 1810 1881 sibi
1829 1845 1978 1895 prospi-

441 1898 541 1935 ciens
560 1902 594 1934 et
612 1897 658 1934 ad
677 1910 741 1934 cor
761 1911 870 1934 suum
894 1898 1055 1944 rediens,
1074 1898 1214 1948 placuit
1236 1900 1267 1936 ei
1293 1913 1331 1936 se
1355 1900 1403 1936 ab
1427 1900 1644 1950 hujusmodi
1667 1902 1976 1952 occupationibus

441 1961 475 1993 et
493 1956 808 1993 sollicitudinibus
827 1970 1029 2007 parumper
1045 1957 1263 1994 subtrahere
1280 1962 1316 1994 et
1333 1958 1478 1995 animae
1495 1972 1582 1995 suae
1599 1959 1786 1997 salubrius
1799 1960 1837 1997 in
1851 1965 1977 2010 poste-

441 2028 524 2050 rum
552 2014 767 2064 providere7
796 2019 832 2051 et
861 2019 902 2051 ut
930 2015 1019 2051 haec
1045 2015 1125 2064 ejus
1151 2016 1323 2053 voluntas
1347 2017 1512 2054 securius
1537 2022 1573 2054 et
1597 2018 1830 2055 commodius
1858 2019 1978 2056 valeat

439 2072 654 2122 adimplere7
674 2072 780 2123 petiit
795 2086 815 2109 a
835 2073 943 2110 nobis
962 2073 1085 2109 locum
1106 2074 1177 2110 sibi
1197 2074 1275 2111 dari
1296 2075 1342 2111 ad
1362 2075 1608 2112 habitandum
1626 2076 1665 2112 in
1686 2081 1811 2114 nostro
1826 2090 1976 2115 monas-

441 2130 542 2167 terio.
