2184 3074
746 321 906 359 CODEx
938 321 1182 360 DUNENSIS.
1667 329 1725 365 181

905 497 1030 535 GXlV.

219 612 270 649 Le
287 611 461 660 cardinal
476 611 607 651 Simon
625 612 669 650 de
688 613 822 657 Brion,
842 612 936 664 le'yae
959 613 1010 650 du
1025 614 1280 665 -Saint-Sa‘eqe‚
1298 623 1443 664 procace
1467 630 1537 656 une
1549 617 1730 667 prebende

263 671 290 708 ’ἁ
314 671 459 720 Bruyes
482 670 507 707 ἀ
531 670 627 708 Jcan
649 669 694 707 de
715 669 825 716 Lille,
849 670 1028 709 chanoine
1054 671 1098 708 de
1121 671 1244 709 Condi
1265 679 1298 710 ee
1321 674 1514 724 chapelain
1535 675 1579 713 dc
1602 676 1729 714 Saint-

269 728 391 766 Baaile
408 729 431 766 ἀ
448 729 604 779 Bruyes.

241 901 387 948 Simon,
403 901 638 940 miseratione
655 902 782 940 divina
806 908 895 940 tunc
913 904 1068 940 Sanctae
1086 904 1242 941 Ceciliae
1246 933 1366 941 .....
1393 906 1588 956 presbyter
1603 906 1727 944 cardi·-

191 959 303 1006 nalis,
321 959 554 1010 Apostolicae
572 959 676 999 Sedis
699 961 854 1010 legatus,
873 961 1041 998 discretis
1062 961 1151 999 viris
1170 963 1380 1014 praeposito
1400 963 1460 1000 tali
1485 969 1522 1001 et
1546 964 1725 1001 canonico

190 1018 252 1055 tali
279 1019 435 1056 salutem
463 1018 502 1055 in
526 1018 710 1065 Domino,
738 1019 876 1056 litteras
899 1019 1048 1057 discreti
1071 1020 1140 1057 viri
1167 1021 1371 1067 Johannis,
1397 1022 1597 1073 praepositi
1626 1023 1725 1060 Bru-

189 1075 331 1126 gensis,
349 1075 593 1115 Tornaeensis
611 1076 799 1126 dyocesis,
818 1077 1025 1128 recepimus
1043 1077 1082 1114 in
1103 1077 1192 1115 haec
1211 1079 1324 1117 verba
1344 1094 1352 1116 ε

239 1134 457 1174 Reverendo
481 1135 576 1186 patri
601 1149 644 1172 ac
670 1135 824 1174 domino
850 1136 1012 1183 Simoni,
1038 1137 1105 1174 Dei
1131 1139 1247 1188 gratia
1273 1144 1361 1175 tunc
1386 1140 1541 1176 Sanctae
1567 1138 1724 1176 Ceciliae

189 1193 407 1244 presbytero
419 1193 611 1240 cardinali,
626 1194 857 1245 Apostolieae
870 1195 974 1233 Sedis
988 1195 1118 1246 legato,
1132 1196 1321 1234 Johannes
1337 1197 1436 1234 filius
1450 1196 1596 1234 comitis
1611 1197 1724 1234 Flan-

189 1253 310 1298 driae,
340 1253 582 1290 cancellarius
611 1252 710 1302 ejus,
734 1253 888 1291 devotus
917 1254 1148 1304 capellanus,
1179 1255 1335 1292 salutem
1361 1260 1397 1292 et
1422 1255 1606 1306 quicquid
1632 1256 1723 1305 petit

188 1310 378 1361 obsequii,
409 1310 634 1348 reverentiae
660 1311 797 1362 pariter
821 1316 858 1348 et
885 1311 1048 1349 honoris.
1083 1312 1321 1350 Reverendae
1349 1312 1558 1363 paternitati
1585 1317 1725 1349 vestrae

188 1368 359 1420 supplico
378 1368 570 1405 humiliter
593 1373 630 1406 et
651 1369 784 1407 devote
805 1371 989 1420 quatenus
1017 1370 1098 1406 viro
1123 1375 1159 1407 et
1180 1369 1340 1407 discreto
1364 1370 1538 1421 magistro
1559 1370 1722 1408 Johanni

187 1427 234 1464 de
252 1427 392 1478 Insula,
414 1427 594 1464 canonico
622 1427 846 1466 Condatensi
878 1432 914 1465 et
937 1428 1040 1466 Beati
1063 1428 1191 1466 Basilii
1214 1429 1415 1478 Brugensis
1438 1429 1616 1466 canonico
1647 1429 1724 1465 sive

188 1485 395 1536 capellano,
413 1484 548 1522 dilecto
568 1485 668 1523 socio
687 1499 782 1533 meo,
803 1486 842 1524 in
859 1499 1006 1525 morum
1026 1486 1217 1524 honestate
1235 1486 1431 1532 laudabili,
1446 1485 1723 1523 conversatione

188 1557 230 1581 ae
247 1544 453 1581 litterarum
467 1544 619 1581 scientia
637 1545 770 1582 merito
786 1545 1097 1591 commendando,
1115 1545 1365 1596 praebendam
1382 1545 1560 1595 integram
1581 1549 1615 1580 et
1632 1544 1725 1581 libe-

188 1603 266 1639 raffi
287 1601 296 1638 i
303 1615 324 1638 n
343 1602 494 1639 ecclesia
513 1602 715 1652 Brugensi,
733 1603 977 1641 Tornacensis
991 1603 1174 1653 dyocesis,
1193 1603 1230 1640 in
1245 1616 1317 1653 qua
1333 1602 1627 1653 praebendarum
1646 1602 1725 1638 col-

189 1661 276 1699 latio
293 1662 338 1698 ad
360 1675 419 1699 me
432 1662 616 1712 pertinere
633 1663 853 1708 dinoscitur,
871 1665 900 1701 si
920 1668 1025 1700 vacat
1042 1663 1086 1700 ad
1103 1677 1291 1714 praesens,
1306 1676 1401 1713 quae
1416 1662 1508 1699 nulli
1522 1662 1584 1699 alii
1600 1662 1723 1699 debita

187 1720 251 1764 sit,
271 1720 416 1769 dejure
437 1722 604 1758 conferre
632 1721 837 1772 dignemini
867 1722 1005 1759 intuitu
1033 1722 1189 1772 pietatis.
1216 1722 1324 1769 Quod
1346 1722 1374 1758 si
1400 1721 1436 1758 in
1465 1721 1542 1771 ipsa
1573 1721 1723 1757 ecclesia

187 1779 367 1829 Brugcnsi
395 1779 496 1816 nulla
518 1779 729 1830 praebenda
756 1784 860 1817 vacet
886 1780 932 1816 ad
959 1793 1149 1829 praeseus,
1175 1779 1423 1830 praebendam
1444 1778 1565 1829 primo
1585 1778 1621 1814 in
1646 1778 1722 1827 ipsa

186 1837 337 1874 ecclesia
368 1842 579 1875 vacaturam
612 1838 792 1889 integram
827 1851 902 1875 non
933 1838 1196 1875 sacerdotalem
1230 1837 1322 1874 nulli
1353 1837 1414 1874 alii
1446 1837 1608 1874 debitam
1645 1850 1723 1872 ma-

185 1897 299 1948 gist-ro
316 1896 348 1934 J.
360 1896 621 1933 conferendam
640 1896 827 1933 collationi
850 1900 991 1933 vestrae
1010 1909 1195 1933 reservare
1211 1895 1349 1941 velitis,
1367 1900 1580 1931 executores
1597 1894 1718 1930 eidem

188 1969 300 2006 super
329 1955 400 1992 hoc
430 1955 655 2006 deputando.
692 1954 811 1992 Credo
838 1954 1024 2005 siquidem
1056 1954 1212 1990 firmiter
1241 1953 1342 2004 quod
1377 1967 1443 2003 per
1474 1953 1542 1989 lioc
1574 1952 1720 1988 utilitati

189 2013 304 2063 ipsius
323 2011 496 2051 ecclesiae
513 2026 626 2064 quam
646 2013 851 2064 plurimum
873 2013 1098 2050 consuletur.
1119 2013 1275 2058 Datum,
1295 2017 1361 2048 etc.

238 2071 311 2108 Nos
329 2071 453 2122 itaque
472 2071 623 2122 praefati
643 2071 860 2122 praepositi,
880 2071 1053 2122 precibus
1071 2071 1236 2108 volentes
1259 2083 1422 2106 annuere
1450 2069 1485 2105 in
1516 2069 1583 2105 hac
1602 2074 1719 2119 parte.

187 2144 228 2168 ac
249 2130 479 2168 intendentes
498 2143 692 2181 personam
713 2130 891 2181 praedicti
913 2129 1075 2180 magistri
1095 2130 1140 2174 J..v
1161 2129 1206 2166 ‹le
1224 2142 1296 2179 qua
1318 2128 1424 2165 nobis
1446 2128 1630 2164 laudabile
1650 2134 1721 2164 tos-

188 2189 384 2226 timouium
399 2188 629 2238 perhibetur,
651 2189 773 2225 favore
792 2188 966 2238 prosequi
987 2187 1160 2237 gratioso,
1179 2186 1426 2237 praebendam
1449 2186 1625 2235 integram
1647 2199 1719 2222 nou

187 2247 448 2284 sacerdotalem
469 2247 640 2296 proximo
661 2247 697 2283 in
718 2247 845 2283 eadem
865 2246 1046 2296 Brugensi
1066 2245 1216 2282 ecclesia
1236 2249 1465 2287 vacaturam,
1485 2244 1577 2280 nulli
1597 2244 1657 2279 alii
1677 2244 1722 2280 (le

183 2305 268 2354 jure
299 2305 478 2350 debitam,
507 2304 626 2341 eidem
660 2305 835 2354 magistro
862 2304 1026 2342 ‚iohanni
1061 2304 1146 2340 licet
1171 2303 1207 2339 in
1239 2301 1511 2339 Cameracensis
1538 2307 1571 2338 et
1599 2302 1720 2338 Sancti

188 2363 313 2399 Basilii
340 2362 537 2412 Brugensis
563 2362 771 2412 praedictae
799 2362 966 2411 dyocesis
994 2361 1157 2398 ecclesiis
1184 2361 1421 2397 canonicatus
1441 2365 1475 2395 et
1495 2359 1722 2409 praebendas

189 2421 370 2471 optinenti
389 2421 650 2457 conferendam
672 2426 816 2457 nostrae
835 2420 1022 2458 collationi
1043 2434 1115 2470 qua
1139 2420 1328 2468 fungimur
1346 2419 1563 2455 auctoritate
1582 2418 1722 2467 »pecia-
