2184 3074
448 303 519 340 14‘2
999 301 1161 337 CODEX
1186 299 1431 338 DUNENSlS.

446 425 530 456 ante
549 425 694 469 tempus
719 419 969 469 praedictum,
999 417 1172 454 videlicet
1197 422 1281 454 ante
1307 431 1357 454 xx
1385 432 1502 456 annos
1527 420 1751 469 praedictos,
1779 421 1836 457 vel
1864 425 1982 466 ret-rm

446 491 512 527 per
531 477 767 514 diffinitivam
789 476 1007 513 sententiam
1027 475 1135 512 dictis
1153 475 1361 513 abbatissae
1380 481 1415 513 et
1432 477 1631 514 conventui
1650 478 1840 515 silentium
1859 479 1982 530 impo—

448 541 591 581 nentes,
602 540 722 586 partes
737 548 756 571 a
773 534 956 571 fructibus
972 534 1095 570 medio
1112 539 1277 584 tempore
1291 535 1489 585 perceptis7
1500 536 1672 586 dampnis
1686 541 1722 573 et
1736 537 1903 574 custibus
1916 550 1983 588 per

443 595 608 632 camdem
629 593 847 631 sententiam
867 593 1104 630 absolvendo.

494 655 586 690 Cum
612 652 837 689 examinatio
863 651 1065 688 sententiae
1090 652 1183 688 latae
1202 665 1268 702 per
1291 651 1521 688 venerabiles
1548 652 1746 689 coabbates
1771 658 1918 691 nostros
1935 654 1982 691 de

444 712 563 748 Dunis
580 716 614 747 et
632 711 677 746 de
692 710 855 760 Capella7
871 709 1088 746 auctoritate
1102 710 1255 760 capituli
1270 710 1466 760 generalis7
1485 723 1554 761 pro
1567 711 1752 749 abbatissa
1771 712 1817 748 de
1835 713 1981 750 Boscho

442 774 568 806 contra
589 769 760 805 abbatem
779 768 825 804 de
844 768 1002 814 Bodelo7
1026 781 1138 818 super
1159 768 1387 818 quibusdam
1406 768 1560 805 decimis
1584 770 1790 817 novalium,
1812 776 1925 821 prout
1940 772 1979 809 in

441 828 628 878 praedicta
649 827 830 864 sententia
863 831 898 863 et
923 839 1099 877 processu
1125 831 1343 877 praenotato
1368 827 1516 877 plenius
1538 828 1765 875 continetur,
1786 830 1858 867 sub
1881 835 1979 868 certa

442 888 560 924 forma
580 887 687 923 nobis
702 886 875 923 videlicet
894 887 996 923 fratri
1013 887 1079 923 Ph.
1099 887 1199 923 dicto
1215 887 1339 924 abbati
1359 887 1641 925 Claraevallensi
1660 901 1680 924 a
1698 890 1859 939 generali
1878 890 1981 941 capi-

442 946 520 982 tulo
539 946 586 982 sit
605 945 816 990 commissa3
838 958 904 982 nos
917 975 925 991 7
945 945 1175 982 considerata
1195 945 1316 982 dictae
1334 946 1606 983 commissionis
1625 948 1765 994 forma,
1784 961 1880 998 quae
1897 949 1980 986 talis

442 1010 495 1042 est
514 1020 520 1040 :
542 1005 775 1041 Examinatio
801 1005 1004 1041 sentcntiae
1029 1004 1122 1041 latae
1145 1004 1182 1040 in
1210 1004 1381 1041 abbatem
1404 1004 1450 1040 de
1469 1005 1609 1042 Bodelo
1633 1018 1702 1056 pro
1725 1005 1911 1043 abbatissa
1934 1006 1981 1043 de

441 1063 588 1100 Boscho
606 1076 673 1113 per
682 1062 827 1112 jndices
848 1076 867 1099 a
887 1063 1050 1114 capitulo
1068 1062 1270 1100 destinatos
1289 1063 1414 1099 abbati
1433 1063 1715 1101 Claraevallensi
1735 1065 1982 1102 committitur

441 1121 657 1157 auctoritate
677 1121 829 1171 capituli
848 1122 1047 1172 generalis„
1066 1126 1123 1167 ut7
1143 1121 1352 1158 examinata
1371 1135 1496 1168 causa²
1522 1122 1670 1160 ordinet
1686 1129 1800 1174 prout
1816 1137 1882 1162 sua
1901 1125 1980 1162 dis-

440 1180 553 1215 cretio
580 1179 804 1228 judicaverit
829 1185 1070 1231 oportunum.
1105 1180 1200 1218 Visis
1227 1180 1337 1216 etiam
1363 1185 1399 1217 et
1423 1180 1621 1231 diligenter
1647 1182 1822 1232 inspectis
1853 1187 1980 1220 tenore

440 1238 642 1274 sententiae
672 1239 924 1288 supradictae7
957 1252 1102 1275 necnon
1134 1243 1170 1275 et
1201 1238 1443 1288 indulgentiis
1473 1243 1509 1275 et
1538 1239 1619 1276 aliis
1646 1240 1809 1290 partium
1839 1241 1980 1279 iustru-

441 1296 593 1343 mentis7
612 1297 821 1334 rationibus
836 1298 945 1342 etiam
957 1297 1055 1347 juris
1074 1297 1182 1334 nobis
1198 1297 1404 1347 inscriptis,
1423 1297 1566 1334 traditis
1585 1302 1621 1334 et
1637 1299 1838 1349 propositis
1857 1313 1980 1337 coram

441 1355 549 1392 nobis
569 1356 716 1406 plenius
736 1356 945 1403 intellectis,
965 1361 1096 1406 quarta
1115 1356 1205 1392 feria
1225 1360 1310 1406 post
1328 1356 1479 1392 Laetare
1497 1356 1732 1404 continuatas
1751 1357 1812 1394 die
1829 1371 1982 1408 praece-

440 1413 542 1449 denti
562 1414 670 1451 dictis
689 1414 860 1464 partibus
879 1415 1062 1465 assignata
1081 1415 1120 1451 in
1140 1414 1288 1451 civitate
1305 1414 1547 1461 Tornaeensi,
1567 1415 1765 1465 praedictis
1783 1416 1916 1454 abbate
1933 1417 1980 1454 de

440 1473 580 1510 Bodelo
599 1478 635 1510 et
653 1473 838 1511 abbatissa
857 1474 902 1511 de
921 1474 1067 1511 Boscho
1094 1486 1162 1524 pro
1181 1487 1219 1510 se
1243 1478 1279 1510 et
1296 1486 1426 1510 eorum
1451 1474 1698 1511 conventibus
1717 1488 1783 1525 per
1800 1488 1981 1526 procura-

440 1535 535 1568 tores
550 1533 777 1569 sussicienter
795 1533 994 1570 instructos
1013 1531 1316 1582 comparentibus
1330 1545 1455 1568 coram
1471 1532 1580 1569 nobis
1592 1562 1601 1579 ,
1619 1534 1795 1571 concluso
1813 1534 1852 1570 in
1869 1548 1980 1572 causa

440 1591 693 1641 omnibusque
719 1591 788 1628 rite
814 1592 972 1642 peractis
995 1591 1201 1628 secundum
1223 1591 1311 1640 jura
1333 1595 1370 1627 et
1387 1590 1530 1628 ordinis
1549 1590 1824 1641 simplicitatem
1844 1606 1887 1629 ac
1904 1598 1980 1631 tra—

440 1649 554 1686 ditam
571 1651 679 1688 nobis
699 1652 856 1688 formam
869 1681 877 1696 ,
892 1652 1109 1688 auctoritate
1125 1651 1215 1688 dicti
1233 1651 1385 1701 capituli
1402 1651 1509 1688 nobis
1524 1651 1563 1687 in
1581 1651 1651 1688 hac
1665 1656 1769 1702 parte
1783 1653 1978 1691 commissa

439 1708 673 1746 decerminus
692 1723 757 1746 seu
780 1711 998 1747 ordinamus
1022 1703 1064 1746 ut
1081 1709 1357 1760 praedictorum
1378 1709 1551 1758 judicum
1572 1711 1773 1758 sententia,
1796 1724 1872 1749 non
1891 1712 1980 1751 obs·

438 1768 602 1805 tantibus
626 1770 843 1819 propositis!
867 1771 905 1806 in
923 1783 991 1807 suo
1007 1770 1142 1807 robore
1157 1774 1374 1820 perseveret.
1400 1769 1555 1816 Verum⁷
1574 1783 1620 1807 ne
1642 1776 1794 1821 propter
1814 1771 1976 1823 aliquam

437 1826 739 1864 incertitudinem
763 1829 800 1865 in
827 1830 922 1866 facto
942 1830 1219 1875 consistentem,
1244 1842 1309 1866 seu
1332 1842 1428 1879 quae
1450 1834 1574 1880 posset
1597 1843 1642 1866 ex
1665 1831 1761 1867 facto
1779 1831 1976 1869 divisionis

438 1884 667 1922 decimarum
695 1886 740 1922 dc
768 1887 907 1937 quibus
925 1892 1048 1924 actum
1068 1892 1122 1924 est
1139 1887 1352 1938 provenire7
1378 1892 1413 1923 et
1437 1900 1482 1923 ex
1505 1887 1567 1924 illa
1594 1888 1858 1925 incertitudine
1883 1903 1980 1940 quae

439 1957 540 1980 nunc
559 1945 752 1981 certificari
774 1959 847 1982 non
867 1951 1003 1996 potest,
1023 1951 1147 1997 posset
1165 1947 1261 1982 inter
1279 1951 1400 1996 partes
1414 1946 1620 1996 praedictas
1637 1947 1807 1984 suscitari
1826 1949 1978 1986 materia

439 2003 684 2051 quaestionis7
708 2004 926 2042 ordinamus
949 2005 1167 2042 auctoritate
1185 2004 1373 2055 praedicta
1400 2010 1442 2041 ut
1466 2018 1533 2055 per
1554 2005 1673 2042 bonos
1691 2010 1727 2042 et
1748 2005 1821 2042 fide
1846 2006 1980 2057 dignos

438 2062 721 2110 parrochianos²
740 2063 880 2100 scilicet
898 2064 998 2102 illius
1017 2065 1191 2101 ecclesiae
1215 2065 1311 2101 infra
1334 2065 1441 2114 cujus
1460 2065 1637 2102 terminos
1655 2065 1819 2102 decimae
1837 2066 1979 2104 consis-

440 2124 522 2156 tunt
544 2134 657 2171 super
674 2123 812 2172 quibus
837 2125 999 2173 praefata
1023 2123 1203 2160 sententia
1224 2124 1296 2160 lata
1322 2123 1410 2170 fuit,
1435 2129 1547 2174 prout
1568 2124 1784 2174 diligentius
1804 2124 1883 2162 fieri
1908 2138 1979 2176 po-

439 2179 538 2224 terit.,
573 2180 785 2230 inquiratui²
817 2183 863 2219 de
895 2183 1062 2219 terminis
1093 2187 1260 2219 veterum
1298 2183 1528 2219 decimarum
1563 2196 1583 2219 a
1613 2183 1722 2220 dictis
1752 2183 1979 2221 monialibus

438 2244 714 2288 perceptarum7
744 2246 779 2278 et
806 2242 948 2279 decima
976 2242 1165 2279 novalium
1191 2255 1287 2292 quae
1310 2243 1347 2278 in
1376 2242 1449 2278 illis
1475 2242 1643 2279 terminis
1670 2256 1689 2278 a
1713 2242 1844 2292 viginti
1870 2242 1978 2279 annis

439 2295 528 2332 citra
548 2297 728 2346 originem
755 2299 986 2347 habuerunn
1009 2306 1050 2338 ut
1072 2301 1110 2337 in
1130 2301 1202 2338 illis
1221 2301 1409 2351 praedicta
1434 2301 1614 2338 sententia
1641 2299 1978 2337 certumsortiatur

438 2352 620 2390 effectum.

490 2412 547 2448 Ad
571 2413 666 2450 hanc
684 2420 805 2452 autem
833 2417 1115 2467 inquisitionem
1137 2418 1343 2456 faciendam
1367 2423 1403 2455 et
1424 2418 1550 2455 omnia
1568 2418 1638 2455 alia
1660 2431 1727 2468 per
1744 2430 1839 2468 quae
1857 2417 1977 2455 dictae
