2184 3074
754 323 915 362 CODEX
942 324 1187 363 DUNENSIS.
1689 328 1737 366 83

198 439 297 477 enim
325 440 423 477 vices
446 439 508 477 hic
532 439 714 491 gerimus,
742 439 957 477 lumborum
984 441 1092 490 cujus
1117 445 1172 478 est
1194 441 1337 491 justitia
1370 443 1563 494 cingulum
1588 448 1624 480 et
1643 443 1734 480 tides

197 497 421 536 cinctorium
447 511 579 536 renum
598 498 689 549 ejus.
709 498 838 536 Canite
856 499 971 549 igitur
995 499 1103 545 tuba,
1127 500 1353 538 sanctificate
1373 500 1579 551 jejunium,
1606 507 1734 539 vocate

197 569 365 604 caecum,
383 560 603 608 congregate
620 556 821 607 populum,
839 556 1046 594 coadunate
1063 556 1264 595 Ecclesiam
1277 586 1286 603 ,
1304 563 1347 596 ut
1363 559 1434 610 ipsi
1456 559 1502 596 ad
1521 559 1642 597 Deum
1665 560 1731 611 qui

160 661 166 665 μ
197 626 265 653 nos
283 614 496 666 Apostolica
513 614 608 654 Sede
625 627 693 665 per
713 614 859 651 obitum
882 618 1029 652 sanctae
1054 615 1255 653 memoriae
1280 616 1469 654 Benedicti
1489 630 1606 668 papae
1623 630 1733 669 prae-

196 672 399 711 decessoris
416 673 532 711 nostri
546 672 720 724 proximo
734 677 889 710 vacante
902 686 969 724 per
981 673 1198 711 electionem
1219 675 1435 712 canonicam
1457 680 1493 713 et
1509 677 1731 714 concordem

196 731 442 769 cardinalium
473 735 621 769 sanctae
646 731 835 769 Romanae
864 731 1039 768 ecclesiae
1065 732 1124 769 cui
1153 733 1421 783 praesidemus,
1449 747 1550 771 nunc
1575 722 1731 772 fratrum

195 793 408 827 nostrorum
430 789 659 840 benignitate
678 788 956 826 misericordiae
974 802 1062 826 suae
1082 790 1128 826 ad
1152 790 1316 841 regimen
1336 792 1472 829 summi
1493 793 1732 843 pontificatus

193 847 414 898 assumpsit,
433 852 469 885 et
482 847 520 884 in
538 860 689 892 eorum,
710 860 855 884 necnon
874 847 1098 885 serenissimi
1118 849 1299 900 principis
1322 850 1506 888 karissimi
1528 851 1594 888 filii
1614 851 1730 889 nostri

193 905 380 958 Philippi,
398 906 494 958 regis
518 905 747 944 Francorum
766 904 921 943 illustris
933 934 942 951 ,
956 905 1192 957 aliorumque
1206 907 1421 958 principum
1439 913 1475 946 et
1493 909 1677 946 nobilium
1696 913 1732 946 et

192 965 435 1004 multitudine
451 965 583 1017 populi
602 965 752 1016 copiosa
765 965 948 1016 praesenti
964 978 1138 1016 peragere
1153 966 1450 1005 benedictionem
1466 972 1630 1005 nostram
1645 982 1731 1019 per-

192 1024 311 1071 misit,
328 1024 523 1075 porrigant
539 1036 668 1074 preces
686 1022 791 1074 quod
810 1023 856 1059 ad
873 1023 1021 1061 laudem
1039 1035 1162 1070 suam,
1178 1024 1322 1061 salvum
1343 1029 1379 1062 et
1398 1025 1623 1063 incolumem
1643 1039 1731 1064 suae

190 1095 260 1121 nos
281 1086 402 1120 servet
416 1082 620 1128 Ecclesiae,
638 1082 776 1132 detque
794 1081 903 1119 nobis
922 1095 1028 1119 servo
1046 1095 1114 1119 suo
1133 1095 1197 1119 cor
1214 1083 1354 1130 docile,
1372 1088 1408 1121 et
1420 1084 1591 1133 judicare
1608 1085 1730 1136 possi-

191 1153 277 1179 mus
295 1146 332 1179 et
349 1154 475 1193 regere
492 1141 675 1192 populum
695 1154 805 1179 suum
828 1154 870 1178 ac
889 1141 986 1196 inter
1003 1141 1146 1179 bonum
1172 1147 1209 1179 et
1229 1143 1368 1180 malum
1391 1143 1600 1182 discernere
1626 1145 1728 1195 quod

191 1200 303 1251 periit
314 1203 351 1237 et
365 1199 565 1250 praecipue
578 1203 715 1236 terram
729 1203 894 1236 sanctam
910 1204 1150 1237 memoratam
1166 1200 1370 1250 requirere,
1384 1201 1526 1251 abjecta
1540 1202 1728 1247 reducere,

191 1258 343 1310 alligare
360 1259 564 1305 confracta,
582 1258 816 1296 consolidare
840 1258 1006 1304 infirma,
1027 1259 1135 1297 sortia
1161 1258 1348 1296 custodire
1368 1271 1411 1296 ac
1435 1260 1607 1310 pinguia,
1625 1273 1729 1297 com-

190 1317 346 1356 missum
372 1330 520 1369 gregem
545 1317 583 1354 in
607 1316 752 1367 judicio
777 1321 813 1354 et
833 1317 978 1367 justitia
1002 1329 1152 1368 pascere
1175 1321 1213 1354 et
1237 1317 1343 1354 illum
1370 1317 1492 1355 taliter
1514 1318 1729 1356 salubribus

190 1376 343 1415 monitis
368 1377 565 1414 confovere
591 1376 695 1427 quod
721 1376 802 1426 ejus
830 1376 981 1427 sanguis
1008 1376 1047 1413 in
1068 1380 1234 1413 extremo
1255 1375 1400 1424 judicio
1420 1375 1467 1413 de
1491 1377 1626 1414 nostris
1652 1390 1727 1414 non

189 1435 402 1487 requiratur
425 1435 618 1482 manibus,
648 1435 714 1473 sed
740 1447 825 1472 cum
855 1447 899 1472 eo
925 1434 964 1471 in
991 1438 1137 1471 aeterna
1163 1434 1299 1472 Christi
1326 1434 1563 1472 tabernacula
1589 1435 1726 1486 suscipi

189 1507 408 1532 mereamur.
440 1493 579 1532 Verum
609 1493 699 1545 quia
731 1493 948 1543 hujusmodi
980 1493 1191 1530 orationum
1223 1492 1396 1544 suffragia
1427 1493 1539 1531 nimis
1566 1493 1729 1532 insident

187 1553 291 1591 cordi
310 1556 450 1599 nostro,
465 1557 501 1590 et
519 1553 582 1590 illa
602 1565 671 1604 pro
691 1552 814 1600 nobis,
832 1557 875 1590 ut
891 1553 1154 1604 praemittitur,
1169 1552 1342 1603 cupimus
1359 1552 1539 1599 exhiberi,
1553 1553 1727 1590 volumus

187 1615 223 1649 et
240 1611 509 1649 nichilominus
525 1611 633 1649 vobis
652 1612 902 1662 praesentium
922 1611 1140 1648 auctoritate
1166 1611 1386 1648 mandamus
1410 1615 1593 1661 quatenus
1618 1610 1725 1648 nobis

186 1681 254 1720 per
277 1673 417 1707 vestras
444 1669 604 1715 litteras,
629 1681 722 1720 quas
748 1673 944 1719 propterea
970 1669 1224 1719 injunxeritis,
1254 1669 1438 1706 orationes
1468 1674 1504 1706 et
1533 1669 1663 1707 missas
1690 1673 1726 1706 et

186 1728 368 1780 quicquid
388 1728 477 1766 inde
495 1728 654 1766 feceritis
673 1728 884 1779 significare
901 1728 1052 1775 curetis,
1079 1728 1235 1766 scientes
1258 1728 1360 1779 quod
1383 1733 1524 1778 quanto
1548 1741 1725 1765 numero-

185 1785 282 1823 siora
308 1785 482 1837 suffragia
509 1786 556 1823 de
580 1786 720 1837 quibus
740 1786 970 1837 praedicitur
993 1786 1132 1824 facietis
1157 1786 1300 1832 offerri,
1320 1790 1422 1823 tanto
1446 1786 1724 1824 favorabiliores

185 1845 292 1882 vobis
310 1845 558 1896 proponimus
577 1846 749 1884 inveniri.

232 1903 370 1941 Datum
402 1904 593 1955 Lugduni,
623 1917 682 1942 xvi
714 1904 890 1942 kalendas
928 1903 1154 1949 decembris,
1186 1903 1422 1954 pontificatus
1465 1904 1581 1941 nostri
1623 1916 1722 1940 anno

184 1962 318 2013 primo.
