2184 3074
742 320 904 359 CODEX
930 321 1176 360 DUNENSIS.
1645 326 1716 364 507

186 440 272 483 tate,
288 436 431 487 justitia
449 441 486 473 et
504 436 690 487 aequitate
713 437 884 486 pensatis.
912 438 958 476 Ut
980 442 1103 476 autem
1129 437 1344 488 hujusmodi
1372 444 1496 477 nostra
1517 441 1642 480 citatio
1667 440 1713 478 ad

184 507 334 532 omnem
367 494 535 532 omnium
567 506 809 544 personarum
837 494 926 533 dicti
953 495 1096 534 ordinis
1123 497 1291 534 notitiam
1319 497 1540 545 deducatur,
1566 511 1645 536 eam
1674 498 1713 536 in

184 553 321 603 palatio
346 551 550 604 apostolico
575 552 726 602 publice
750 558 943 603 praesente
969 554 1134 592 fidelium
1168 555 1407 593 multitudine
1432 556 1581 607 copiosa
1612 560 1648 593 et
1673 556 1712 593 in

182 611 370 649 audientia
389 610 540 662 publica
558 610 628 661 leg'i
653 618 689 648 et
713 611 914 661 publicari,
937 625 1082 650 necnon
1107 617 1224 651 cartas
1249 617 1285 650 et
1309 614 1542 652 membranas
1567 613 1712 651 citatio-

183 683 267 708 nem
295 669 524 710 continentes
552 668 720 706 eamdem
741 669 780 706 in
802 670 934 719 majori
957 670 1109 708 ecclesia
1133 670 1338 709 Pictavensi
1363 672 1524 723 appendi
1550 677 1587 709 et
1611 671 1710 724 affigi

183 728 312 767 hostiis
333 741 399 766 seu
424 727 774 778 superliminaribus
798 728 992 775 faciemus,
1019 742 1114 780 quae
1135 729 1347 767 citationem
1374 730 1492 781 ipsam
1515 744 1583 769 suo
1603 732 1708 783 quasi

180 798 315 824 sonoro
336 785 536 837 praeconio
553 790 590 822 et
606 786 734 836 patulo
747 785 892 835 judicio
915 787 1177 838 publicabunt,
1195 788 1245 825 ita
1266 788 1368 839 quod
1389 788 1443 826 hii
1466 802 1561 840 quos
1586 790 1710 828 citatio

182 844 260 895 ipsa
281 844 415 895 tangit,
439 843 580 881 nullam
604 844 749 894 possint
774 845 1048 882 excusationem
1077 846 1315 896 praetendere
1340 845 1443 897 quod
1467 847 1514 884 ad
1539 860 1601 885 eos
1627 847 1708 886 talis

179 902 305 940 citatio
320 914 395 940 non
409 901 620 952 pervenerit
634 901 691 938 vel
705 901 808 952 quod
826 902 1032 953 ignorarint
1043 903 1227 950 eamdem,
1247 917 1331 941 cum
1350 917 1426 941 non
1446 904 1494 942 sit
1510 905 1709 944 verisimile

179 973 368 999 remanere
387 959 513 1011 quoad
532 960 631 1010 ipsos
650 960 881 1011 incognitum
901 961 957 998 vel
976 961 1164 998 occultum
1187 961 1289 1012 quod
1307 967 1380 1000 tam
1402 968 1568 1013 patenter
1585 964 1708 1002 omni-

179 1020 250 1057 bus
268 1019 492 1070 publicatur.

227 1077 363 1119 Datum
383 1076 542 1114 Pictavis
554 1090 588 1114 vi
607 1077 691 1114 idus
709 1077 871 1128 augusti,
892 1077 1128 1128 pontificatus
1148 1079 1261 1115 nostri
1280 1092 1378 1116 anno
1397 1080 1514 1116 tertio.

865 1332 1028 1371 CCCLV.

248 1451 355 1489 Bulle
372 1451 415 1488 de
434 1450 594 1489 Clement
612 1451 651 1487 V
663 1463 733 1488 sur
749 1450 785 1488 la
803 1450 942 1501 relique
952 1450 1010 1487 du
1028 1451 1255 1502 Saint-Sanq
1277 1454 1463 1490 conserve'e
1479 1453 1574 1490 dans
1592 1452 1627 1488 la

590 1508 751 1558 chapelle
768 1508 812 1551 de
827 1509 1088 1554 Saint-Basile‚
1103 1510 1125 1546 ἁ
1141 1510 1293 1560 Bruqes.

221 1723 389 1761 Clemens
420 1725 627 1775 episcopus,
657 1738 785 1762 servus
815 1739 1007 1763 servorum
1035 1726 1115 1771 Dei,
1147 1725 1327 1763 universis
1356 1725 1491 1763 Christi
1529 1724 1702 1762 fidelibus

172 1786 379 1832 praesentes
398 1782 536 1821 litteras
556 1783 796 1834 inspecturis,
815 1785 971 1821 salutem
990 1790 1027 1821 et
1043 1784 1283 1835 apostolicam
1301 1783 1610 1821 benedictionem.

221 1840 320 1878 Licet
335 1841 368 1882 ls
382 1841 428 1878 de
441 1842 548 1892 cujus
565 1855 719 1879 munere
733 1842 835 1879 venit
849 1848 908 1888 ut,
927 1843 958 1880 si
976 1856 996 1880 a
1014 1843 1091 1880 suis
1106 1842 1279 1879 fidelibus
1294 1841 1406 1892 digne
1419 1847 1454 1879 et
1468 1841 1702 1878 laudabiliter

171 1899 362 1947 serviatur,
375 1900 422 1937 de
434 1900 662 1938 abundantia
683 1900 828 1951 pietatis
847 1914 935 1938 suae
953 1914 1048 1951 quae
1066 1901 1194 1938 merita
1213 1900 1423 1950 supplicum
1442 1900 1603 1946 excedit,
1618 1904 1699 1936 vota

170 1958 264 1995 bene
278 1958 524 1996 servientibtis
543 1959 662 1996 multo
684 1958 823 2008 majora
842 1959 1023 1996 retribuat
1041 1972 1153 2009 quam
1173 1959 1318 1995 valeant
1335 1958 1554 2008 promereri,
1574 1956 1697 1994 nichi-

171 2016 332 2053 lominus
346 2021 469 2053 tamen
483 2016 734 2053 desiderantes
748 2016 909 2054 Domino
924 2017 1076 2053 reddere
1090 2016 1270 2066 populum
1283 2015 1558 2066 acceptabilem,
1575 2014 1699 2052 lideles
1766 2026 1771 2032 ·

170 2075 249 2125 ejus
274 2075 320 2112 ad
345 2075 652 2126 complacendum
674 2075 706 2112 ei
737 2075 842 2126 quasi
867 2075 1093 2125 quibusdam
1118 2074 1294 2111 allectivis
1321 2073 1547 2119 muneribus,
1573 2073 1699 2110 indul-

169 2133 301 2183 gentiis
323 2132 496 2170 videlicet
517 2137 553 2170 et
570 2133 870 2179 remissionibus,
898 2133 1097 2170 invitamus
1116 2137 1158 2169 ut
1174 2131 1308 2168 exinde
1331 2131 1534 2168 reddantur
1551 2130 1698 2168 divinae

169 2190 307 2240 gratiae
337 2191 550 2242 apertiores.
579 2191 822 2229 Attendentes
850 2191 974 2242 itaque
998 2190 1101 2241 quod
1120 2190 1157 2226 in
1177 2189 1328 2226 eeclesia
1355 2188 1478 2226 Sancti
1503 2189 1629 2226 Basilii
1652 2189 1698 2226 de

170 2248 314 2300 Brugis,
331 2249 573 2288 Tornacensis
591 2250 776 2300 dyocesis,
794 2262 908 2300 quam
928 2248 1125 2285 ineffabilis
1143 2247 1300 2284 altitudo
1319 2246 1589 2297 providentiae,
1608 2247 1695 2283 recti

168 2320 322 2345 censura
341 2307 474 2358 judicii
502 2309 672 2347 coelestia
691 2308 829 2359 pariter
850 2312 886 2344 et
910 2313 1051 2344 terrena
1070 2307 1287 2357 disponens,
1307 2305 1558 2355 praerogativa
1579 2305 1698 2342 subli-

168 2365 281 2403 mavit
295 2365 446 2404 honoris
460 2371 496 2404 et
509 2367 776 2404 miraculorum
795 2365 1008 2403 assiduitate
1021 2365 1184 2410 decorat,
1202 2363 1326 2400 existit
1336 2375 1411 2399 non
1425 2362 1570 2399 modica
1583 2376 1698 2413 quan-

167 2424 248 2461 titas
266 2424 500 2462 sacratissimi
520 2425 712 2475 sanguinis
728 2422 984 2475 pretiosissimi
1003 2422 1169 2475 corporis
1191 2421 1343 2458 humani
1362 2420 1506 2470 generis
1524 2420 1696 2470 redemp-
