2184 3074
465 376 537 414 458
690 362 693 365 ’
1014 370 1172 408 coossx
1198 370 1446 408 DUNENsis.

468 496 718 527 excusatorem
751 488 954 538 legitimum
986 487 1096 523 fidem
1125 487 1277 532 faciant,
1310 491 1420 536 prou-t
1456 491 1627 523 tenentur
1659 491 1696 523 et
1725 491 1996 524 consueverunt

469 549 662 594 hactenus,
682 547 825 585 statutis
848 545 1077 596 temporibus
1100 545 1272 582 accedere
1298 545 1604 595 contempserint,
1629 549 1665 582 et
1688 544 1769 595 ipso
1789 544 1995 595 ingressum

469 607 640 644 ecelesiae
657 606 726 643 sibi
747 605 918 642 noverint
932 604 1188 650 interdictum,
1203 604 1241 640 in
1260 617 1336 654 quo
1352 604 1382 641 si
1398 604 1714 654 perseveraverint
1730 603 1998 641 contumaciter

469 677 535 715 per
563 669 634 701 tres
666 676 830 708 menses,
855 667 992 698 extunc
1022 661 1417 699 excommunicationis
1442 661 1635 698 incurrant
1668 661 1887 699 sententiam
1917 661 1999 712 ipso

470 723 581 767 sacto,
594 722 630 758 in
645 735 717 772 qua
731 721 760 758 si
777 735 842 771 per
854 721 946 757 alios
960 725 1031 758 tres
1046 734 1189 758 menses
1203 721 1441 771 pertinaciter
1450 720 1695 771 perstiterint,
1711 720 1852 758 subditi
1868 732 1996 757 eorum

470 781 521 818 eis
545 781 696 818 obedire
720 794 781 818 seu
806 793 934 830 parere
956 780 1109 817 minime
1135 784 1346 826 teneantur,
1374 780 1494 817 donec
1519 780 1724 817 meruerint
1752 778 1998 817 absolutionis

469 839 689 876 heneficium
712 838 895 884 obtinere,
919 852 937 874 a
956 838 1094 888 quibus
1116 838 1307 875 sententiis
1329 837 1514 875 interdicti
1541 843 1578 875 et
1599 836 1996 875 excommunicationis

470 897 609 934 absolvi
630 910 703 933 non
723 901 878 947 possunt
901 897 970 933 nisi
995 896 1244 947 praestiterint
1266 896 1486 946 juratoriam
1510 896 1719 933 cautionem
1744 896 1791 933 de
1814 894 1998 932 veniendo

470 955 711 1007 personaliter
735 955 780 992 ad
807 955 1021 1005 proximum
1050 960 1140 991 tunc
1163 956 1330 992 futurum
1357 954 1609 992 Cisterciensis
1631 954 1775 992 ordinis
1796 953 1999 1005 capitulum

471 1015 653 1065 generale,
668 1019 703 1051 et
719 1014 766 1050 de
784 1014 1042 1051 satisfaciendo
1061 1006 1223 1064 congrue
1241 1014 1287 1051 de
1304 1014 1501 1064 praedictis
1515 1014 1622 1063 juxta
1642 1013 1838 1050 arbitrium
1856 1011 2001 1050 abbatis

473 1072 637 1115 Cistercii
669 1080 704 1108 et
723 1071 881 1108 aliorum
916 1072 1204 1122 praesidentium
1232 1086 1294 1109 seu
1323 1072 1571 1109 diffinitorum
1604 1072 1643 1109 in
1675 1071 1805 1109 eodem
1839 1070 2002 1121 capitulo

466 1130 642 1181 generali,
661 1144 755 1180 quae
775 1130 925 1180 quidem
947 1130 1022 1167 duo
1043 1131 1105 1167 ille
1121 1130 1186 1181 qui
1206 1144 1268 1168 eos
1285 1131 1498 1178 absolverit,
1513 1130 1552 1167 in
1571 1131 1649 1181 ipsa
1667 1129 1902 1168 absolutione
1927 1127 1999 1166 sub

468 1188 566 1225 dicto
580 1187 791 1237 juramento
810 1188 984 1239 praestito
1009 1189 1061 1226 eis
1087 1189 1281 1239 injungere
1303 1193 1479 1226 teneatur.
1500 1189 1546 1226 Et
1565 1189 1594 1226 si
1614 1188 1660 1225 ad
1679 1189 1820 1225 dictum
1840 1199 1999 1238 sequens

467 1246 671 1297 capitulum
694 1247 879 1297 gencrale,
904 1252 1066 1284 cessante
1091 1247 1358 1298 impedimento
1382 1247 1546 1297 legitimo
1564 1247 1621 1283 vel
1640 1246 1739 1283 dicta
1759 1245 1906 1286 licentia
1924 1257 1999 1283 non

468 1305 654 1350 obstante,
673 1305 916 1355 personaliter
933 1319 1018 1342 cum
1045 1306 1174 1343 litteris
1196 1305 1442 1343 absolutionis
1456 1305 1712 1355 juramentum
1731 1309 1767 1341 et
1784 1303 1999 1341 mandatum

469 1363 682 1413 hujusmodi
702 1364 980 1401 continentibus
1007 1377 1082 1401 non
1108 1364 1264 1401 veniunt
1289 1370 1355 1401 aut
1383 1364 1589 1401 secundum
1613 1363 1808 1400 arbitrium
1833 1361 2004 1413 praedio-

470 1428 589 1459 torum
610 1422 774 1459 Cistercii
793 1423 1209 1470 abbatis,dissinit0rum
1225 1428 1260 1460 et
1273 1423 1432 1460 aliorum
1452 1422 1743 1473 praesidentium
1762 1421 1880 1459 eidem
1900 1420 2003 1472 capi-

471 1481 566 1526 tulo,
588 1485 627 1517 ut
645 1481 912 1531 praemittitur,
931 1495 1005 1519 non
1032 1482 1275 1519 satisfecerint
1300 1482 1346 1518 de
1367 1481 1596 1533 praemissis,
1611 1485 1748 1517 extunc
1771 1479 1810 1516 in
1836 1479 2002 1517 eamdem

471 1539 868 1577 excommunicationis
900 1540 1118 1578 sententiam
1151 1540 1359 1577 reincidant
1390 1540 1470 1591 ipso
1501 1539 1595 1588 jure.
1624 1539 1670 1576 Et
1698 1538 1786 1589 quia
1821 1541 2004 1575 crescente

468 1599 576 1648 culpa
600 1603 635 1634 et
653 1598 885 1635 contumacia
909 1599 1034 1649 augeri
1066 1599 1176 1636 debet
1202 1603 1237 1636 et
1266 1612 1399 1649 poena,
1418 1597 1599 1635 adicimus
1626 1596 1728 1647 quod
1755 1596 1829 1633 sint
1849 1608 1892 1632 co
1916 1607 2003 1634 casu

473 1655 605 1707 privati
627 1662 662 1693 et
679 1657 838 1707 depositi
862 1657 943 1708 ipso
968 1658 1064 1694 facto
1083 1658 1129 1695 ab
1148 1657 1482 1695 amministratione
1509 1661 1543 1692 et
1569 1655 1749 1706 regimine
1770 1653 2003 1691 abbatiarum

470 1729 562 1766 quas
585 1720 674 1752 tunc
701 1716 875 1766 temporis
893 1716 1132 1762 obtinebunt,
1153 1721 1188 1753 et
1206 1721 1410 1753 conventus
1426 1715 1589 1766 ipsarum
1613 1713 1844 1750 abbatiarum
1862 1711 2007 1763 possint

474 1773 606 1819 libere,
625 1774 720 1810 sicut
740 1779 1030 1820 consueverunt,
1051 1789 1116 1825 per
1134 1774 1351 1812 electionem
1370 1773 1575 1811 secundum
1595 1773 1751 1809 sormam
1771 1770 1914 1809 ordinis
1932 1769 2004 1806 sibi

472 1836 507 1868 et
520 1832 609 1882 ipsis
628 1832 787 1870 abbatiis
806 1834 858 1869 sic
873 1834 1089 1871 vacantibus
1107 1833 1153 1870 de
1171 1834 1254 1871 aliis
1273 1833 1444 1883 personis
1467 1831 1624 1882 ydoneis
1643 1831 1682 1868 in
1701 1829 1900 1867 abbatibus
1917 1841 2007 1879 pro-

470 1890 604 1926 videre.
641 1890 710 1927 Per
739 1895 915 1928 statutum
949 1897 1071 1929 autem
1105 1897 1273 1929 nostrum
1306 1891 1523 1941 hujusmodi
1556 1903 1630 1927 non
1664 1888 1913 1934 intendimus,
1939 1899 2007 1924 nec

470 1949 641 1985 volumus
660 1949 821 1999 capitulo
835 1951 994 2000 generali
1014 1951 1102 1988 dicti
1122 1951 1264 1988 ordinis
1282 1955 1318 1988 et
1332 1949 1633 2000 praesidentibus
1652 1961 1716 1985 seu
1739 1945 2006 1984 diffinitoribus

469 2006 506 2044 in
525 2007 653 2043 eodem
676 2007 838 2044 adimere
859 2013 1074 2058 potestatem
1094 2009 1296 2060 quominus
1315 2009 1433 2046 dictos
1458 2008 1609 2044 abbates
1638 2005 1772 2056 punire
1797 2005 1886 2042 alias
1906 2004 1935 2041 si
1955 2003 2006 2040 eis

471 2064 658 2102 videbitur
675 2070 711 2102 et
728 2067 948 2117 compellere
966 2067 1011 2104 ad
1027 2068 1233 2118 parendum
1249 2080 1377 2104 eorum
1397 2065 1698 2103 ordinationibus
1719 2070 1756 2100 et
1775 2062 1921 2100 statutis
1941 2074 2005 2099 seu

472 2123 523 2159 cis
553 2124 817 2173 poenitentiam
845 2126 1039 2176 injungere
1072 2131 1107 2164 et
1136 2127 1207 2164 alia
1239 2127 1430 2177 imponere
1463 2126 1608 2162 valeant
1637 2122 1842 2161 secundum
1874 2125 2008 2159 statuta

475 2182 653 2231 regularia
673 2188 708 2219 et
724 2184 866 2220 ordinis
885 2184 1133 2235 disciplinam.
1149 2186 1194 2222 Et
1213 2198 1258 2222 ne
1276 2185 1360 2236 quis
1379 2184 1652 2235 praedictorum
1673 2181 1868 2227 abbatum,
1882 2179 2010 2230 aliquo

474 2240 595 2277 colore
613 2242 797 2291 quaesito,
818 2243 929 2292 hujus
949 2244 1074 2280 statuti
1099 2244 1345 2295 ignorantiam
1365 2242 1605 2294 praetendere
1622 2241 1758 2286 valeat,
1778 2238 2009 2289 injungimus

477 2302 517 2334 ut
539 2298 697 2348 quilibet
716 2300 881 2350 ipsorum
901 2302 1102 2351 praesentis
1119 2302 1245 2339 statuti
1271 2302 1416 2352 copiam
1439 2301 1573 2338 habeat
1589 2305 1625 2336 et
1642 2300 1680 2336 in
1699 2311 1767 2336 suo
1786 2296 2009 2334 monasterio

474 2355 519 2392 ad
534 2362 747 2406 perpetuam
769 2359 821 2395 rei
837 2360 1054 2397 memoriam
1069 2361 1178 2397 faciat
1191 2360 1376 2411 registrari
1391 2364 1426 2396 et
1443 2360 1571 2396 saltem
1590 2358 1701 2395 semel
1718 2357 1756 2393 in
1774 2368 1872 2393 anno
1886 2355 1925 2391 in
1941 2366 2010 2391 suo

476 2415 636 2464 capitulo
655 2416 692 2452 in
713 2423 916 2455 conventus
934 2420 1139 2468 praesentia
1155 2419 1358 2470 publicari,
1378 2423 1413 2455 et
1430 2417 1697 2455 nichilominus
1712 2414 1880 2466 patribus
1897 2412 2008 2450 abba—

477 2472 575 2509 tibus
594 2474 695 2522 regni
719 2475 897 2524 praedicti
925 2476 963 2512 in
988 2477 1124 2514 virtute
1147 2482 1293 2514 sanctae
1317 2476 1549 2514 obedientiae
1576 2474 1741 2512 districte
1758 2470 2006 2523 praecipimus
