2184 3074
434 306 444 341 l
456 306 502 341 74
977 304 1139 341 CODEX
1165 304 1412 342 DUNENSIS.

480 423 577 459 Haec
597 426 719 458 autem
744 420 942 471 appellatio
971 421 1065 456 sacta
1089 424 1143 457 est
1167 420 1256 456 seria
1281 420 1414 471 quinta
1436 426 1520 471 post
1539 422 1763 470 Qua-simodo
1786 424 1826 462 in
1853 425 1969 463 choro

430 481 603 518 ecclesiae
621 479 743 518 Sancti
763 479 961 516 Salvatoris
981 478 1203 528 Brugensis„
1226 477 1316 516 hora
1344 479 1484 529 prima,
1503 493 1602 517 anno
1620 481 1772 519 Domini
1797 483 1850 520 Μο
1867 483 1970 521 CCC⁰

431 539 604 588 septimo7
635 537 891 588 praesentibus
917 536 1084 573 discretis
1119 536 1209 573 viris
1240 536 1376 574 talibus
1406 542 1442 574 et
1474 538 1611 576 talibus
1638 540 1792 578 testibus
1824 541 1871 578 ad
1900 541 1972 580 hoc

429 597 566 634 vocatis
594 595 802 646 specialiter
826 599 862 631 et
887 595 1041 644 rogatis,
1066 607 1229 644 quorum
1253 595 1472 632 habentium
1504 596 1623 647 sigilla
1643 611 1719 635 una
1744 612 1829 637 cum
1848 599 1971 650 sigillo

428 656 612 692 dictorum
635 653 783 691 'abbatis
806 658 842 690 et
869 657 1073 690 conventus
1101 653 1147 689 de
1168 653 1316 690 Thosan
1339 667 1414 704 quo
1441 655 1553 692 unico
1575 659 1734 694 utuntur
1757 657 1795 694 in
1819 658 1970 704 ordine,

428 713 683 765 praesentibus
703 713 833 749 litteris
853 715 940 748 sunt
959 725 1133 762 appensa.

477 773 520 809 Et
541 772 630 822 quia
653 784 719 820 ego
742 775 963 821 procurator
984 770 1225 807 dominorum
1253 770 1505 809 Narbonensis
1531 773 1802 842 archiepiscopi
1821 779 1857 813 et
1874 776 1971 814 Alti-

427 831 650 869 siodorensis
669 830 773 866 electi
792 842 834 866 ac
851 828 1105 866 archidiaconi
1124 829 1252 880 Algiae
1270 830 1317 867 ad
1336 844 1508 881 praesens
1527 831 1664 870 habere
1689 834 1836 884 copiam
1864 847 1970 872 com-

427 890 536 927 mode
562 902 637 926 non
665 901 835 939 possum,
862 887 969 924 vobis
1000 887 1262 926 collectoribus
1271 876 1490 940 praedictis
1517 891 1771 942 supradictam
1802 893 1970 944 appella-

428 950 565 986 tionem
593 962 657 986 seu
682 947 1002 1014 provocationem.
1037 948 1076 984 in
1102 949 1308 999 praesentia
1339 950 1472 987 notarii
1500 955 1536 987 et
1566 951 1715 988 testium
1750 952 1972 1000 astantium,

428 1009 579 1046 notifico
598 1012 633 1044 et
651 1007 801 1044 insinuo
821 1019 863 1043 ac
882 1006 1020 1043 innovo
1041 1006 1078 1043 in
1098 1007 1246 1058 scriptis
1264 1021 1309 1045 ex
1327 1009 1448 1046 causis
1466 1009 1605 1047 eisdem
1623 1023 1692 1061 pro
1710 1011 1819 1048 dictis
1837 1011 1972 1049 abbate

427 1073 462 1106 et
480 1072 664 1106 conventu
676 1097 685 1113 a
704 1067 775 1104 sibi
798 1066 1087 1104 adhaerentibus
1106 1080 1170 1104 seu
1189 1067 1389 1105 adhaerere
1407 1069 1635 1116 volentibus,
1656 1070 1695 1107 in
1709 1070 1778 1107 hae
1796 1075 1916 1122 parte,
1936 1074 1972 1108 et

428 1127 578 1163 nomine
597 1127 764 1176 ipsorum
784 1130 869 1176 peto
894 1139 979 1162 cum
1007 1125 1182 1163 instantia
1204 1126 1297 1163 mihi
1320 1127 1400 1164 dari
1425 1132 1462 1164 et
1483 1128 1637 1165 concedi
1663 1129 1867 1179 apostolos,
1896 1142 1971 1166 non

426 1186 631 1235 astringens
659 1198 717 1221 me
740 1184 786 1221 ad
807 1185 933 1221 omnia
957 1184 1172 1235 probanda,
1198 1184 1263 1222 sed
1287 1185 1333 1222 ad
1359 1199 1401 1222 ea
1426 1199 1522 1237 quae
1546 1186 1714 1224 sufficere
1739 1186 1901 1224 debeant
1926 1200 1972 1225 ex

427 1243 653 1294 praemissis;
680 1248 715 1279 et
739 1247 824 1293 peto
853 1257 873 1279 a
901 1247 934 1279 te
961 1243 1106 1279 notario
1136 1243 1291 1293 publico
1323 1249 1515 1294 praesente
1548 1245 1651 1296 quod
1683 1245 1730 1282 de
1760 1245 1973 1296 praemissis

427 1300 603 1339 omnibus
622 1303 735 1339 michi
756 1303 837 1339 loco
855 1303 1110 1353 apostolorum
1131 1303 1242 1340 facias
1261 1303 1456 1353 publicum
1481 1305 1783 1342 instrumentum.

476 1362 610 1398 Actum
637 1374 752 1408 anno,
782 1361 1004 1405 indictione,
1038 1362 1276 1412 pontificatu,
1303 1362 1364 1399 die
1391 1367 1427 1400 et
1458 1363 1539 1400 loco
1570 1363 1742 1414 superius
1774 1363 1973 1411 invocatis7

427 1422 683 1472 praesentibus
708 1421 798 1458 viris
829 1421 997 1458 discretis
1026 1426 1061 1458 et
1086 1421 1364 1459 venerabilibus
1396 1422 1551 1460 domino
1582 1422 1789 1469 Balduino‚
1816 1422 1972 1460 domino

427 1481 635 1531 Armigero‚
655 1485 734 1527 οἱα,
759 1484 795 1517 et
813 1480 986 1530 pluribus
1011 1480 1093 1517 aliis
1118 1480 1340 1517 Morinensis
1364 1481 1523 1518 civitatis
1549 1486 1583 1518 et
1606 1481 1776 1531 dyocesis
1800 1480 1846 1517 ad
1865 1494 1973 1531 prae-

428 1540 537 1576 missa
555 1540 693 1576 vocatis
711 1540 868 1577 testibus
887 1544 922 1576 et
940 1539 1091 1590 rogatis.

476 1600 520 1636 Et
534 1612 600 1649 ego
619 1598 661 1635 N.
678 1598 826 1635 Boidun
842 1598 888 1634 de
902 1598 1060 1644 Elsidio7
1074 1599 1295 1635 Morinensis
1311 1598 1499 1648 dyocesis,
1518 1598 1693 1648 publicus
1713 1598 1972 1636 aucthenticus

427 1657 519 1707 sacri
540 1657 682 1692 romani
700 1656 846 1707 imperii
862 1657 1042 1702 notarius,
1058 1657 1270 1707 praemissis
1289 1657 1465 1694 omnibus
1485 1669 1560 1693 una
1578 1670 1664 1693 cum
1672 1655 1972 1708 praenominatis

429 1714 581 1751 testibus
599 1715 714 1751 interf
713 1715 765 1761 ui,
781 1720 822 1752 ut
835 1729 946 1765 supra
963 1715 1107 1766 legiturff
1121 1716 1253 1766 scripsi
1270 1720 1306 1753 et
1319 1715 1455 1752 exinde
1468 1715 1536 1752 feci
1553 1715 1624 1752 hoc
1639 1728 1812 1766 praesens
1830 1716 1973 1753 instru-

428 1777 594 1810 mentum
621 1773 835 1823 publicum‚
862 1788 921 1810 me
947 1774 1151 1824 subscripsi
1180 1779 1216 1811 ct
1245 1775 1394 1825 signum
1425 1787 1550 1811 meum
1577 1778 1795 1812 consuetum
1825 1788 1845 1812 a
1871 1774 1971 1812 dicto

427 1836 666 1882 procuratore
682 1836 830 1882 rogatus
850 1832 1010 1870 habente
1026 1838 1244 1884 potestatem
1269 1838 1305 1870 et
1327 1833 1485 1883 speciale
1507 1833 1725 1869 mandatum
1745 1833 1969 1879 innovandi,

426 1892 710 1942 appellationem
737 1893 974 1939 notificandi7
1002 1884 1189 1944 apostolos
1217 1906 1303 1930 cum
1330 1893 1504 1930 instantia
1528 1892 1695 1943 petendi,
1723 1897 1759 1930 et
1785 1893 1919 1930 omnia
1934 1897 1970 1930 et

427 1950 571 2000 singula
591 1950 749 1987 faciendi
768 1965 864 2001 quae
885 1951 981 1989 circa
1006 1953 1205 2002 praemissa
1230 1952 1367 1989 fuerint
1393 1951 1577 1999 facienda2
1604 1955 1717 2002 prout
1735 1952 1773 1988 in
1792 1964 1860 1988 suo
1878 1965 1968 2006 pro-

427 2009 612 2046 curatorio
630 2009 706 2045 vidi
727 2009 872 2059 plenius
891 2010 1084 2046 contineri.
