2184 3074
458 361 504 398 68
1003 358 1165 395 CODEX
1190 356 1434 395 DUNENsls.

455 475 588 512 tientes
604 477 758 513 Sanctae
772 476 877 512 Matri
890 475 1092 520 Ecclesiae,
1113 475 1150 510 in
1165 473 1378 524 praemissis
1391 473 1554 510 volentes
1569 486 1614 509 ex
1630 472 1753 509 officio
1769 477 1894 510 nostro
1908 485 1992 509 con·

459 533 686 570 stitutionem
704 534 822 570 (lictae
838 533 942 569 Sedis
958 538 997 569 ut
1010 531 1288 581 executorjuris
1303 531 1424 568 solum
1439 530 1586 580 exequi,
1604 534 1640 566 et
1653 529 1912 580 delinquentes
1926 543 1991 567 seu

459 592 730 628 committentes
750 591 788 627 in
806 592 923 641 ipsam
941 590 1047 640 juxta
1068 596 1231 627 tenorem
1251 590 1368 640 ipsius
1387 589 1537 639 publice
1554 588 1738 634 nuntiari,
1758 601 1804 625 ne
1817 601 1892 626 una
1906 602 1992 639 per-

459 662 547 685 sona
567 650 675 686 aliam
695 663 758 686 seu
779 663 875 686 unus
893 649 1054 699 populus
1072 652 1191 685 totum
1210 648 1350 698 patriae
1367 647 1550 698 populum
1571 646 1801 683 contaminet
1817 650 1881 683 aut
1897 659 1993 698 qua-

460 707 680 757 lemcunque
693 708 882 744 materiam
898 707 1037 744 tribuat
1049 707 1196 757 gravius
1206 705 1467 756 delinquendi,
1479 704 1768 742 vobisomnibus
1780 709 1816 742 et
1823 705 1991 755 singulis,

458 765 528 802 sub
550 779 670 816 poena
693 766 947 817 suspensionis
966 771 1002 802 et
1018 764 1414 802 excommunicationis
1433 777 1525 814 quas
1545 763 1584 800 in
1606 776 1672 800 vos
1690 764 1844 801 serimus
1862 763 1900 801 in
1920 763 1992 802 hiis

458 823 618 874 scriptis,
638 825 667 861 si
683 825 720 861 in
736 826 952 862 executione
966 823 1168 874 praesentis
1182 823 1346 859 mandati
1362 822 1588 873 negligentes
1603 821 1746 859 fueritis
1760 826 1824 858 aut
1836 822 1992 869 remissi,

458 881 622 919 districte
642 883 903 934 praecipiendo
922 883 1141 920 mandamus
1156 886 1340 932 quatenus
1354 894 1482 918 omnes
1502 881 1584 917 illos
1602 885 1639 917 et
1655 880 1821 930 singulos
1840 893 1934 931 quos
1953 881 1991 918 in

458 940 744 989 praemissorum
767 942 958 978 exactione
979 946 1015 977 et
1039 940 1246 991 specialiter
1272 939 1469 976 duodecim
1495 938 1734 975 denariorum
1758 942 1843 985 ante
1864 938 1992 976 viltam

458 997 503 1034 de
531 998 697 1036 Ziricliee
725 1005 852 1037 contra
880 1005 1044 1036 tenorem
1067 999 1185 1035 dictae
1211 997 1486 1035 constitutionis
1512 996 1620 1033 dictis
1648 996 1817 1047 personis
1842 1000 1878 1033 et
1901 997 1992 1034 locis

458 1057 710 1095 ecclesiasticis
738 1058 1018 1109 impositorum,
1043 1070 1138 1108 quos
1166 1070 1265 1093 nunc
1293 1062 1328 1093 et
1356 1056 1393 1093 in
1421 1060 1609 1106 posterum
1637 1054 1840 1105 quicquam
1866 1058 1993 1091 contra

458 1116 657 1164 praemissa
677 1117 890 1154 inveneritis
908 1121 1142 1166 attemptasse
1161 1129 1226 1166 per
1243 1115 1430 1152 bonorum
1449 1114 1674 1165 captionem,
1690 1126 1755 1150 seu
1773 1113 1880 1150 aliter
1896 1125 1993 1164 quo-

458 1186 533 1223 quo
551 1175 662 1211 modo
682 1176 1042 1222 excommunicatos,
1061 1175 1090 1211 si
1110 1174 1314 1224 singulares
1334 1186 1527 1224 personae,
1543 1172 1599 1208 vel
1616 1172 1847 1218 interdictos,
1861 1172 1890 1208 si
1906 1171 1993 1208 uni-

458 1233 646 1270 versitates
666 1247 728 1271 seu
750 1235 920 1271 villarum
941 1235 997 1271 vel
1023 1246 1335 1284 quorumcunque
1360 1233 1526 1269 locorum
1552 1230 1837 1268 communitates
1861 1230 1993 1267 extite-

459 1292 550 1338 rint,
573 1294 723 1343 publice
747 1294 964 1344 ubicunque
982 1299 1017 1330 et
1035 1294 1359 1343 quotienscunque
1384 1291 1551 1343 requisiti
1575 1291 1738 1337 fueritis,
1764 1289 1941 1327 nuntietis
1959 1294 1994 1327 et

459 1352 603 1389 enitetis
623 1366 664 1388 ac
683 1352 823 1389 faciatis
842 1353 978 1389 arctius
998 1353 1044 1388 ab
1067 1352 1242 1388 omnibus
1263 1364 1381 1401 usque
1399 1351 1444 1387 ad
1464 1349 1750 1388 satisfactionem
1771 1348 1992 1398 condignam

460 1416 494 1447 et
513 1411 631 1447 donec
650 1426 667 1448 a
687 1411 780 1449 Sede
798 1412 984 1461 praedicta
1005 1411 1142 1448 suerint
1159 1411 1332 1448 absoluti.

1168 1537 1282 1546 ,dn——

1183 1678 1271 1716 LlV.

461 1797 710 1834 (Ionsnltalion
730 1797 821 1833 cl’un
840 1797 987 1833 doctam·
1005 1797 1047 1833 de
1071 1797 1247 1845 Tem-napy
1265 1808 1333 1832 sur
1351 1795 1400 1832 les
1419 1795 1536 1845 raqles
1556 1795 1578 1831 ιὶ
1593 1794 1760 1831 observet·
1773 1806 1816 1830 en
1830 1791 1998 1830 Flandre

625 1867 700 1903 par
718 1854 767 1891 les
786 1855 967 1904 reliyieuae
985 1855 1027 1891 de
1046 1854 1182 1891 l’ordre
1200 1854 1244 1890 de
1264 1855 1417 1891 Citeaux
1435 1866 1477 1890 en
1502 1859 1614 1902 temps
1631 1851 1832 1889 cl'interdit.

512 2057 632 2094 Alicui
659 2056 882 2093 monasterio
907 2069 926 2093 a
951 2056 1044 2093 Sede
1068 2056 1279 2106 Apostolica
1303 2060 1356 2092 est
1379 2055 1566 2091 indultum
1592 2055 1666 2091 sic:
1687 2054 1780 2091 Cum
1802 2065 1999 2090 commune

463 2122 578 2153 terrae
593 2116 830 2152 interdictum
854 2115 981 2161 fuerit,
1005 2116 1112 2152 liceat
1132 2115 1238 2152 vobis
1265 2114 1532 2151 nichilominus
1557 2114 1595 2150 in
1622 2112 1846 2150 monasterio
1867 2115 1999 2156 vestro,

462 2175 790 2212 excommunicatis
808 2178 843 2211 et
861 2175 1066 2211 interdictis
1085 2172 1255 2220 exclusis,
1275 2174 1401 2211 divina
1416 2173 1537 2211 officia
1552 2173 1749 2209 celebrare.

509 2233 634 2270 Primo
656 2233 848 2283 quaeritur
868 2246 915 2269 an
937 2233 1112 2270 fratribus
1137 2232 1317 2283 praedicti
1344 2231 1570 2269 monasterii·
1589 2231 1695 2267 liceat
1722 2228 1877 2280 pulsatis
1899 2241 2000 2265 cam-

461 2291 566 2342 panis
592 2295 627 2327 et
647 2290 772 2340 januis
798 2291 933 2341 apertis
956 2291 1027 2328 alta
1052 2304 1143 2328 voce
1168 2295 1314 2327 cantare
1341 2295 1508 2340 tempore
1531 2287 1713 2340 generalis
1741 2286 1944 2333 interdicti,
1965 2291 2000 2323 et

462 2349 610 2386 videtur
622 2348 724 2399 quod
739 2348 791 2385 sic
804 2350 983 2399 quoniam
997 2349 1235 2400 privilegium
1251 2349 1483 2399 praedictum
1497 2347 1718 2398 generaliter
1731 2345 1834 2397 quod
1849 2357 2000 2382 excom—

465 2407 662 2445 municatis
681 2411 717 2443 et
734 2407 938 2445 interdictis
957 2408 1132 2454 exclusis,
1150 2412 1231 2455 etc.⁷
1251 2421 1326 2445 non
1341 2406 1480 2458 pulsari
1496 2418 1712 2457 campanas,
1726 2403 1860 2454 aperiri
1876 2408 2000 2454 portas

466 2473 501 2505 et
516 2468 585 2503 alta
604 2479 693 2502 voce
712 2467 849 2503 cantari
870 2467 1064 2516 prohibet;
1083 2481 1169 2518 ergo
1187 2467 1406 2518 generaliter
1424 2465 1707 2516 intelligendum
1725 2469 1789 2500 est.
