2184 3074
457 297 531 335 550
1005 293 1166 330 CODEX
1191 291 1439 330 DUNENSIS.

457 414 623 451 studium
642 411 920 464 cognoscendae
941 410 1148 447 divinitatis
1170 413 1352 447 exercent.
1372 409 1465 447 Nam
1485 413 1521 446 et
1541 410 1740 457 Dominus,
1759 411 1992 449 ministrante

457 486 499 510 ac
519 477 695 524 operante
709 471 850 509 Martha
868 475 903 507 et
919 470 1034 508 Maria
1051 469 1283 515 audentiam,
1301 460 1540 506 attentionem
1559 473 1596 506 et
1612 469 1778 506 studium
1798 470 1895 507 circa
1908 483 1992 508 ver-

455 531 545 568 bum
574 531 690 582 ipsius
712 529 911 581 praecipue
937 527 1228 573 commendavit,
1246 541 1314 577 per
1337 526 1440 578 quod
1467 526 1612 577 liquide
1630 531 1730 577 patet
1752 527 1855 578 quod
1878 527 1990 566 iidem

454 590 584 626 fratres
602 588 648 625 ad
667 587 898 639 operandum
918 586 997 623 suis
1014 585 1189 622 manibus
1208 597 1284 622 non
1303 589 1488 631 tenentur,
1505 584 1718 635 quinimmo
1733 585 1764 622 si
1784 584 1856 622 hiis
1875 585 1992 623 inter-

455 647 578 684 missis
593 647 805 683 laborarent
819 643 1009 690 manibus,
1028 643 1172 694 potiora
1191 643 1324 692 utique
1341 655 1384 679 ac
1396 642 1571 679 utiliora'
1560 656 1599 679 in
1613 643 1775 689 minora,
1790 644 1991 696 minusque

454 706 560 742 utilia
585 717 696 755 opera
729 716 804 740 non
836 702 916 740 sine
943 702 1152 739 animarum
1179 700 1378 752 dispendio
1404 704 1686 738 commutarent.
1706 701 1989 740 Considerantes

454 763 562 799 etiam
583 762 686 812 quod
709 762 943 812 reliquerunt
961 760 1086 798 omnia
1105 763 1257 810 propter
1282 760 1402 797 Deum
1415 788 1424 806 ,
1446 759 1556 796 exilia
1582 760 1679 797 vitae
1705 760 1871 798 subsidia
1889 761 1990 799 salu—

451 822 568 859 briter
585 821 856 867 mendicantes,
873 820 1139 870 Christumque
1152 832 1355 870 pauperem
1374 819 1580 866 imitantur,
1594 819 1859 870 perfectionem
1871 832 1989 858 ewan-

449 880 603 931 gelicam
619 879 883 930 amplexando,
899 891 944 915 ex
958 891 1035 928 quo
1053 877 1245 914 evidenter
1262 881 1414 928 apparet
1432 877 1533 927 quod
1553 877 1592 913 in
1611 880 1708 914 statu
1725 877 1987 915 salvandorum

448 938 614 975 existunt
635 942 670 974 et
693 951 760 988 per
777 950 865 974 suae
893 936 1084 987 religionis
1103 936 1393 983 observantiam,
1418 948 1514 986 quae
1533 934 1687 986 quidem
1709 935 1827 986 ipsius
1844 937 1988 987 perfec-

447 997 559 1034 tionis
578 997 821 1048 ewangelicae
839 1000 938 1033 tenet
956 996 1133 1041 formam,
1152 999 1299 1032 aeterna
1318 994 1481 1045 praemia
1500 999 1772 1045 promerentur,
1790 999 1987 1045 pensantes

447 1056 602 1106 insuper
619 1055 721 1105 quod
740 1055 786 1091 de
805 1055 954 1092 licentia
971 1055 1030 1091 vel
1057 1053 1320 1091 commissione
1336 1057 1401 1090 aut
1417 1053 1655 1090 concessione
1673 1053 1832 1091 Romani
1854 1053 1985 1092 Ponti-

447 1114 527 1151 ficis
542 1127 607 1151 seu
626 1114 830 1163 legatorum
845 1113 926 1162 ejus
940 1113 997 1149 vel
1012 1112 1291 1149 ordinariorum
1304 1112 1472 1148 locorum
1489 1111 1590 1148 licite
1602 1115 1759 1162 possunt
1771 1112 1986 1162 praedicare

447 1171 597 1222 populis
621 1176 657 1208 et
679 1171 929 1208 consessiones
955 1170 1085 1207 audire
1107 1183 1149 1207 ac
1166 1169 1410 1221 poenitentias
1429 1169 1624 1219 injungere
1641 1169 1834 1216 salutares,
1857 1174 1985 1208 contra

448 1244 577 1267 omnes
592 1231 657 1281 qui
677 1230 853 1267 adversus
868 1229 1077 1280 praedictos
1091 1230 1220 1266 fratres
1235 1229 1345 1266 stulte
1359 1228 1398 1265 in
1410 1228 1482 1266 hiis
1495 1227 1748 1278 etimprovide
1761 1228 1985 1276 suntlocuti,

447 1289 644 1326 efficaciter
661 1289 811 1339 procedi
832 1288 1066 1334 mandamus,
1081 1301 1285 1339 gravesque
1299 1287 1390 1338 ipsis
1403 1300 1543 1338 poenas
1561 1287 1698 1337 infligi,
1714 1286 1785 1324 nisi
1800 1301 1867 1338 per
1879 1287 1986 1326 suffi-

447 1348 605 1385 cientem
642 1348 930 1384 satisfactionem
967 1347 1038 1384 sibi
1072 1347 1250 1383 (luxerint
1285 1346 1452 1383 celeriter
1482 1345 1764 1383 consulendum.
1796 1346 1983 1385 Libellum

447 1407 555 1443 etiam
571 1406 772 1457 quemdam
787 1406 894 1442 valde
911 1405 1164 1456 perniciosum
1179 1410 1214 1442 et
1227 1405 1481 1442 detestabilem
1499 1408 1636 1441 temere
1653 1404 1700 1441 de
1718 1417 1815 1441 novo
1837 1417 1985 1456 compo-

445 1465 576 1511 situm,
603 1470 687 1515 post
713 1465 862 1516 plenam
896 1464 1208 1501 examinationem
1239 1463 1357 1510 illius,
1381 1462 1470 1514 quia
1496 1462 1678 1513 quaedam
1706 1467 1833 1499 contra
1859 1467 1984 1513 potes·
2051 1470 2054 1471 ’

445 1528 555 1561 tatem
572 1523 876 1560 etauctoritatem
892 1523 1050 1561 Romani
1065 1522 1257 1559 Pontifieis
1270 1526 1306 1558 et
1321 1521 1626 1571 coepiscoporum
1641 1533 1794 1557 suorum
1810 1524 1847 1557 et
1859 1520 1983 1572 aliqua

445 1588 572 1620 contra
590 1584 786 1620 salutarem
806 1595 1014 1633 pauperum
1033 1595 1098 1618 seu
1116 1580 1410 1617 mendicantium
1429 1579 1687 1630 religiosorum
1709 1583 1865 1625 statum,
1889 1579 1984 1616 sicut

444 1647 532 1679 sunt
545 1643 673 1678 fratres
689 1641 853 1692 praefati,
868 1654 910 1678 ac
923 1641 994 1677 alia
1008 1641 1115 1690 plura
1131 1639 1270 1676 nefaria
1287 1643 1323 1676 et
1334 1651 1506 1689 perversa
1520 1637 1713 1674 manifeste
1726 1649 1982 1687 comparamus

444 1701 641 1746 contineri,
662 1714 746 1737 cum
766 1700 874 1737 etiam
892 1699 1013 1749 gravis
1033 1698 1198 1735 scandali
1217 1697 1459 1735 seminarium
1479 1699 1515 1733 et
1531 1695 1684 1733 materia
1702 1695 1840 1732 multae
1853 1696 1983 1733 turba-

445 1760 556 1797 tionis
582 1759 770 1804 existeret,
796 1764 971 1809 tanquam
1000 1758 1193 1808 iniquum,
1211 1756 1406 1794 scelestum
1427 1760 1463 1792 et
1483 1754 1728 1792 execrabilem
1754 1753 1801 1791 de
1825 1754 1981 1792 fratrum

444 1824 655 1856 nostrorum
676 1818 892 1855 auctoritate
911 1817 1112 1867 apostolica
1137 1814 1416 1866 reprobandum
1442 1813 1620 1850 duximus
1641 1817 1678 1849 et
1701 1813 1739 1849 in
1758 1817 1980 1863 perpetuum

444 1877 809 1928 condempnandum,
825 1875 1182 1912 excommunicando
1197 1878 1352 1911 cunctos
1365 1873 1430 1924 qui
1449 1872 1616 1909 libellum
1630 1872 1754 1922 ipsum
1770 1871 1980 1917 habuerint,

443 1937 514 1974 nisi
549 1950 631 1973 eum
663 1936 758 1972 infra
776 1940 859 1972 octo
890 1934 968 1971 dies
996 1948 1041 1971 ex
1069 1947 1144 1984 quo
1176 1932 1393 1983 hujusmodi
1421 1936 1584 1969 nostram
1608 1930 1980 1980 condempnationem

443 2001 478 2033 et
496 1995 791 2045 reprobationem
820 1994 1010 2039 sciverint,
1029 1992 1240 2030 curaverint
1266 1992 1417 2043 penitus
1435 1990 1594 2027 abolere.
1613 1990 1777 2055 ldeoque
1794 1988 1981 2026 universi-

443 2059 551 2092 tatem
567 2059 725 2091 vestram
749 2067 860 2104 quam
880 2052 1073 2089 affectione
1091 2055 1244 2102 paterna
1261 2049 1535 2101 prosequimur,
1554 2047 1780 2098 requirimus
1799 2051 1835 2084 et
1851 2046 1980 2084 horta-

442 2127 527 2150 mur
546 2118 696 2163 paterna
715 2112 821 2149 vobis
836 2110 1088 2148 sollicitudine
1106 2109 1324 2146 mandantes
1342 2112 1544 2159 quatenus,
1561 2106 1658 2144 sicut
1672 2105 1743 2143 viri
1760 2105 1979 2156 prudentes,

443 2172 644 2222 cogitantes
662 2171 822 2208 discrete
840 2170 942 2220 quod
962 2169 1073 2220 digne
1092 2182 1134 2205 ac
1147 2168 1248 2218 juste
1264 2166 1515 2218 processimus
1533 2166 1572 2202 in
1590 2164 1802 2216 praemissis
1820 2167 1857 2200 et
1875 2161 1978 2214 quod

440 2234 599 2267 vestram
619 2230 655 2265 in
684 2229 755 2266 hoc
774 2230 970 2266 utilitatem
995 2227 1135 2278 operati
1162 2239 1311 2274 sumus,
1338 2224 1583 2276 deprimendo
1607 2222 1858 2260 universitatis
1878 2219 1979 2270 ejus-

442 2289 525 2326 dem
547 2289 678 2325 noxios
706 2289 930 2335 turbatores,
949 2301 990 2324 ac
1009 2287 1144 2324 exinde
1165 2286 1304 2337 pariter
1321 2284 1595 2336 congaudentes
1613 2283 1792 2320 virtutum
1811 2285 1848 2317 et
1863 2279 1978 2316 soien-

442 2348 513 2384 tiae
539 2347 683 2393 studio,
708 2346 964 2397 principaliter
990 2346 1207 2391 intendatis,
1230 2348 1371 2382 vestros
1393 2343 1439 2380 ad
1464 2342 1536 2380 hoc
1554 2341 1706 2378 affectus
1723 2342 1977 2377 convertentes

441 2406 604 2443 totaliter
633 2411 669 2442 et
694 2406 900 2452 firmantes,
920 2419 940 2441 a
962 2404 1269 2451 detractionibus,
1289 2401 1592 2440 oblocutionibus
1611 2404 1646 2437 et
1664 2398 1805 2437 dolosis
1822 2409 1978 2448 persua-
