2184 3074
450 311 523 349 442
1000 309 1161 348 CODEX
1186 311 1433 349 DUNENSIS.

452 428 614 465 octobris
627 427 798 477 proximo
808 426 886 475 jam
895 427 1035 476 elapsas
1049 426 1280 463 decrevimus
1298 427 1600 478 congregandum
1615 429 1708 467 utin
1723 443 1780 477 eo,
1795 435 1869 470 tam
1885 432 1982 470 circa

452 486 592 524 dictum
605 485 774 522 ordinem
788 489 823 521 et
837 496 1010 534 personas
1027 484 1232 534 singulares
1247 488 1284 521 et
1296 484 1394 521 bona
1412 484 1579 534 ejusdem
1593 490 1630 523 et
1642 487 1714 524 alia
1731 500 1829 538 quae
1845 492 1984 527 statum

453 548 609 595 tangunt
630 543 714 580 fidei
733 543 952 589 catholicae,
969 555 1082 593 quam
1104 542 1201 579 eirca
1220 542 1538 593 recuperationem
1563 547 1600 581 et
1619 544 1834 583 subsidium
1851 546 1985 584 Tem·

453 603 606 641 Sanctae
623 615 664 638 ac
682 601 966 652 reparationem,
979 601 1252 638 ordinationem
1267 605 1303 638 et
1316 601 1555 639 stabilitatem
1573 603 1812 642 ecclesiarum
1826 609 1864 642 et
1875 604 1987 643 ecele-

452 661 680 699 siasticarum
691 672 933 710 personarum
945 672 987 696 ac
999 659 1204 705 libertatem
1218 672 1357 706 earum,
1365 660 1445 696 Deo
1453 660 1615 710 auspice,
1624 662 1814 699 communi
1829 662 1985 700 consilio

453 721 663 758 inveniatur
683 719 864 770 provisio,
888 723 923 756 et
946 719 1111 768 ejusdem
1130 719 1400 770 approbatione
1417 720 1566 757 concilii
1590 720 1795 759 roboretur:
1813 722 1984 772 pervejut

452 779 677 817 salutiferam
695 780 949 814 executionem
973 782 1016 814 ut
1031 777 1150 814 virtus
1167 777 1347 815 Altissimi
1366 777 1565 815 eliminatis
1583 779 1772 817 erroribus
1783 808 1794 826 ,
1811 779 1983 818 roborata

452 838 543 884 fide,
561 837 607 874 ad
625 837 809 874 tramitem
835 836 999 873 veritatis
1020 835 1182 873 reductis
1209 836 1436 883 errantibus,
1461 836 1681 887 reintegrata
1709 838 1875 888 ejusdem
1896 839 1982 876 fidei

451 897 608 942 unitate,
637 895 827 946 extirpatis
857 894 976 941 vitiis,
1010 894 1287 945 virtutibusque
1319 895 1512 945 plantatis,
1543 895 1717 934 correctis
1746 896 1979 944 excessibus,

452 956 618 993 moribus
648 955 871 1000 reformatis,
896 954 1071 1004 repressis
1093 954 1417 1004 oppressionibus,
1439 954 1609 992 libertate
1639 954 1758 992 solida
1784 955 1984 993 stabilitate

453 1015 609 1061 munita,
628 1013 852 1064 reeuperatis
869 1012 1086 1063 deperditis,
1103 1017 1139 1049 et
1155 1012 1321 1062 ejusdem
1342 1017 1459 1050 terrae
1475 1017 1572 1051 statu
1599 1026 1778 1064 prospero
1796 1018 1982 1064 reparato,

453 1077 629 1123 occupata
671 1072 857 1118 restituat,
885 1075 1023 1108 vastata
1054 1076 1233 1108 restauret
1261 1075 1296 1108 et
1325 1076 1528 1109 restaurata
1566 1076 1774 1118 conservet,
1801 1072 1984 1123 nobisque

452 1132 548 1168 viam
567 1131 708 1181 aperiat
725 1131 822 1167 idem
842 1131 922 1181 lpse
940 1130 1005 1180 qui
1025 1130 1129 1166 novit
1147 1134 1183 1167 et
1200 1130 1412 1167 facultatem
1430 1130 1589 1177 tribuat,
1607 1143 1649 1167 ac
1668 1131 1750 1181 lpse
1762 1130 1828 1181 qui
1848 1135 1982 1181 potest,

451 1195 492 1227 ut
512 1191 565 1228 sic
583 1191 620 1226 in
640 1189 850 1241 praemissis
864 1189 971 1239 juxta
986 1190 1169 1226 intentum
1183 1190 1296 1226 animi
1312 1189 1427 1226 nostri
1443 1189 1668 1227 desiderium
1687 1189 1758 1227 sibi
1774 1189 1983 1227 ministrare

452 1263 648 1300 possumus
662 1249 860 1286 salubriter
871 1248 974 1298 quod
989 1248 1086 1284 idem
1101 1261 1210 1285 verus
1223 1248 1388 1298 ejusdem
1405 1249 1623 1287 universalis
1632 1248 1983 1299 Ecclesiaesponsus

451 1309 567 1358 ipsam
586 1307 757 1344 dilectam
781 1319 885 1343 suam
905 1311 1097 1356 purgatam
1121 1307 1295 1353 maculis,
1318 1307 1500 1344 munitam
1519 1307 1700 1344 virtutum
1720 1306 1924 1352 monilibus
1940 1319 1983 1344 ac

449 1372 616 1404 ornatam
635 1379 747 1402 unam
767 1378 912 1415 semper
929 1364 1062 1401 habeat
1079 1369 1115 1401 et
1132 1365 1331 1402 formosam
1350 1365 1396 1402 ad
1414 1365 1472 1402 sui
1497 1365 1661 1402 nominis
1683 1365 1830 1402 laudem
1849 1370 1886 1402 et
1900 1365 1983 1416 glo-

448 1426 557 1468 riam,
572 1425 618 1461 ad
637 1424 844 1460 animarum
863 1423 1089 1474 profectum,
1108 1423 1224 1460 robur
1245 1423 1350 1469 fidei,
1369 1436 1496 1473 pacem
1515 1428 1552 1460 et
1568 1423 1830 1460 exaltationem
1850 1421 1980 1473 populi

449 1482 651 1520 christiani.
684 1482 779 1530 Quia
809 1494 895 1518 vero
927 1481 1137 1531 prosecutio
1167 1481 1257 1517 tanti
1291 1481 1472 1531 propositi
1503 1485 1668 1531 tempore
1698 1479 1908 1530 indigebat,
1939 1484 1982 1517 ut

448 1543 647 1579 deductum
668 1539 847 1576 maturius
865 1539 1009 1576 facilius
1027 1544 1176 1575 auctore
1193 1539 1356 1576 Domino
1383 1539 1554 1576 effectum
1579 1539 1748 1576 debitum
1769 1539 1980 1585 sortiretur,

446 1600 675 1651 praedictum
695 1603 840 1648 tempus
865 1597 910 1634 ad
931 1597 970 1633 id
991 1597 1168 1634 duximus
1186 1597 1444 1647 deputandum
1463 1602 1499 1635 et
1520 1597 1672 1635 demum
1694 1596 1788 1634 illud
1809 1610 1855 1634 ex
1873 1597 1981 1635 certis

441 1660 551 1709 justis
566 1659 738 1709 legitimis
757 1657 895 1702 causis,
913 1670 1008 1707 quas
1026 1657 1281 1707 praesentibus
1300 1657 1411 1694 inseri
1428 1669 1504 1694 non
1518 1660 1679 1707 oportet,
1693 1669 1814 1706 usque
1829 1655 1876 1692 ad
1890 1655 1980 1694 alias

446 1718 620 1755 kalendas
658 1716 820 1753 octobris
850 1715 1023 1766 proximo
1055 1717 1214 1762 futuras,
1241 1715 1288 1752 de
1320 1715 1595 1766 praedictorum
1631 1716 1787 1752 fratrum
1825 1714 1981 1753 consilio

445 1777 621 1813 duximus
646 1774 933 1825 prorogandum.
959 1773 1141 1821 Quocirca
1158 1773 1381 1810 Discretioni
1404 1773 1504 1810 Tuae
1527 1786 1594 1823 per
1611 1772 1814 1823 apostolica
1844 1772 1980 1823 scripta

448 1835 666 1871 mandamus
680 1838 875 1884 quatenus,
890 1833 992 1869 omni
1008 1832 1230 1883 negligentia
1245 1833 1416 1882 relegata,
1434 1832 1595 1878 eunctis,
1610 1835 1723 1882 prout
1735 1831 1818 1868 talis
1834 1844 1877 1868 ac
1889 1831 1981 1868 tanti

448 1892 583 1942 negotii
606 1892 764 1942 qualitas
783 1891 912 1941 exigit,
931 1891 1121 1941 dispositis
1139 1896 1174 1928 et
1187 1891 1324 1942 paratis
1336 1920 1346 1936 ,
1364 1891 1418 1928 sic
1432 1890 1556 1927 medio
1574 1894 1740 1940 tempore
1759 1893 1795 1925 te
1809 1889 1980 1940 accingas

446 1951 492 1988 ad
508 1952 576 1988 iter
594 1950 695 2001 quod
715 1950 752 1986 in
772 1949 987 1999 hujusmodi
1014 1955 1211 2000 prorogato
1236 1950 1394 1987 termino
1420 1962 1532 2000 quem
1552 1948 1620 1986 tibi
1646 1953 1683 1985 et
1707 1947 1791 1984 aliis
1807 1960 1980 1998 peremp—

447 2010 539 2047 torie
567 2009 795 2059 assignamus
818 2008 855 2044 in
875 2007 1075 2045 Viennensi
1099 2008 1247 2045 civitate
1272 2012 1399 2045 nostro
1422 2012 1456 2044 te
1473 2006 1685 2057 conspectui
1710 2010 1979 2056 repraesentes,

447 2082 521 2106 non
553 2067 788 2105 obstantibus
820 2067 1053 2117 quibuslibet
1082 2067 1286 2117 privilegiis
1319 2080 1384 2104 seu
1416 2065 1658 2116 indulgentiis
1689 2064 1980 2115 quibuscunque

448 2140 639 2177 personae,
667 2125 808 2171 ordini,
835 2125 1005 2175 dignitati
1033 2139 1096 2162 seu
1121 2125 1275 2175 collegio
1298 2125 1369 2163 sub
1394 2137 1621 2175 quacunque
1638 2123 1838 2160 verborum
1862 2123 1980 2160 forma

447 2186 503 2222 vel
524 2184 759 2235 expressione
777 2197 797 2220 a
816 2184 1005 2234 praedicta
1022 2184 1115 2222 Sede
1129 2184 1331 2229 concessis,
1345 2198 1412 2235 per
1424 2197 1521 2234 quae
1538 2183 1656 2234 possit
1674 2181 1825 2219 effeetus
1843 2181 1978 2231 hujus—

447 2244 545 2280 modi
566 2243 729 2280 mandati
746 2243 860 2280 nostri
880 2242 1164 2293 quomodolibet
1182 2242 1353 2293 impediri
1373 2247 1438 2279 aut
1454 2241 1575 2279 eidem
1594 2242 1633 2278 in
1651 2241 1778 2291 aliquo
1795 2239 1975 2290 derogari.

447 2301 555 2338 Interi
561 2315 596 2337 m
610 2314 761 2351 quoque
778 2315 845 2352 per
864 2306 898 2338 te
911 2301 966 2337 vel
981 2301 1072 2338 alios
1086 2302 1185 2338 viros
1204 2301 1551 2352 prudenteS,Deum
1568 2299 1736 2336 timentes
1750 2302 1786 2335 et
1800 2297 1976 2335 habentes

447 2373 534 2410 prae
560 2360 694 2406 oculis,
719 2361 843 2397 onmia
866 2374 962 2410 quae
990 2361 1228 2398 correctionis
1253 2365 1289 2397 et
1318 2359 1591 2397 reformationis
1617 2358 1744 2395 limam
1770 2361 1976 2407 exposcunt

448 2418 642 2468 inquirens
672 2419 858 2456 subtiliter
882 2425 917 2456 ct
938 2420 1174 2457 conscribens
1199 2420 1368 2467 fideliter,
1386 2433 1427 2457 ea
1444 2419 1491 2457 ad
1507 2418 1676 2456 notitiam
1690 2416 1808 2468 ipsius
1825 2414 1974 2453 concilii
