2184 3074
25 777 33 810 ι

18 929 33 1117 3

18 1118 31 1161 t}

739 334 900 373 CODEX
927 336 1169 376 DUNENSlS.
1647 343 1718 381 527

189 452 328 491 solutas
343 463 436 497 esse,
452 449 554 487 unde
571 463 610 487 se
630 450 748 488 tenuit
765 451 904 502 optime
922 465 990 503 pro
1006 457 1136 505 pagata
1147 483 1157 501 ‚
1174 455 1342 505 quitans,
1361 456 1522 496 libemus
1540 464 1576 496 et
1592 459 1718 497 absol-

188 523 278 548 vens
296 509 414 547 dictos
431 507 603 546 abbatem
621 512 658 546 et
674 513 898 547 conventum
917 510 964 547 de
982 515 1094 549 tanto.
1120 511 1167 549 Et
1187 514 1364 564 quoniam
1381 514 1497 553 dictas
1515 515 1653 554 litteras
1670 516 1717 554 de

187 569 295 607 totali
312 571 444 606 mutuo
466 567 681 618 supradicto
704 568 931 606 mentionem
953 570 1125 609 facientes
1150 585 1237 623 prae
1261 573 1433 612 manibus
1459 587 1535 612 non
1556 575 1716 614 habebat

187 627 234 665 ad
247 638 440 678 praesens,
454 638 523 663 nec
536 625 673 663 habere
686 630 844 677 poterat,
857 632 1107 678 competenter
1119 634 1161 667 ut
1172 631 1328 669 asseruit
1340 645 1463 670 coram
1477 632 1597 679 nobis,
1611 645 1715 671 reco-

185 685 381 738 gnovit&
394 685 563 722 eonfessa
586 683 658 721 fuit
682 697 805 722 coram
831 686 940 724 nobis
961 691 1002 724 ut
1022 688 1204 738 posterius
1226 689 1434 740 praedictae
1455 690 1596 728 litterae
1617 692 1712 729 ultra

187 745 366 782 ducentas
393 743 507 781 libras
530 742 816 781 Flandrensium
835 745 956 782 valere
976 759 1041 783 seu
1059 747 1222 797 vigorem
1241 747 1375 786 habere
1396 762 1470 787 non
1488 749 1662 796 debeant,
1681 750 1711 787 si

185 801 339 840 forsitan
353 813 466 852 penes
490 801 646 839 eandem
669 814 734 839 seu
759 815 1003 854 quoscunque
1026 805 1117 842 alios
1138 806 1283 844 easdem
1311 807 1349 844 in
1374 812 1564 858 posterum
1590 807 1711 845 conti-

183 860 278 912 gerit
301 859 480 911 repperiri
506 859 632 911 quoad
657 864 741 898 octo
772 860 885 898 libras
915 866 951 899 et
975 862 1168 900 dimidiam
1194 877 1405 915 grossorum
1435 865 1709 904 Turonensium

184 923 426 967 memoratas,
447 931 603 957 causans
625 923 662 957 et
687 920 886 957 annullans
914 921 1060 959 easdem
1090 935 1132 959 ac
1163 923 1337 961 omnibus
1359 923 1559 961 decernens
1587 937 1718 962 carere

182 978 330 1016 viribus
355 982 392 1015 et
415 977 519 1016 omni
538 977 674 1016 robore
691 978 888 1016 firmitatis.

875 1101 986 1112 -οοο-

823 1252 1070 1291 CCCLXVlll.

178 1369 301 1408 Lettre
325 1369 370 1407 de
391 1368 553 1420 l’offlcial
574 1369 617 1407 de
643 1370 819 1420 Tournay
844 1383 893 1408 au
913 1371 1009 1421 sujet
1031 1370 1082 1408 du
1104 1375 1290 1407 testamen!
1307 1370 1350 1407 de
1366 1370 1498 1408 Mickel
1516 1372 1700 1422 Reyniers.

225 1561 404 1602 Officialis
421 1564 663 1603 Tornacensis
682 1566 857 1604 omnibus
878 1565 1091 1616 presbiteris
1109 1570 1144 1603 et
1161 1566 1357 1616 capellanis
1384 1566 1421 1602 in
1440 1565 1587 1615 dyocesi
1606 1565 1699 1602 Tor-

176 1621 323 1659 nacensi
341 1622 550 1661 constitutis
567 1623 613 1660 ad
631 1637 725 1675 quos
750 1624 839 1662 istae
862 1624 1001 1661 litterae
1024 1625 1275 1675 pervenerint,
1294 1624 1447 1661 salutem
1467 1623 1506 1660 in
1524 1623 1696 1661 Domino.

223 1679 503 1731 Querimoniam
523 1695 675 1732 gravem
705 1682 910 1734 recepimus
933 1696 978 1719 ex
1004 1686 1107 1733 parte
1133 1686 1369 1719 executorum
1396 1681 1602 1719 testamenti
1632 1693 1695 1718 seu

172 1737 324 1775 ultimae
347 1738 549 1777 voluntatis
572 1740 763 1791 quondam
793 1740 980 1778 Michaelis
1008 1740 1192 1783 Reiniers,
1217 1739 1465 1776 continentem
1486 1739 1589 1790 quod
1612 1739 1696 1776 licet

173 1794 295 1833 dictus
319 1795 508 1847 quondam
538 1798 692 1836 Michael
720 1799 758 1836 in
785 1798 958 1836 extremis
983 1798 1174 1843 laborans,
1204 1811 1355 1848 compos
1381 1811 1468 1835 suae
1495 1797 1628 1834 mentis
1660 1801 1695 1834 et

172 1866 288 1904 capax
305 1855 459 1893 rationis
473 1884 483 1903 7
501 1856 621 1894 sciens
647 1857 698 1894 nil
717 1857 852 1895 certius
870 1862 987 1894 morte
1004 1870 1046 1894 ac
1064 1856 1237 1894 incertius
1262 1856 1350 1893 hora
1375 1856 1519 1901 mortis,
1542 1855 1695 1905 cupiens

173 1912 281 1950 saluti
309 1913 454 1952 animae
478 1927 567 1952 suae
592 1915 801 1965 providere,
832 1916 892 1966 pie
917 1915 1081 1966 cogitans
1107 1928 1149 1951 ac
1175 1915 1222 1952 de
1247 1914 1322 1952 suis
1345 1914 1453 1952 bonis
1477 1913 1696 1964 disponens,

173 1982 283 2007 snum
301 1971 511 2011 condiderit
528 1977 786 2011 testamentum
811 1987 877 2011 seu
894 1974 1062 2011 ultimam
1086 1972 1272 2010 ordinavit
1295 1972 1537 2018 voluntatem,
1559 1971 1596 2007 in
1621 1983 1695 2022 qua

171 2027 405 2066 ordinatione
421 2029 548 2080 plures
562 2031 782 2069 elemosinas
801 2036 838 2068 et
856 2032 970 2082 legata
989 2031 1060 2081 piis
1078 2030 1167 2068 locis
1185 2034 1221 2067 et
1238 2029 1510 2067 miserabilibus
1529 2027 1695 2078 personis

171 2086 330 2127 contulit
340 2091 376 2124 et
393 2087 548 2138 legavit,
566 2093 602 2126 et
618 2090 715 2126 male
731 2089 910 2140 acquisita
931 2089 977 2127 ab
996 2088 1125 2126 eodem
1144 2087 1284 2125 restitui
1303 2086 1422 2124 voluit
1435 2090 1474 2123 et
1488 2085 1694 2130 mandavit,

170 2143 364 2195 dictosque
393 2150 662 2196 conquerentes
689 2146 778 2184 dicti
799 2147 856 2184 sui
883 2146 1089 2184 testamenti
1116 2159 1179 2184 seu
1207 2145 1358 2182 ultimae
1382 2142 1581 2181 voluntatis
1608 2155 1695 2181 suae

169 2202 320 2252 elegerit
335 2215 378 2240 ac
395 2203 597 2242 instituerit
613 2210 845 2251 executores,
873 2205 910 2242 in
934 2218 1095 2256 quorum
1118 2203 1288 2241 manibus
1308 2203 1404 2240 bona
1421 2214 1486 2239 sua
1505 2205 1541 2238 et
1558 2201 1694 2238 credita

169 2259 295 2297 omnia
308 2260 435 2310 posuit
448 2266 484 2299 et
499 2262 669 2313 reliquit,
687 2264 814 2301 volens
828 2263 929 2314 quod
949 2263 1018 2313 ipsi
1036 2266 1248 2300 executores
1267 2261 1362 2298 bona
1381 2265 1417 2296 et
1434 2259 1569 2296 credita
1588 2272 1695 2309 prae-

169 2319 266 2357 dicta
283 2324 476 2370 caperent,
494 2322 724 2372 perciperent
743 2327 779 2359 et
797 2322 976 2359 haberent
1007 2335 1049 2358 ac
1075 2321 1121 2357 de
1143 2319 1279 2357 eisdem
1299 2319 1554 2369 disponerent,
1581 2329 1696 2367 eaque

169 2377 208 2415 in
241 2377 498 2417 executionem
535 2380 624 2418 dicti
661 2381 867 2418 testamenti
902 2383 1157 2417 converterent
1189 2377 1393 2416 secundum
1423 2374 1694 2413 ordinationem

169 2435 287 2486 ipsius
308 2437 511 2484 testatoris,
533 2451 598 2476 sua
617 2439 670 2476 eis
692 2439 731 2476 in
750 2438 959 2489 praemissis
982 2437 1117 2475 cedens
1142 2441 1178 2474 et
1196 2434 1422 2473 demandans
1448 2437 1697 2483 competenter
