2184 3074
750 247 911 285 CODEX
939 247 1181 286 DUNENSIS.
1663 251 1735 286 345

195 377 324 402 eorum
355 365 555 415 complices
581 378 742 416 quorum
775 364 927 402 nomina
951 365 1148 412 sciveritis,
1170 370 1207 403 et
1230 365 1322 403 alios
1347 366 1386 403 in
1414 379 1548 416 genere
1570 380 1732 418 quorum

194 423 347 461 nomina
377 423 620 470 nesciveritis,
641 428 683 461 ut
703 424 798 462 infra
820 429 960 475 septem
982 424 1061 462 dies
1083 429 1167 476 post
1184 430 1342 463 vestram
1358 426 1602 464 monitionem
1626 426 1734 464 dictis

194 481 320 519 abbati
351 486 387 519 et
419 482 618 519 conventui
649 495 692 519 ac
721 495 851 520 eorum
879 482 1128 520 confratribus
1154 483 1380 534 praedictam
1413 483 1588 534 injuriam
1617 485 1734 536 passis

194 539 422 578 satisfaciant
442 545 484 578 ut
505 545 694 586 tenentur,
713 539 880 591 alioquin
902 540 1022 578 dictos
1045 541 1299 579 malefactores
1325 546 1362 580 et
1385 555 1515 580 corum
1534 543 1733 595 complices

194 610 289 648 quos
303 602 442 636 extunc
461 598 499 636 in
515 598 588 636 hiis
606 598 753 649 scriptis
771 598 1157 645 excommunicamus,
1170 599 1510 637 excommunicatos
1525 605 1598 638 tam
1612 606 1734 638 aucto—

194 655 301 694 ritate
334 656 512 694 canonica
536 670 649 708 quam
675 661 799 694 nostra
825 656 976 707 publice
1003 657 1197 703 nuntietis,
1216 657 1299 704 ubi,
1325 658 1479 709 quando
1502 663 1538 696 et
1561 659 1733 710 quotiens

195 727 308 766 super
325 715 398 753 hoc
414 715 611 767 contigerit
627 729 692 754 vos
711 716 871 767 requiri,
891 715 962 753 nisi
981 728 1129 754 causam
1149 717 1442 767 praetenderint,
1461 722 1528 755 etc.

916 839 1038 850 —ao—

883 979 1052 1018 ccxvu.

539 1097 745 1135 Fundation
765 1097 856 1134 d’un
877 1096 1017 1147 Ιιόρίιαι
1033 1103 1067 1134 ec
1082 1097 1192 1135 d'une
1210 1098 1381 1148 chapelle.

242 1301 404 1338 Noscant
421 1306 494 1338 tam
513 1300 649 1351 posteri
669 1313 781 1351 quam
803 1301 972 1338 moderni
991 1301 1093 1352 quod
1112 1315 1197 1338 cum
1217 1302 1393 1339 honestus
1413 1303 1470 1339 vir
1489 1303 1570 1340 talis
1583 1309 1619 1340 et
1634 1317 1727 1340 uxor

193 1359 272 1410 ejus
290 1359 337 1396 ad
356 1359 647 1397 construendum
667 1371 839 1410 praesens
864 1359 1143 1397 infirmitorium
1163 1365 1200 1397 et
1218 1360 1313 1397 lianc
1331 1361 1449 1398 cidem
1469 1361 1725 1399 cohaerentem

193 1418 370 1470 capellam
402 1431 438 1455 cc
468 1418 582 1456 libras
617 1418 876 1464 contulissent,
911 1418 1020 1456 donis
1054 1419 1262 1469 potioribus
1293 1433 1376 1470 erga
1411 1420 1528 1457 divini
1565 1421 1727 1459 nominis

193 1477 340 1515 laudem
359 1477 448 1514 dicti
467 1477 644 1528 conjuges
662 1477 865 1515 exuberare
882 1478 1045 1515 volentes
1060 1478 1284 1529 praedictam
1302 1479 1477 1516 munifice
1489 1479 1725 1525 dotaverunt,

192 1549 277 1573 nam
303 1535 349 1573 ad
378 1536 558 1574 honorem
581 1536 650 1574 Dei
675 1536 972 1586 Omnipotentis,
995 1538 1177 1588 gloriosae
1201 1537 1355 1588 virginis
1381 1538 1530 1583 Mariae,
1554 1539 1724 1576 omnium

193 1595 412 1633 Sanctorum
437 1600 473 1632 et
495 1594 598 1632 Beati
622 1595 801 1632 Bernardi
827 1595 971 1633 abbatis
998 1596 1036 1633 in
1062 1610 1102 1633 ea
1129 1597 1370 1647 capellaniam
1396 1596 1637 1634 instituerunt
1658 1611 1726 1648 pro

192 1666 343 1692 suarum
380 1653 544 1691 remedio
581 1653 789 1690 animarum
823 1667 889 1703 per
918 1654 1121 1692 monachos
1151 1655 1357 1692 sacerdotes
1389 1655 1556 1704 ydoneos
1587 1655 1725 1693 ibidem

192 1711 379 1763 perpetuis
401 1712 632 1763 temporibus
653 1712 950 1758 deserviendam,
969 1713 1015 1750 ad
1043 1713 1112 1750 lioc
1133 1713 1180 1750 de
1198 1713 1306 1750 bonis
1323 1713 1399 1750 suis
1422 1713 1494 1751 sibi
1519 1727 1538 1750 a
1565 1714 1727 1751 Domino

191 1771 333 1808 collatis
352 1770 419 1808 XX
437 1771 550 1808 libras
568 1771 684 1808 annui
711 1776 747 1808 et
768 1771 935 1821 perpetui
963 1771 1130 1808 redditus
1155 1776 1191 1808 et
1215 1771 1366 1808 calicem
1395 1785 1479 1809 cum
1500 1772 1726 1810 vestimentis

192 1829 482 1867 sacerdotalibus
502 1842 600 1866 anno
617 1829 770 1867 Domini
790 1829 841 1866 Μο
859 1830 932 1867 CC⁰
951 1829 1032 1867 XV⁰
1049 1829 1296 1875 conserentes,
1314 1829 1360 1867 de
1378 1830 1517 1880 quibus
1533 1831 1723 1868 ecclesiam

192 1887 298 1925 istam
333 1887 370 1925 in
406 1888 634 1938 corporalem
670 1878 960 1938 possessionem,
989 1888 1154 1939 quietam
1185 1892 1221 1924 et
1255 1889 1447 1938 pacificam
1484 1889 1721 1939 induxerunt.

194 1945 350 1996 lnsuper
372 1951 408 1983 et
429 1947 619 1984 ecclesiam
642 1947 748 1984 istam
769 1960 916 1997 semper
938 1946 1133 1997 diligentes
1157 1951 1193 1983 et
1215 1945 1439 1984 honorantes
1462 1960 1593 1984 manus
1616 1948 1725 1997 adju-

192 2004 300 2042 trices
329 2005 399 2056 ipsi
435 2004 636 2043 liberaliter
669 2009 916 2055 porrexerunt
941 2009 977 2041 et
1005 2004 1166 2054 plurima
1194 2004 1244 2044 in*
1263 2017 1303 2041 ea
1334 2004 1586 2042 exhibuerunt
1613 2019 1724 2056 opera

191 2063 354 2114 pietatis,
372 2062 469 2100 inter
485 2067 625 2100 caetera
644 2076 707 2101 sex
726 2062 900 2114 pitantias
917 2067 1118 2100 statuentes
1137 2062 1244 2099 annis
1264 2062 1419 2113 singulis
1442 2062 1480 2099 in
1503 2069 1724 2114 perpetuum

192 2121 264 2159 hiis
288 2121 421 2158 diebus
447 2121 634 2168 videlicet,
655 2127 734 2167 etc.,
764 2121 1046 2167 ministrandas,
1065 2127 1114 2167 et,
1141 2121 1290 2158 tandem
1315 2121 1414 2158 diem
1444 2121 1598 2159 feliciter
1622 2122 1726 2159 clau·

191 2180 318 2218 dentes
338 2185 563 2223 extremum,
581 2181 727 2218 circiter
746 2194 879 2218 novem
902 2194 1094 2218 mensuras
1118 2186 1234 2217 terrac
1254 2181 1410 2230 jacentis
1433 2182 1470 2217 in
1494 2182 1726 2233 Lisseweghe

192 2238 297 2276 istius
316 2238 387 2275 loci
404 2238 603 2275 conventui
621 2239 872 2290 assignarunt,
891 2239 1053 2276 valentes
1071 2239 1178 2276 annis
1192 2239 1348 2289 singulis
1365 2240 1449 2290 plus
1467 2253 1579 2290 quam
1598 2240 1724 2277 decem

193 2296 325 2343 libras,
347 2302 389 2334 ut
411 2297 497 2334 inde
519 2297 556 2334 in
582 2297 783 2347 cujuslibet
808 2298 973 2349 ipsorum
1000 2297 1253 2335 anniversario
1277 2298 1374 2334 bona
1404 2302 1440 2335 et
1470 2311 1614 2349 semper
1638 2312 1722 2335 cum

192 2356 280 2393 vino
300 2356 487 2407 perpetuis
507 2357 736 2407 temporibus
754 2357 854 2394 dicto
880 2357 1078 2394 conventui
1106 2357 1373 2394 ministrentur.
1395 2357 1512 2394 Debet
1528 2358 1637 2394 ctiam
1657 2359 1721 2408 qui
