2184 3074
459 319 533 357 564
617 323 621 327 ⁴
1007 316 1168 355 CODEX
1194 316 1440 355 DUNENSlS.

460 446 498 471 se
511 434 674 471 reddidit
690 439 726 471 et
742 432 1064 484 acceptum,vadat
1080 432 1126 468 ad
1139 431 1290 470 Vestrae
1303 431 1514 470 Sanctitatis
1527 432 1670 469 curiam
1683 445 1752 483 pro
1762 432 1987 483 quibusdam

459 493 536 530 suis
559 494 715 544 negotiis
732 506 828 543 quae
845 492 943 542 apud
962 492 1133 529 Sanctam
1153 491 1413 528 Paternitatem
1429 490 1597 528 Vestram
1620 491 1818 542 requirunt
1833 491 1988 542 gratiam

460 556 496 587 et
525 553 704 595 favorem,
735 549 925 588 Sanctitati
952 549 1118 596 Vestrae,
1141 553 1246 600 pater
1269 548 1516 595 sanctissime,
1543 548 1735 586 humiliter
1759 548 1931 600 supplico
1954 554 1991 586 et

461 609 590 646 devote
608 609 783 660 quatinus
814 609 852 645 in
881 608 958 645 suis
981 607 1091 657 justis
1122 607 1365 658 petitionibus
1391 611 1426 644 et
1447 607 1612 645 honestis
1638 620 1703 644 vos
1725 607 1846 644 eidem
1865 618 1990 644 amore

459 668 526 704 Dei
547 668 700 704 reddere
717 666 922 717 dignemini
937 666 1158 716 gratiosum:
1179 666 1307 703 scituri
1325 666 1445 717 quod,
1458 671 1571 717 prout
1589 665 1838 703 communiter
1854 665 1992 702 dicitur

458 733 494 765 et
518 729 692 775 creditur,
710 729 788 779 ipse
813 732 868 764 est
885 727 946 763 ille
965 727 1061 764 inter
1077 727 1275 764 canonicos
1295 727 1520 764 Morinenses
1538 728 1603 778 qui
1623 727 1756 764 melius
1778 726 1816 763 in
1839 724 1990 763 ecclesia

460 787 659 824 Morinensi
679 791 714 824 et
731 786 921 823 decentius
938 785 1083 822 obtinet
1100 785 1222 822 locum
1240 798 1361 822 suum.

1108 1023 1333 1061 CCXXXlX.

456 1139 512 1175 La
531 1144 699 1175 comtesse
717 1138 761 1175 de
777 1122 946 1176 Flandre
961 1141 1135 1177 remercie
1157 1139 1189 1176 le
1206 1151 1304 1189 pape
1327 1138 1504 1189 Gre'qoire
1525 1139 1568 1176 X
1597 1139 1641 1176 de
1658 1152 1696 1176 ce
1709 1138 1803 1189 qu’il
1818 1152 1842 1176 a
1857 1138 1932 1188 faie
1947 1150 1990 1175 cn

503 1198 640 1248 faveur
657 1198 700 1235 de
716 1211 771 1235 ses
796 1198 1004 1248 petits-fils,
1034 1198 1181 1244 Robert,
1209 1204 1322 1235 comte
1350 1197 1394 1234 de
1416 1198 1570 1242 Nevers,
1601 1203 1635 1234 et
1661 1198 1777 1242 lean,
1804 1195 1993 1246 prevdlde

506 1259 651 1308 Bruqes
672 1262 693 1294 ¹.

505 1423 744 1461 Sanctissimo
761 1423 872 1473 patri,
891 1427 973 1469 etc.,
991 1423 1212 1472 Margareta,
1230 1422 1258 1459 F
1260 1422 1425 1459 landriae
1443 1426 1478 1458 et
1498 1421 1733 1471 Haynoniae,
1751 1425 1818 1458 ew.

504 1483 557 1519 Ex
575 1481 799 1519 continuatis
820 1481 967 1518 Vestrae
990 1480 1201 1518 Sanctitatis
1223 1480 1347 1531 primo
1365 1481 1407 1518 R.
1433 1480 1479 1516 de
1503 1479 1696 1525 Flandria,
1716 1478 1842 1528 nepoti
1862 1482 1988 1516 nostro

455 1541 663 1586 karissimo,
702 1553 802 1583 nunc
837 1539 962 1576 comiti
998 1539 1217 1577 Nivernensi
1233 1568 1242 1585 ,
1274 1538 1410 1576 deinde
1442 1538 1659 1575 karissimae
1689 1537 1791 1588 nepti
1829 1541 1992 1583 nostrae,

454 1599 650 1636 Flandriae
676 1598 908 1643 domicellae,
936 1612 1048 1649 super
1078 1598 1202 1648 petitis
1229 1610 1248 1634 a
1282 1597 1388 1634 vobis
1415 1596 1772 1647 dispensationibus,
1794 1608 1939 1632 necnon
1957 1599 1993 1634 et

455 1671 567 1709 super
594 1657 708 1707 gratia
741 1656 779 1692 in
800 1656 982 1693 lnsulensi
1003 1655 1154 1693 ecclesia
1172 1655 1355 1698 Johanni,
1374 1654 1499 1705 nepoti
1523 1658 1666 1700 nostro,
1686 1653 1865 1704 Brugensi
1884 1665 1992 1704 praa-

455 1717 575 1768 posito
604 1721 639 1753 et
664 1715 858 1752 Flandriac
881 1715 1120 1760 cancellario,
1138 1714 1209 1759 eis,
1228 1714 1397 1764 mihique
1417 1713 1455 1750 in
1474 1726 1603 1750 eorum
1619 1713 1787 1764 personis
1804 1726 1824 1749 a
1844 1712 1991 1750 Vestrae
2033 1760 2038 1763 μ

455 1774 688 1811 Pater-nitatis
707 1773 870 1810 bonitate
889 1773 1081 1818 exhibitis,
1102 1772 1331 1823 perpendere
1352 1785 1503 1822 possum
1523 1776 1558 1808 et
1575 1771 1693 1808 debeo
1711 1771 1813 1822 quod
1830 1784 1914 1822 erga
1933 1784 1992 1808 me

453 1838 488 1870 et
507 1846 605 1869 meos
623 1832 850 1868 voluntatem
876 1831 1001 1881 geritis
1018 1830 1231 1880 gratiosam,
1250 1843 1361 1880 super
1378 1829 1516 1880 quibus
1543 1842 1781 1880 nequaquam
1808 1833 1928 1879 grates
1954 1833 1991 1866 et

453 1892 588 1942 gratias
608 1891 754 1928 Vestrae
771 1889 925 1925 reddere
938 1889 1082 1925 sufficio
1098 1888 1307 1934 Sanctitati,
1323 1889 1386 1925 sed
1407 1888 1453 1924 ad
1472 1892 1676 1924 vestrarum
1695 1887 1988 1924 habundantiam

453 1951 654 2000 gratiarum
675 1948 892 1998 respiciens,
912 1961 970 1983 me
989 1952 1023 1984 et
1042 1947 1079 1983 id
1100 1947 1203 1998 quod
1222 1960 1391 1998 possum,
1411 1947 1496 1983 lieet
1518 1946 1722 1992 modicum,
1744 1958 1786 1982 ac
1807 1945 1989 1996 quicquid

455 2009 585 2052 habeo,
603 2007 717 2044 offero
736 2006 782 2043 ad
802 2006 975 2042 mandata
990 2010 1132 2042 vestrae
1150 2005 1404 2042 sanctissimae
1418 2004 1640 2050 voluntatis,
1655 2008 1781 2054 parata
1798 2003 1845 2040 ad
1862 2004 1988 2041 omnia

451 2068 555 2117 juxta
576 2079 683 2117 posse
712 2065 749 2101 in
778 2065 918 2115 quibus
936 2063 1066 2100 vestris
1085 2063 1280 2100 desideriis
1297 2063 1484 2100 crederem
1505 2063 1744 2113 complacere.
1764 2062 1883 2113 Super
1898 2062 1989 2100 meis

454 2131 489 2162 et
507 2138 675 2162 meorum
703 2123 877 2173 negotiis,
903 2123 931 2159 si
960 2123 1096 2172 placet,
1127 2122 1276 2159 credere
1302 2121 1508 2172 dignemini
1539 2121 1692 2158 domino
1723 2122 1766 2158 G.
1798 2121 1988 2171 capellano

454 2197 554 2228 meo,
574 2187 686 2233 prout
704 2183 801 2218 idem
821 2181 1034 2231 capellanus
1048 2180 1261 2231 requisierit
1277 2173 1428 2216 Vestrae
1441 2180 1596 2230 gratiam
1613 2179 1835 2216 sanctitatis.
1852 2180 1986 2216 Datum

453 2255 578 2279 mense
593 2240 791 2290 septembri
811 2252 910 2275 anno
929 2238 1072 2276 LXXll.

491 2359 498 2374 ¹
521 2360 555 2385 Ce
569 2359 711 2384 document
726 2363 801 2393 porte
816 2359 881 2384 dans
896 2359 919 2384 lc
934 2358 985 2384 MS.
999 2358 1045 2384 des
1063 2359 1155 2384 Duncs
1175 2366 1211 2384 un
1226 2359 1288 2384 titre
1303 2359 1348 2392 qui
1364 2358 1451 2384 donne
1467 2358 1587 2384 l‘initiale
1601 2357 1636 2383 du
1652 2365 1712 2383 nom
1727 2357 1763 2383 du
1777 2364 1853 2391 pape.
1870 2356 1890 2382 ll
1910 2355 1986 2389 s‘ngit

452 2406 484 2432 dc
500 2414 621 2431 nouvvau
636 2406 667 2431 (lc
681 2405 807 2439 Gregoire
821 2405 855 2430 X.

1152 2457 1272 2468 Μ.»-
