2184 3074
461 284 534 320 544
1012 284 1174 321 CODEX
1200 285 1447 323 DUNENSlS.

459 404 506 440 ad
532 403 668 440 dictam
694 403 872 452 capellam
900 402 1152 440 celebraturus
1179 403 1338 449 accedit,
1360 404 1614 456 undecunque
1635 408 1895 458 celebraverit,
1913 424 1998 462 spe-

459 462 600 499 cialiter
619 461 714 497 lianc
732 461 923 497 collectam
941 460 1096 497 recitare
1113 461 1298 511 quamdiu
1322 461 1504 500 vixerint:
1527 463 1999 518 Omnipotensxsempilerne

458 522 577 567 Deus,
600 521 771 558 miserere
786 518 927 568 famuli
946 526 980 556 et
998 519 1166 570 famulae
1191 525 1273 557 luae
1295 526 1329 557 et
1347 521 1467 572 diriqe
1490 534 1548 559 eos
1571 524 1773 562 secundum
1798 531 1902 563 tuam
1925 527 1998 564 cle-

459 581 634 616 mentiam
658 580 698 616 in
720 579 782 615 via
803 578 934 615 salutis
957 583 1145 623 aeternae,
1167 584 1209 615 ut
1233 584 1264 615 le
1281 579 1439 616 donante
1463 579 1528 617 tibi
1543 580 1685 630 placita
1705 584 1857 632 cupiant
1875 590 1910 621 et
1925 590 1996 623 tota

459 640 592 675 virtute
603 637 804 687 perficiant
814 649 885 686 per
901 637 1120 682 Dominum,
1140 642 1207 674 etc.
1227 637 1273 674 Et
1286 642 1371 688 post
1384 638 1599 676 eorumdem
1618 640 1809 679 decessum
1824 658 1831 678 :
1851 643 1997 681 Inclina

458 697 613 734 Domine
629 695 686 732 vel
701 696 801 732 Deus
820 695 880 732 eui
900 695 1095 745 proprium
1115 701 1169 732 est
1187 695 1309 732 dicere
1327 709 1396 747 pro
1414 696 1553 734 eisdem
1565 726 1574 744 ,
1593 697 1836 750 ipsorumque
1852 713 1996 739 memo-

459 754 550 791 riam
572 754 609 790 in
629 767 696 791 suo
715 758 902 791 memento
920 754 1129 804 specialiter
1146 754 1314 791 retinere.

1149 877 1268 887 -οοοι

1126 1022 1312 1059 CCXVlll.

507 1136 735 1182 Guiltaume,
755 1143 866 1175 comte
889 1138 932 1175 de
955 1139 1125 1176 Hainaut
1146 1145 1179 1176 et
1203 1139 1246 1176 de
1263 1139 1466 1185 Hollande,
1485 1139 1659 1190 confirme
1677 1140 1726 1177 les
1749 1141 1946 1192 privile'qes

780 1197 950 1234 accorde's
973 1197 995 1233 ἀ
1018 1196 1132 1234 l’abbe'
1151 1204 1183 1235 el
1207 1211 1256 1235 au
1279 1204 1428 1235 convent
1444 1198 1488 1235 de
1509 1197 1667 1236 Thosan.

504 1391 718 1429 Willelmus
728 1421 737 1438 ,
751 1405 874 1428 comes
890 1392 1121 1442 Haynoniae,
1131 1393 1367 1440 Hollandiae,
1381 1394 1577 1432 Zelandiae
1590 1407 1632 1431 ac
1646 1394 1822 1431 dominus
1837 1393 1993 1439 Frisiae,

455 1449 637 1487 universis
662 1450 708 1486 ad
733 1462 827 1500 quos
850 1454 1061 1500 praesentes
1080 1450 1222 1488 litterae
1243 1453 1498 1502 pervenerint,
1525 1453 1681 1490 salutem
1707 1456 1743 1489 et
1764 1451 1993 1489 affluentiam

454 1509 576 1546 omnis
597 1509 698 1546 honi.
1674 1513 1682 1520 '

504 1568 702 1619 Cupientes
733 1568 772 1605 in
798 1568 970 1606 felicibus
1001 1574 1037 1606 et
1067 1569 1232 1606 honestis
1259 1569 1437 1619 operibus
1468 1574 1680 1607 nostrorum
1710 1569 1993 1621 progenitorum

453 1627 696 1663 aemulatores
715 1627 828 1673 effici,
847 1627 1027 1664 beneficia
1045 1627 1117 1678 piis
1139 1628 1309 1678 personis
1334 1627 1606 1665 rationabiliter
1623 1628 1671 1665 ab
1689 1628 1829 1665 eisdem
1848 1627 1993 1670 indulta

453 1685 491 1722 in
509 1699 576 1722 suo
600 1686 735 1722 robore
754 1690 901 1723 nostrae
919 1686 1160 1736 protectionis
1179 1691 1216 1723 et
1232 1686 1479 1737 promotionis
1497 1686 1703 1724 assistentia
1722 1686 1992 1731 conservando,

453 1743 578 1781 omnia
597 1749 633 1780 et
650 1744 795 1795 singula
814 1745 1008 1795 privilegia
1028 1750 1101 1782 tam
1123 1745 1337 1796 largitiones
1363 1758 1476 1796 quam
1499 1745 1634 1796 gratias
1651 1744 1880 1782 continentia
1898 1757 1994 1795 quae

452 1804 520 1841 rite
539 1804 670 1840 devota
689 1804 970 1854 progenitorum
989 1809 1201 1842 nostrorum
1222 1804 1401 1842 comitum
1416 1804 1637 1842 Hollandiae
1654 1803 1910 1842 munificentia
1926 1817 1992 1841 ve-

454 1863 683 1900 nerabilibus
704 1867 739 1899 et
756 1863 937 1914 religiosis
965 1863 1133 1914 personis
1152 1863 1307 1901 domino
1326 1892 1507 1900 .......
1528 1863 1654 1901 abbati
1672 1867 1708 1900 et
1725 1862 1926 1900 conventui
1945 1861 1991 1899 de

451 1921 619 1967 Thosan,
642 1934 737 1972 quos
762 1922 887 1959 favore
909 1923 1174 1973 prosequimur
1195 1922 1368 1973 speciali,
1393 1922 1624 1974 temporibus
1647 1921 1839 1959 retroactis
1864 1920 1992 1958 indul-

451 1980 514 2027 sit7
533 1980 739 2018 secundum
758 1981 928 2018 omnium
955 1986 991 2018 et
1014 1982 1247 2032 singulorum
1274 1995 1427 2028 suorum
1454 1981 1696 2018 articulorum
1722 1979 1991 2018 continentiam

451 2045 576 2076 tenore
595 2039 846 2090 praesentium
865 2039 1130 2081 confirmamus
1152 2045 1188 2077 et
1210 2040 1436 2078 ratificamus
1455 2053 1524 2091 pro
1542 2039 1651 2077 nobis
1669 2044 1705 2076 et
1728 2038 1864 2076 nostris
1882 2037 1991 2075 here-

449 2097 560 2134 dibus
591 2111 633 2134 ac
659 2099 936 2139 successoribus
963 2099 1001 2135 in
1027 2099 1217 2145 futurum,
1250 2104 1289 2136 ut
1316 2099 1408 2136 adeo
1437 2098 1604 2136 sedulius
1630 2110 1698 2135 nos
1725 2096 1890 2134 Domino
1914 2095 1990 2133 suis

449 2156 681 2194 orationibus
707 2158 1021 2196 recommendent.
