2184 3074
759 322 920 360 CODEX
947 324 1194 363 DUNENSlS.
1675 331 1742 366 ¹39

207 441 363 475 suerunt
379 437 531 488 plurimi
550 437 597 475 de
613 438 711 475 dicta
732 439 902 487 ecclesia⁷
930 442 967 478 in
988 447 1177 492 posterum
1206 444 1433 490 immineret,
1461 458 1527 482 nec
1546 444 1741 481 dilationes

207 495 398 547 expediret
422 509 599 548 quaerere
620 496 822 548 longiores,
846 512 931 536 cum
956 501 1207 538 verisimiliter
1234 507 1491 552 praesumatur
1515 516 1560 539 ex
1582 502 1741 539 credito-

204 567 286 592 rum
306 555 467 606 querelis
485 555 603 606 ipsam
622 556 813 594 eeclesiam
831 558 980 608 gravius
1000 559 1264 598 infamandam.
1288 562 1524 613 Quapropter
1543 561 1739 599 venerabi—

206 612 304 651 libus
322 613 490 664 patribus
507 613 565 650 de.
586 642 594 651 .
613 618 650 651 et
667 614 724 651 de.
745 643 752 651 .
773 643 780 652 .
800 614 964 653 dominis
983 617 1182 656 abbatibus
1204 619 1242 655 in
1261 619 1360 656 dieto
1379 620 1603 657 monasterio
1621 620 1678 656 de.
1701 649 1710 658 .
1730 648 1736 654 .

204 672 250 709 ad
277 685 403 724 preces
435 677 578 710 nostras
609 673 718 711 nobis
749 674 1022 722 assistentibus⁷
1054 678 1191 715 voeatis
1222 678 1432 716 senioribus
1459 684 1495 715 et
1525 678 1737 716 sanioribus

203 729 322 768 dietae
352 730 487 768 domus
519 732 704 782 personis,
736 745 778 769 ac
803 733 841 770 in
865 739 988 771 nostra
1015 741 1051 772 et
1079 735 1264 773 dictorum
1291 737 1559 774 venerabilium
1587 741 1732 787 patrum

201 789 407 840 praesentia
433 790 633 840 praemissa
659 791 784 832 omnia
811 796 847 829 et
872 793 1018 844 singula
1043 808 1128 831 vera
1154 808 1231 832 esse
1256 795 1528 833 affirmantibus
1554 800 1589 832 et
1615 795 1733 832 eonti-

201 847 364 885 tentibus
387 860 507 899 usque
532 849 578 886 ad
604 862 788 886 summam
815 850 924 887 talem
952 851 1122 890 debitum
1141 854 1336 891 ascendere
1361 859 1606 891 memoratum
1630 853 1732 904 quod

199 910 304 957 urget
333 906 379 944 ad
409 920 598 958 praesens,
629 908 904 959 praedictorum
931 911 1199 948 venerabilium
1228 917 1375 963 patrum
1404 912 1485 949 t'reti
1511 912 1668 950 consilio
1698 916 1732 947 et

196 964 306 1015 plena
336 979 421 1003 cum
447 966 586 1004 eisdem
617 966 884 1004 deliberatione
914 969 1146 1019 praehabita,
1176 971 1393 1007 auctoritate
1417 984 1481 1008 seu
1508 975 1685 1021 potestate
1710 984 1729 1005 a

195 1022 296 1060 dicto
313 1024 475 1073 generali
493 1024 657 1075 capitulo
677 1024 784 1062 nobis
802 1025 842 1062 in
862 1025 930 1063 hac
953 1032 1056 1078 parte
1081 1028 1213 1065 tradita
1231 1034 1267 1065 et
1284 1041 1474 1074 concessa,
1499 1028 1599 1065 dieto
1617 1028 1731 1065 coab-

195 1080 270 1118 bati
288 1085 414 1119 nostro
433 1082 620 1119 licentiam
638 1083 865 1121 contulimus
881 1089 917 1121 et
933 1085 1088 1123 liberam
1108 1087 1316 1124 facultatem
1336 1086 1521 1124 vendendi
1540 1092 1576 1123 ct
1593 1087 1729 1124 distra-

195 1138 308 1177 hendi
331 1141 580 1190 possessiones
605 1155 698 1193 quas
720 1142 844 1180 minus
863 1145 971 1182 utiles
993 1145 1217 1195 judicaverit
1237 1151 1273 1183 et
1291 1146 1408 1196 magis
1427 1151 1600 1190 remotas,
1623 1159 1726 1183 suam

192 1197 290 1235 eirea
309 1197 381 1235 hoe
397 1199 662 1237 conscientiam
681 1206 876 1239 onerantes
895 1215 1013 1254 usque
1038 1203 1085 1240 ad
1102 1217 1286 1241 summam
1305 1209 1358 1241 tot
1381 1204 1558 1249 millium7
1577 1209 1662 1248 ete„
1688 1209 1726 1240 ut

191 1269 306 1306 prius.

911 1339 1011 1347 —o—

906 1478 1013 1517 XCV.

523 1593 743 1631 Documents
760 1595 904 1645 relatis-s
921 1609 999 1633 aum
1016 1596 1131 1633 diones
1154 1597 1197 1634 de
1214 1595 1389 1634 Lot-eren.

236 1781 424 1819 Universis
441 1789 651 1832 praesentes
670 1784 808 1823 litteras
827 1786 1047 1837 inspecturis
1068 1788 1180 1825 frater
1195 1787 1384 1826 Johannes
1401 1789 1522 1827 dictus
1539 1789 1653 1826 abbas
1674 1789 1720 1825 de

183 1839 341 1887 Bodelo‚
359 1845 426 1878 etc.

233 1898 362 1937 Vestra
387 1901 532 1938 noverit
554 1902 776 1941 universitas
797 1905 900 1956 quod
923 1918 1008 1942 cum
1028 1906 1164 1943 virtute
1187 1906 1432 1944 ordinationis
1450 1920 1513 1943 seu
1532 1907 1718 1956 composi-

184 1957 297 1995 tionis
314 1971 381 2008 per
397 1959 641 1998 reverendum
661 1966 802 2012 patrem
821 1962 1017 2000 dominum
1035 1964 1261 2010 Johannem,
1280 1965 1526 2001 venerabilem
1546 1965 1715 2002 abbatem

184 2015 437 2063 Clarimontis,
456 2017 571 2055 sactae
589 2019 686 2056 inter
704 2033 771 2058 nos
789 2021 961 2059 abbatem
980 2022 1027 2059 de
1044 2022 1184 2060 Bodelo
1203 2023 1423 2074 praedictosff
1443 2037 1487 2059 ex
1507 2036 1579 2059 una
1599 2030 1716 2073 parte„

185 2079 220 2112 et
241 2074 465 2113 abbatissam
485 2082 520 2114 et
543 2084 767 2116 conventum
790 2081 1002 2118 monasterii
1031 2082 1250 2119 monialium
1273 2081 1319 2118 de
1339 2081 1502 2126 Roseae,
1521 2095 1566 2118 ex
1584 2081 1716 2118 altera:

183 2145 279 2184 quae
302 2133 455 2183 quidem
482 2135 668 2174 ordinatio
698 2150 762 2174 seu
793 2138 1039 2176 ordinationis
1066 2140 1122 2176 vel
1150 2139 1428 2190 compositionis
1454 2144 1558 2176 tenor
1579 2140 1632 2176 sic
1658 2140 1717 2176 in-

182 2191 288 2243 cipit,
316 2195 397 2239 etc.‚
421 2197 457 2230 et
477 2194 530 2232 sic
556 2196 792 2244 terminatur,
819 2202 899 2244 etc.7
923 2211 1069 2236 necesse
1096 2198 1315 2235 haberemus
1333 2197 1441 2234 dietis
1459 2198 1666 2236 abbatissae
1683 2204 1718 2235 et

181 2251 381 2289 conventui
411 2251 457 2289 de
487 2253 634 2292 Boscho
665 2256 761 2294 infra
793 2258 1027 2307 parrochiam
1059 2258 1105 2294 dc
1132 2257 1301 2294 Lokcrne
1333 2258 1370 2293 in
1400 2257 1534 2294 nostris
1564 2256 1717 2308 decimis

183 2309 379 2347 novalibus
401 2324 466 2348 seu
485 2313 649 2364 antiquis
667 2315 853 2365 assignare
878 2315 1057 2361 decimas,
1084 2329 1204 2366 usque
1221 2315 1267 2352 ad
1286 2315 1448 2352 valorem
1467 2328 1518 2351 xu
1536 2315 1715 2351 librarum

184 2367 469 2406 Flandrensium
497 2372 690 2409 annuatim
715 2379 751 2410 et
776 2379 974 2425 perpetuo7
1002 2373 1263 2425 possidendas,
1289 2374 1409 2410 dictae
1429 2386 1583 2424 quoque
1600 2373 1717 2412 abba-

184 2427 270 2465 tissa
293 2433 329 2465 et
353 2435 574 2477 conventus,
602 2432 714 2469 fretae
741 2433 945 2483 proborum
973 2434 1148 2480 consilio„
1173 2434 1222 2471 ob
1243 2447 1370 2484 pacem
1397 2433 1650 2470 omnimodam
1678 2433 1714 2469 in
