2184 3074
473 319 545 355 516
1022 315 1184 352 CODEX
1209 315 1456 353 DUNENSlS.

1163 481 1330 518 CCCLX.

817 600 957 636 Letcres
976 599 1019 635 de
1038 598 1205 648 dispense
1223 599 1409 636 accordees
1427 599 1450 635 ιὶ
1467 612 1520 636 un
1538 600 1667 637 moine.

523 793 710 830 Universis
737 797 947 843 praesentes
969 793 1107 831 litteras
1132 793 1354 844 inspecturis
1380 795 1492 831 frater
1513 794 1574 839 st,
1595 794 1717 831 dictus
1734 794 1849 832 abbas
1865 794 1912 831 de
1930 793 2008 830 Ma-

470 864 563 901 gyo,
585 852 740 888 salutem
761 851 797 887 in
817 851 990 889 Domino.

520 910 615 958 Quia
635 910 731 946 inter
746 909 929 960 quosdam
949 909 1100 947 abbates
1115 916 1151 947 et
1163 911 1254 948 alios
1269 911 1413 948 ordinis
1426 911 1679 948 Cisterciensis
1692 910 1883 961 religiosos
1896 923 2008 961 super

470 968 614 1005 defectu
634 968 812 1006 natalium
829 968 972 1006 domini
991 969 1191 1006 Christiani
1207 969 1380 1007 monachi
1398 969 1444 1006 de
1462 969 1625 1019 Kyrielis
1643 969 1919 1007 altercationem
1937 982 2007 1006 au-

470 1027 633 1065 divimus
650 1028 751 1078 quod
771 1028 895 1065 minus
916 1027 1088 1065 accedere
1106 1028 1152 1065 ad
1170 1028 1368 1080 dignitates
1385 1028 1580 1079 potuisset,
1603 1029 1679 1066 imo
1697 1028 1835 1066 eisdem
1855 1028 2008 1065 certitu-

471 1085 595 1122 dinem
624 1086 676 1122 rei
703 1086 897 1123 ostendere
914 1086 1078 1123 volentes
1096 1086 1142 1123 ad
1161 1099 1272 1124 omne
1290 1086 1341 1123 rei
1360 1086 1519 1123 dubium
1547 1086 1836 1132 removendum,
1863 1086 2006 1123 bullam
2066 1079 2074 1088 ¹

471 1144 638 1195 Gregorii
660 1158 777 1195 papae
794 1145 927 1181 decimi
947 1144 994 1181 ab
1012 1144 1142 1181 eodem
1163 1144 1374 1182 Christiano
1393 1144 1601 1195 recepimus
1619 1145 1657 1181 in
1677 1144 1767 1182 haec
1783 1144 1920 1182 verba:

520 1204 721 1254 Gregorius
747 1204 961 1255 episcopus,
982 1217 1109 1241 servus
1139 1217 1331 1241 servorum
1359 1203 1446 1250 Dei,
1473 1203 1673 1241 venerabili
1701 1203 1804 1240 fratri
1832 1203 2008 1254 episcopo

471 1262 785 1313 Archephatensi,
803 1263 959 1300 salutem
978 1268 1014 1299 et
1031 1263 1271 1313 apostolicam
1290 1262 1600 1300 benedictionem.

521 1322 712 1372 Regularis
736 1321 879 1359 ordinis
898 1321 1171 1372 professoribus
1195 1334 1270 1358 non
1297 1321 1449 1372 indigne
1474 1321 1598 1371 aliqua
1623 1321 1891 1372 permittuntur
1912 1333 2008 1372 quae

469 1380 589 1416 solent
606 1380 796 1417 interdum
815 1380 897 1417 aliis
916 1379 1086 1417 interdici
1102 1380 1245 1416 merito.
1260 1380 1354 1417 Cum
1369 1379 1484 1430 igitur
1497 1393 1543 1416 ex
1556 1384 1660 1430 parte
1673 1379 1893 1417 dilectorum
1909 1378 2008 1416 filio-

469 1452 550 1475 rum
581 1444 785 1476 conventus
817 1438 1031 1476 monasterii
1063 1438 1109 1475 de
1136 1438 1300 1488 Kyrielis
1327 1438 1471 1475 abbatis
1498 1438 1678 1489 regimine
1701 1437 1886 1484 destituti,
1912 1437 2009 1475 sicut

469 1503 652 1544 asserunt,
667 1498 918 1535 Cisterciensis
937 1498 1092 1544 ordinis,
1102 1503 1187 1535 tuae
1201 1497 1383 1548 dyocesis,
1402 1497 1514 1534 suerit
1527 1497 1636 1534 nobis
1654 1496 1846 1533 humiliter
1863 1495 2010 1547 suppli-

471 1561 593 1592 catum
609 1561 650 1593 ut
666 1569 751 1593 cum
771 1556 906 1593 dilecto
924 1556 1002 1593 filio
1022 1556 1233 1594 Christiano
1251 1555 1474 1607 presbitero,
1490 1554 1674 1592 monacho
1686 1554 1804 1605 ipsius
1822 1558 2009 1591 monaste-

471 1614 536 1661 rii,
555 1628 667 1665 super
685 1615 831 1652 defectu
850 1615 1030 1652 natalium
1049 1628 1160 1665 quem
1179 1615 1336 1666 patitur,
1354 1614 1400 1651 de
1418 1614 1625 1664 presbitero
1648 1613 1795 1664 genitus
1816 1617 1853 1649 et
1873 1612 2008 1657 soluta,

471 1673 676 1724 dispensari
701 1674 990 1711 misericorditer
1017 1687 1250 1720 curaremus,
1269 1686 1336 1710 nos
1360 1672 1590 1710 attendentes
1607 1671 1710 1723 quod
1729 1671 1774 1708 ad
1791 1671 2007 1722 religionem

472 1733 638 1770 conversi
658 1733 687 1770 si
709 1733 863 1779 fuerint,
884 1733 922 1769 in
948 1733 1182 1770 monasteriis
1207 1732 1284 1770 suis
1307 1731 1544 1769 laudabiliter
1565 1731 1788 1777 conversati,
1804 1730 1901 1779 juris
1922 1738 2010 1780 per-

473 1791 666 1837 missione,
694 1791 934 1841 illegitimatis
961 1791 1105 1828 macula
1127 1804 1202 1828 non
1221 1791 1407 1836 obstante,
1427 1790 1581 1826 licenter
1597 1789 1741 1840 possint
1764 1788 1811 1825 ad
1839 1787 2008 1825 ordinem

473 1852 702 1900 promoveri,
717 1851 966 1902 praesentium
983 1851 1200 1888 auctoritate
1214 1850 1282 1887 tibi
1298 1849 1566 1887 committimus
1579 1854 1621 1886 ut
1633 1862 1719 1886 cum
1733 1848 1863 1885 eodem
1878 1860 2010 1885 mona-

474 1910 555 1956 cho,
571 1910 650 1959 ejus
672 1910 962 1960 suffragantibus
979 1910 1140 1955 meritis,
1162 1923 1275 1960 super
1291 1909 1431 1960 quibus
1450 1913 1550 1945 tuam
1570 1908 1798 1945 intendimus
1816 1907 2010 1944 conscien-

474 1969 562 2005 tiam
581 1982 750 2013 onerare,
764 1969 867 2019 quod
882 1968 1097 2018 hujusmodi
1115 1981 1190 2006 non
1205 1969 1375 2005 obstante
1391 1967 1536 2004 defectu
1551 1967 1589 2003 in
1603 1966 1783 2017 susceptis
1799 1965 2010 2002 ministrare

473 2030 669 2067 ordinibus
696 2044 741 2067 ex
769 2030 892 2067 officio
918 2030 975 2067 sui
1002 2029 1164 2076 ordinis,
1185 2034 1221 2066 et
1249 2029 1295 2066 ad
1322 2041 1450 2066 omnes
1477 2028 1567 2065 alias
1593 2027 1806 2078 dignitates,
1835 2026 1864 2064 si
1894 2025 2010 2063 libere

473 2089 591 2125 valeat
616 2088 771 2134 assumi,
797 2088 1014 2125 auctoritate
1041 2093 1166 2125 nostra
1190 2087 1398 2138 dispenses,
1426 2091 1536 2137 prout
1565 2085 1772 2124 secundum
1803 2084 2006 2122 Dominum

472 2152 507 2183 et
524 2160 702 2197 personae
718 2147 970 2197 ydoneitatem
990 2147 1134 2183 animae
1156 2160 1243 2184 suae
1261 2146 1368 2184 saluti
1391 2145 1529 2183 videris
1548 2145 1732 2195 expedire.

1194 2332 1277 2340 -Q’
