2184 3074
747 234 909 272 CODEX
935 233 1180 272 DUNENSIS.
1650 233 1723 270 225

904 410 1009 447 CXL.

190 528 424 567 Declaralae'on
451 541 519 579 que
542 527 754 565 Guillaume
773 525 1062 576 Cordewaeqhen
1080 525 1141 562 n'a
1155 526 1259 575 point
1271 527 1354 574 pris
1368 531 1458 574 part
1475 538 1552 562 atu:
1566 531 1659 563 acles
1679 526 1722 562 de

288 586 459 624 re'bellion
476 586 632 635 diriqe'es
648 591 770 623 contre
786 597 852 622 son
862 584 1121 634 predae-essem·
1134 583 1347 622 Guillaume
1364 584 1407 620 de
1425 585 1580 621 Damme
1600 588 1621 619 ¹.

238 778 462 817 Reverendis
481 778 648 829 patribus
667 782 703 815 et
718 778 881 815 dominis
897 778 933 815 in
953 777 1100 816 Christo
1115 777 1316 815 karissimis
1331 777 1529 815 abbatibus
1543 781 1578 814 et
1592 791 1720 827 perso-

189 837 246 875 nis
266 837 450 874 universis
468 836 610 874 ordinis
630 836 881 875 cisterciensis
901 837 1028 874 fratres
1054 836 1095 873 R.
1119 836 1166 873 de
1186 865 1308 874 .....
1338 841 1374 872 et
1397 836 1451 874 Ja.
1476 836 1523 872 de
1540 865 1718 882 .......

187 897 338 935 abbates
363 896 524 934 humiles
548 896 714 946 ejusdem
740 895 898 942 ordinis,
928 897 1083 933 salutem
1108 909 1192 933 eum
1220 896 1421 933 reverentia
1447 901 1483 933 et
1509 896 1661 932 honore.

236 954 283 992 Ut
299 954 421 992 omnis
434 954 586 991 tollatur
598 954 761 1004 suspicio
776 958 812 991 et
826 957 944 990 rectae
957 953 1111 990 rationis
1124 953 1309 1003 judicium
1325 953 1494 991 sinistrae
1513 954 1719 1004 suggestio-

188 1013 244 1050 nis
258 1012 432 1050 instantia
446 1025 522 1049 non
538 1016 713 1058 mutetun
731 1012 962 1049 universitati
977 1017 1117 1049 vestrae
1133 1016 1340 1049 reverenter
1355 1012 1605 1049 insinuatione
1618 1021 1719 1063 pme-

186 1071 345 1109 sentium
366 1071 596 1108 declaramus
609 1070 728 1120 quod,
743 1083 827 1107 cum
845 1082 911 1107 nos
926 1069 1069 1106 dudum
1089 1070 1133 1107 ad
1150 1070 1421 1120 pacificandum
1439 1074 1475 1106 et
1487 1075 1621 1107 statum
1637 1084 1720 1108 mo-

186 1129 334 1167 nasterii
349 1129 396 1166 de
409 1129 582 1179 Capella'
573 1141 610 1165 in
625 1129 800 1166 Flandria
816 1129 863 1165 de
876 1129 1002 1166 bono
992 1141 1029 1165 in
1046 1129 1178 1166 melius
1190 1128 1467 1165 reformandum
1482 1142 1502 1165 a
1517 1129 1718 1166 reverendo

186 1191 288 1239 patre
305 1187 482 1224 domino
618 1187 778 1224 .abbate
796 1187 842 1234 de
861 1217 1016 1225 ......
1036 1187 1214 1238 praedicti
1230 1187 1442 1224 monasterii
1458 1192 1560 1238 patre
1573 1187 1717 1234 abbate

185 1245 250 1296 qui
268 1245 314 1282 ad
333 1244 404 1282 hoc
422 1217 565 1296 pietate
575 1218 727 1296 paterna
748 1250 869 1283 motus
887 1246 1008 1283 zelum
1027 1245 1139 1296 gessit
1155 1251 1191 1282 et
1208 1244 1339 1282 habuit
1361 1245 1577 1291 cordialem
1597 1246 1715 1283 vocati

184 1303 323 1355 pluries
340 1307 376 1340 et
393 1303 531 1353 rogati,
550 1309 585 1340 et
604 1303 765 1350 tandem
780 1303 934 1340 domino
944 1303 1136 1341 &villelmo
1154 1303 1200 1340 de
1216 1332 1344 1340 ......
1364 1303 1553 1354 quondam
1574 1303 1713 1341 ibidem

182 1361 315 1399 abbate
333 1365 464 1412 sponte
483 1361 645 1407 cedente,
661 1361 834 1398 visitandi
854 1361 970 1411 gratia
984 1365 1020 1398 et
1032 1361 1281 1399 substituendi
1300 1361 1471 1398 abbatem
1484 1361 1598 1398 alium
1614 1363 1713 1413 apud

182 1418 324 1457 dictum
345 1420 610 1457 monasterium
637 1432 722 1456 cum
746 1419 900 1456 domino
922 1419 1089 1457 Dunensi
1113 1419 1301 1470 praedicto
1320 1419 1457 1469 pariter
1473 1419 1712 1467 venissemus,

182 1478 355 1516 omnibus
379 1482 415 1515 et
439 1477 596 1529 singulis
614 1491 710 1529 quae
728 1478 775 1516 ad
792 1478 1009 1515 electionem
1025 1483 1061 1515 et
1073 1478 1319 1515 visitationem
1337 1477 1519 1528 pertinere
1533 1483 1713 1528 poterant,

182 1539 325 1575 favente
338 1536 516 1582 Domino,
533 1536 602 1573 rite
616 1536 773 1586 peractis
792 1536 998 1573 secundum
1017 1536 1173 1573 formam
1192 1541 1228 1572 et
1245 1535 1553 1573 consuetudinem
1571 1537 1714 1574 ordinis

181 1595 438 1647 approbatam,
455 1594 571 1631 nichil
590 1595 727 1641 extitit,
746 1594 915 1645 diligenti
937 1599 1058 1631 tamen
1078 1594 1181 1645 prius
1200 1594 1482 1645 investigatione
1501 1596 1713 1645 praemissa,

181 1653 412 1704 propositum
433 1652 488 1689 vel
513 1652 700 1702 objectum
730 1657 857 1689 contra
881 1652 1130 1690 venerabilem
1154 1658 1295 1703 patrem
1318 1652 1512 1689 dominum
1536 1682 1713 1698 .......

179 1710 350 1748 abbatem
370 1723 470 1748 nunc
489 1711 655 1761 ejusdem
676 1711 887 1748 monasterii
907 1711 954 1748 de
971 1711 1134 1761 Capella,
1149 1711 1251 1762 quod
1271 1711 1388 1762 ipsius
1403 1711 1536 1747 samam
1556 1711 1714 1749 laederet

179 1774 243 1807 aut
263 1770 302 1807 in
325 1770 453 1820 aliquo
474 1770 702 1821 denigraret,
721 1783 786 1808 seu
811 1770 1020 1821 specialiter
1046 1771 1148 1821 quod
1171 1783 1239 1808 suo
1266 1770 1535 1821 praedecessori
1560 1771 1713 1807 domino

178 1828 240 1866 W.
259 1828 305 1866 de
323 1829 417 1866 Dam
437 1829 626 1879 praedicto
645 1834 730 1866 ante
748 1829 1021 1880 promotionem
1037 1843 1142 1866 suam
1158 1843 1196 1866 se
1209 1829 1440 1880 opposuerit,
1453 1830 1509 1866 vel
1523 1829 1712 1879 aliquibus

139 1930 141 1932 v
179 1887 298 1925 eidem
326 1901 364 1925 se
390 1888 666 1938 opponentibus
694 1888 922 1926 consenserit
947 1888 1025 1925 ullo
1052 1888 1184 1925 modo-
1203 1888 1267 1925 sed
1290 1888 1391 1938 quod
1415 1887 1511 1924 idem
1537 1887 1712 1924 (lominus

180 1945 294 1983 abbas
307 1950 483 1996 tanquam
499 1946 600 1997 pacis
613 1951 780 1990 sectator,
791 1947 1089 1997 praecipuusque
1102 1947 1262 1984 caritatis
1277 1951 1430 1992 amator⁷
1439 1959 1549 1996 quem
1565 1958 1711 1982 morum

182 2003 371 2050 honestas,
385 2004 482 2041 vitae
500 2005 617 2042 virtus
635 2010 670 2042 et
688 2005 806 2042 famae
825 2005 1014 2055 integritas
1033 2005 1132 2055 apud
1151 2018 1278 2042 omnes
1298 2005 1501 2054 plurimum
1521 2017 1711 2041 commen—

180 2062 334 2108 dabant,
347 2062 527 2108 doluerit,
542 2069 578 2100 et
590 2064 802 2114 patiebatur
816 2064 845 2101 si
860 2077 954 2115 quos
973 2063 1030 2100 sui
1046 2064 1333 2114 praedecessoris
1349 2063 1527 2114 praedicti
1546 2062 1710 2100 aemulos

180 2125 242 2158 aut
260 2121 341 2171 paci
361 2121 566 2159 contrarios
584 2122 776 2159 sentiebat.

219 2238 225 2254 ¹
248 2238 401 2265 Guillaume
415 2238 628 2274 Cordewaeghen
643 2238 755 2266 suecc'da
769 2247 870 2266 comme
884 2239 952 2266 abbe
965 2239 997 2266 de
1012 2239 1118 2266 Tliosan
1133 2238 1147 2265 a
1161 2239 1314 2265 Guillnume
1326 2238 1359 2265 de
1374 2239 1493 2265 numme.

881 2329 980 2340 <oo-—
