2184 3074
426 340 474 378 60
977 333 1136 371 CODEX
1163 331 1408 370 DUNENSIS.

428 453 467 490 in
486 466 562 503 quo
581 452 728 489 dicebat
749 450 902 487 domum
930 448 1019 485 dicti
1046 447 1214 486 Nicholai
1239 447 1310 484 sibi
1334 460 1412 485 esse
1431 447 1649 497 obligatam,
1675 452 1712 485 et
1735 449 1838 499 quod
1865 449 1961 486 dicta

428 511 570 549 Martha
589 509 760 561 promisit
774 513 810 545 et
823 507 1058 556 fidejussores
1072 506 1175 542 dedit
1191 510 1286 542 stare
1300 505 1377 554 juri
1397 518 1520 542 coram
1540 505 1592 542 eis
1610 519 1723 556 super
1739 506 1964 557 pandatione

429 583 542 620 quam
566 568 644 605 fieri
667 580 733 617 per
757 579 818 603 eos
839 565 1004 615 petebat7
1026 568 1062 600 et
1087 563 1132 600 ad
1159 563 1324 612 ejusdem
1353 563 1516 600 Marthae
1545 563 1756 600 instantiam
1784 564 1962 615 praedicti

430 627 572 665 scabini
602 631 638 663 et
667 624 818 675 laycalis
845 623 989 673 justitia
1019 623 1065 659 de
1095 623 1189 659 Dam
1223 621 1489 672 pandationem
1520 622 1566 658 de
1591 635 1665 672 qua
1691 623 1734 660 fit
1759 624 1899 661 mentio
1925 624 1964 661 in

415 677 608 736 'petitione
626 683 761 735 prioris
775 683 908 732 judicii
928 686 1055 718 contra
1073 681 1216 718 dictum
1235 676 1456 719 Nicholaum
1477 682 1654 719 fecerunt.

479 743 558 790 Qua
578 741 803 792 pandatione
822 741 933 786 sacta,
951 740 1072 776 dictus
1090 739 1292 776 Nicholaus
1311 744 1538 790 conquestus
1553 740 1624 777 suit
1635 741 1735 791 apud
1750 741 1869 779 dictos
1883 742 1965 791 lay-

431 801 546 837 calem
565 799 748 848 justitiam
767 803 803 835 et
819 798 991 835 scabinos
1007 797 1110 848 quod
1129 797 1226 834 dicta
1246 797 1423 848 pandatio
1441 802 1519 835 erat
1536 798 1692 847 injusta,
1711 803 1747 836 et
1764 813 1877 851 super
1894 799 1965 837 hoc

431 857 535 904 petiit
554 862 589 893 et
606 855 830 907 supplicavit
846 856 892 892 ad
910 855 967 892 sui
986 855 1238 892 defensionem
1265 859 1393 892 eontra
1415 855 1553 892 dictam
1572 856 1836 906 pandationem
1859 857 1964 894 citari

431 928 495 952 seu
526 915 712 964 adjornari
743 914 879 950 dictam
906 914 1088 950 Martham
1116 913 1162 950 ad
1189 913 1468 964 procedendum
1495 927 1619 951 coram
1649 915 1701 952 eis
1730 928 1843 966 super
1868 915 1966 952 dicta

431 974 655 1025 pandatione
670 968 782 1024 quam
797 973 944 1009 dicebat
959 977 994 1009 et
1011 973 1133 1010 dicere
1151 972 1367 1009 intendebat
1388 977 1515 1010 contra
1534 973 1671 1010 dictam
1692 973 1873 1010 Martham
1889 986 1967 1011 esse

432 1032 619 1081 injustam.

479 1090 560 1136 Qua
575 1089 753 1139 petitione
770 1087 907 1133 audita,
925 1087 1014 1124 dicti
1033 1088 1175 1125 scabini
1195 1093 1230 1125 et
1242 1088 1386 1138 justitia
1404 1088 1581 1125 dixerunt
1595 1102 1639 1126 ex
1656 1102 1764 1126 causa
1778 1089 1967 1140 praedicta

431 1147 569 1184 dictam
587 1146 768 1183 Martham
786 1159 894 1196 posse
911 1150 947 1182 et
963 1146 1098 1183 debere
1115 1147 1304 1196 adjornari
1321 1160 1445 1183 coram
1461 1147 1512 1184 eis
1528 1151 1655 1184 contra
1670 1147 1812 1185 dictum
1827 1147 1968 1186 Nicho-

431 1206 532 1242 laum
549 1218 661 1254 super
681 1204 906 1254 pandatione
927 1204 1134 1254 praedicta,
1153 1209 1189 1241 et
1210 1205 1327 1255 ipsam
1349 1204 1486 1256 debere
1506 1217 1631 1242 coram
1656 1205 1748 1255 ipsis
1767 1205 1969 1256 procedere

432 1277 543 1314 super
564 1264 662 1299 dicta
688 1263 927 1313 pandatione,
949 1263 1154 1299 secundum
1179 1263 1297 1313 legem
1322 1262 1431 1300 villae
1456 1263 1502 1300 de
1529 1263 1644 1309 Dam,
1671 1268 1708 1300 et
1733 1263 1805 1301 hoc
1832 1265 1969 1311 facere,

433 1323 629 1359 decernere
647 1326 683 1358 et
695 1321 865 1370 judicare
882 1326 1086 1371 potuerunt
1103 1322 1309 1358 secundum
1327 1322 1430 1372 quod
1457 1322 1647 1359 decretum
1676 1323 1798 1360 extitit
1824 1337 1891 1374 per
1906 1335 1968 1360 eos

434 1394 500 1432 per
518 1381 634 1431 legem
656 1380 765 1416 villae
783 1380 829 1416 de
849 1381 942 1417 Dam
965 1381 1173 1430 praedictae
1191 1381 1237 1417 ad
1255 1381 1468 1418 instantiam
1488 1381 1576 1418 dicti
1597 1381 1766 1419 Nicholai
1784 1395 1822 1419 se
1839 1382 1970 1419 defen-

434 1439 555 1476 dentis
570 1440 608 1476 in
623 1439 848 1490 pandatione
862 1440 1067 1490 praedicta,
1089 1454 1174 1477 cum
1188 1441 1357 1490 partibus
1372 1441 1531 1477 evocatis
1546 1441 1735 1490 negotium
1754 1440 1969 1490 hujusmodi

435 1498 582 1536 tractari
597 1498 747 1534 deberet
760 1503 796 1535 et
811 1498 921 1535 etiam
938 1499 1086 1549 agitari,
1101 1504 1137 1536 et
1151 1500 1351 1550 praemissa
1365 1501 1534 1536 fecerunt
1548 1499 1753 1536 secundum
1764 1500 1838 1550 jus,
1854 1500 1971 1551 legem

437 1562 472 1594 et
489 1556 796 1593 consuetudinem
811 1557 919 1594 villae
933 1558 979 1594 de
992 1559 1106 1605 Dam,
1122 1563 1158 1595 et
1175 1572 1249 1595 non
1267 1559 1459 1595 occasione
1477 1558 1552 1595 litis
1570 1562 1606 1595 et
1620 1571 1751 1596 causae
1766 1572 1861 1610 quae
1875 1559 1973 1596 inter

435 1620 556 1666 partes
571 1617 777 1667 praedictas
793 1617 830 1653 in
847 1618 948 1654 curia
961 1619 1183 1655 Tornacensi
1199 1619 1430 1655 vertebatur:
1446 1631 1562 1668 quare
1576 1622 1708 1668 petunt
1721 1618 1810 1656 dicti
1830 1619 1971 1656 scabini

437 1678 472 1710 et
492 1675 642 1724 laycalis
660 1675 804 1724 justitia
827 1676 872 1712 de
890 1676 983 1712 Dam
1003 1677 1140 1713 dictam
1159 1677 1379 1714 sententiam
1399 1681 1526 1713 contra
1540 1676 1624 1713 illos
1638 1677 1750 1713 latam
1771 1676 1973 1723 infirmari,

437 1736 473 1769 et
491 1746 587 1782 quae
609 1733 756 1770 infacto
779 1734 986 1771 consistunt
1005 1735 1061 1771 vel
1084 1735 1186 1785 quod
1207 1735 1368 1772 sufficiat
1385 1736 1432 1771 de
1453 1734 1612 1781 eisdem,
1633 1734 1796 1772 offerunt
1821 1748 1860 1772 se
1882 1734 1972 1772 dicti

437 1792 579 1829 scabini
594 1797 630 1829 et
643 1793 793 1842 laycalis
806 1794 949 1842 justitia
963 1794 1072 1831 villae
1086 1795 1132 1831 de
1144 1796 1238 1832 Dam
1258 1795 1421 1845 legitime
1435 1795 1643 1845 probaturi,
1660 1799 1696 1831 et
1708 1799 1842 1845 petunt
1855 1808 1894 1832 se
1907 1807 1975 1845 per

438 1851 662 1888 beneficium
682 1852 940 1901 appellationis
959 1853 1004 1888 ad
1024 1853 1260 1903 probandum
1283 1853 1443 1890 admitti.

485 1909 622 1946 Datum
646 1923 744 1946 anno
764 1910 916 1947 Domini
940 1911 1007 1957 ΜΟ,
1033 1916 1099 1948 etc,
1124 1912 1257 1948 Actum
1281 1925 1347 1961 per
1372 1911 1545 1948 dominos
1570 1910 1783 1948 Guidonem
1812 1911 1858 1948 de
1875 1911 1974 1961 Boy,

438 1967 617 2004 Rufinum
637 1972 672 2004 et
689 1967 907 2018 magistrum
925 1968 987 2006 W.
1008 1968 1053 2005 de
1072 1969 1288 2007 Valencenis
1307 1969 1504 2006 advocatos
1528 1981 1595 2019 pro
1619 1969 1728 2006 dictis
1752 1969 1912 2007 scabinis
1941 1973 1977 2006 et

440 2025 570 2074 laycali
589 2025 743 2074 justitia.

489 2084 546 2120 Ad
563 2098 658 2134 quae
676 2085 876 2135 respondet
894 2086 1081 2123 Gerardus
1099 2086 1145 2123 de
1163 2087 1307 2124 Bruaco
1326 2087 1482 2123 clericus
1502 2090 1723 2137 procurator
1740 2086 1861 2123 dictae
1878 2087 1977 2124 Mar-

442 2141 542 2187 thae,
559 2147 601 2178 ut
619 2142 741 2192 prius,
759 2143 862 2193 quod
879 2143 1020 2180 dictum
1041 2144 1177 2181 sactum
1189 2174 1198 2190 ,
1217 2149 1329 2195 prout
1347 2149 1402 2182 est
1423 2144 1656 2195 propositum
1681 2149 1717 2180 et
1735 2149 1924 2182 narratum
1942 2150 1979 2182 et

442 2198 488 2234 ad
504 2199 614 2235 finem
630 2200 800 2250 adrquem
815 2206 870 2238 est
884 2202 1132 2252 propositum,
1148 2216 1223 2239 non
1237 2203 1345 2249 valet,
1361 2216 1428 2239 nec
1445 2207 1500 2239 est
1517 2203 1803 2240 admittendum.
1822 2202 1869 2240 Et
1886 2203 1976 2240 seria

444 2262 574 2307 quarta
592 2263 675 2308 post
693 2260 825 2297 festum
845 2261 946 2297 Beati
967 2262 1160 2298 Barnabae
1177 2262 1333 2312 apostoli
1353 2266 1407 2299 est
1423 2261 1502 2299 dies
1523 2261 1707 2311 assignata
1731 2261 1838 2299 dictis
1862 2261 1979 2311 parti-

443 2315 514 2352 bus
539 2316 585 2352 ad
612 2316 937 2368 interloquendum
969 2324 1095 2356 utrum
1120 2320 1262 2357 dictum
1293 2322 1430 2357 factum
1461 2321 1509 2357 sit
1533 2320 1821 2366 admittendum,
1849 2327 1979 2367 necne,

445 2373 554 2411 salvis
573 2374 779 2413 rationibus
798 2376 917 2413 dictae
935 2377 1108 2415 Marthae.
1127 2379 1173 2415 Et
1191 2378 1272 2415 talis
1291 2378 1362 2415 fuit
1381 2383 1600 2429 procurator
1617 2377 1732 2429 partis
1751 2377 1936 2420 adversae.

1198 2487 1206 2495 0
