2184 3074
461 274 532 311 218
1010 273 1171 310 CODEX
1198 271 1444 310 DUNENSIS.

1143 445 1320 485 CXXXV.

508 566 560 602 Le
583 567 715 601 maitre
737 570 769 600 ει
794 564 843 600 les
868 563 987 613 freres
1005 563 1048 600 de
1068 563 1105 600 la
1123 564 1266 600 maison
1287 563 1348 600 des
1372 562 1525 612 le'preuae
1541 563 1584 600 de
1601 564 1746 614 Bruyes
1762 564 1947 601 declarent

593 635 661 673 que
678 622 826 659 Nicolcw
844 621 1140 671 d'Ardembourq
1163 622 1254 658 n'est
1265 623 1372 670 point
1388 623 1515 659 alleim
1531 621 1575 660 de
1591 628 1674 660 cette
1691 623 1862 660 maladie.

509 815 695 852 Universis
714 820 923 865 praesentes
941 814 1079 851 litteras
1095 814 1316 865 inspecturis
1334 815 1508 865 magister
1521 819 1556 852 et
1573 815 1702 852 fratres
1719 814 1853 852 domus
1871 814 1994 864 lepro-

456 885 582 910 sorum
602 872 648 909 de
666 873 801 923 Brugis
819 873 973 909 salutem
994 872 1030 909 in
1050 873 1214 910 Domino
1237 873 1513 923 sempiternam.

505 931 658 967 Noverit
685 931 904 968 universitas
929 935 1048 968 vestra
1075 932 1178 982 quod
1205 945 1272 969 nos
1298 943 1410 982 super
1429 932 1628 969 infectione
1652 931 1776 982 leprae
1797 930 1994 980 diligenter

454 990 701 1039 inspeximus,
719 982 964 1026 articular'iter
982 994 1018 1027 et
1042 988 1305 1037 membratim,
1316 995 1440 1027 nostra
1459 989 1733 1027 examinatione
1746 989 1888 1038 jurata,
1916 989 1992 1026 fra—

454 1052 545 1084 trem
566 1047 784 1085 Nicholaum
803 1048 850 1084 de
867 1048 1148 1099 Ardembourg,
1174 1049 1419 1095 monachum,
1442 1062 1554 1100 quem
1579 1061 1716 1099 purum
1740 1061 1782 1085 ac
1806 1047 1990 1085 mundum

454 1107 500 1143 ab
515 1106 618 1143 omni
638 1107 760 1157 leprae
774 1107 946 1157 contagio
961 1107 1140 1144 veraciter
1153 1107 1366 1157 judicamus
1377 1137 1386 1154 ,
1402 1107 1505 1158 quod
1519 1107 1695 1144 omnibus
1709 1111 1745 1144 et
1757 1107 1814 1144 sui
1828 1119 1990 1157 quorum

456 1169 607 1204 interest
624 1170 751 1202 tenore
769 1165 1019 1215 praesentium
1039 1165 1274 1211 intimamus,
1289 1170 1355 1202 ete.

1162 1289 1278 1299 -οοσ-

1125 1430 1316 1468 CXXXVI.

452 1553 692 1603 lndulqences
709 1551 895 1589 accorde'es
909 1563 987 1600 par
1004 1550 1160 1600 l’e'veque
1177 1550 1221 1586 de
1239 1550 1456 1586 Te'rouanne
1474 1549 1497 1585 ἁ
1514 1561 1606 1585 ceuae
1623 1549 1689 1598 qm·
1704 1546 1988 1592 contribuerant,

619 1625 696 1661 par
713 1612 811 1648 leurs
829 1612 1019 1655 ammones,
1040 1610 1063 1646 ἁ
1082 1609 1118 1646 la
1137 1609 1381 1646 construction
1399 1608 1442 1645 de
1460 1607 1594 1657 l'e'qlise
1612 1606 1674 1644 des
1688 1607 1824 1643 Dunes.

505 1805 692 1843 Universis
708 1804 843 1842 Christi
859 1804 1033 1841 fidelibus
1052 1808 1260 1854 praesentes
1280 1803 1417 1839 litteras
1437 1801 1658 1852 inspecturis
1676 1801 1719 1838 R.
1738 1799 1989 1838 misericordia

453 1863 579 1900 divina
597 1863 817 1900 Morinensis
835 1863 1030 1913 episcopus
1050 1865 1057 1882 ¹
1078 1862 1233 1899 salutem
1255 1862 1293 1897 in
1312 1861 1481 1898 omnium
1503 1859 1702 1896 Salvatore.

503 1923 596 1959 Cum
612 1921 705 1958 ordo
723 1921 990 1967 Cisterciensis,
1009 1925 1186 1970 tanquam
1206 1919 1364 1970 speciale
1387 1918 1580 1970 speculum
1599 1916 1789 1967 religionis
1803 1921 1839 1953 et
1851 1916 1989 1953 sancti-

452 1982 550 2027 tatis,
565 1981 828 2031 exemplarque
846 1980 1076 2030 praeclarum
1094 1984 1240 2016 sanctae
1254 1977 1504 2029 perfectionis,
1520 1978 1559 2014 in
1573 1976 1725 2013 ecclesia
1738 1975 1806 2012 Dei
1821 1979 1989 2025 patenter

451 2039 636 2089 effulgeat,
657 2043 759 2075 tanto
779 2038 810 2074 ei
840 2038 1029 2075 liberalius
1051 2038 1089 2074 in
1109 2038 1185 2075 suis
1211 2043 1265 2074 est
1282 2036 1456 2088 precibus
1475 2040 1510 2072 ct
1529 2033 1807 2071 necessitatibus
1833 2045 1987 2070 succur-

451 2098 627 2144 rendum,
646 2102 787 2147 quanto
807 2097 885 2147 ipse
904 2097 1183 2134 necessitatibus
1204 2097 1363 2133 aliorum
1384 2093 1616 2146 propensiori
1641 2092 1802 2129 caritatis
1821 2091 1988 2142 largitate

450 2156 657 2192 dinoscitur
674 2156 892 2201 subvenire,
911 2160 945 2192 et
968 2156 1144 2206 quoniam
1158 2184 1167 2201 ,
1193 2160 1235 2192 ut
1253 2156 1303 2192 ait
1322 2154 1530 2205 apostolus,
1557 2164 1686 2189 omnes
1707 2150 1887 2188 stabimus
1904 2155 1988 2187 ante

451 2214 615 2250 tribunal
634 2214 768 2251 Christi
795 2214 976 2265 recepturi
1003 2218 1116 2264 prout
1142 2214 1178 2250 in
1206 2226 1361 2263 corpore
1388 2212 1584 2262 gessimus,
1610 2210 1687 2248 sive
1713 2210 1854 2246 bonum
1876 2208 1988 2245 suerit

491 2342 498 2355 ¹
525 2341 608 2366 Raoul
632 2341 664 2367 de
684 2341 789 2374 Cholle,
813 2341 913 2376 <aveque
936 2342 969 2367 dc
989 2341 1164 2374 Te'rouanne,
1189 2342 1222 2367 de
1246 2341 1318 2367 1252
1337 2340 1352 2366 Ξι
1376 2339 1454 2366 1262.
1477 2338 1587 2373 L’eglise
1608 2338 1655 2364 des
1675 2338 1766 2363 Dunes
1788 2336 1828 2362 l'ut
1847 2334 1940 2361 dedice
1964 2333 1988 2359 le

454 2390 485 2416 15
502 2390 610 2416 octobre
626 2389 708 2416 ¹262.
