2184 3074
738 278 899 318 conEx
926 279 1168 319 DUNENSIS.
1648 288 1719 326 575

190 399 285 433 statu
298 401 420 434 vestro
433 401 469 433 et
482 396 616 434 Terrae
623 396 778 435 Sanctae
792 397 1019 444 rumoribus,
1033 397 1176 436 utinam
1190 412 1257 449 per
1270 399 1335 437 Dei
1350 401 1505 451 gratiam
1520 404 1717 454 prosperis,

188 455 395 492 nosvvelitis
406 455 538 493 vestris
555 455 686 493 litteris
703 455 876 493 certiores
895 456 1065 503 reddere,
1085 457 1258 508 quotiens
1275 458 1382 496 vobis
1402 459 1557 498 facultas
1574 461 1719 499 affuerit

189 512 426 559 nuntiorum,
453 513 710 551 remandantes
738 513 846 551 nobis
870 514 900 551 si
921 527 996 564 qua
1021 514 1128 552 vobis
1150 515 1251 566 apud
1278 529 1346 554 nos
1369 517 1558 567 placeant,
1577 531 1718 570 nosque

187 576 334 622 paratae
351 572 490 610 erimus
507 586 548 610 ea
566 585 635 624 pro
653 572 797 611 viribus
814 573 959 610 effectui
979 574 1206 625 mancipem.

895 704 1011 714 4-

874 854 1025 892 CCLlll.

551 970 668 1006 heure
689 969 836 1007 relative
859 970 881 1006 ἀ
904 969 942 1007 la
960 970 1064 1019 prise
1089 970 1133 1007 de
1153 971 1294 1009 Lucere
1322 976 1341 1008 ·.

229 1175 488 1225 Significamus
507 1174 611 1211 vobis
628 1174 672 1211 ad
691 1174 869 1226 gaudium
887 1175 990 1226 quod
1016 1189 1100 1213 eum
1122 1177 1250 1214 civitas
1276 1177 1493 1215 Liceriensis
1506 1207 1515 1223 ,
1534 1178 1707 1217 innume-

181 1246 265 1271 roso
277 1234 565 1270 Sarracenorum
584 1233 691 1284 plena
707 1233 847 1284 populo
858 1238 894 1270 et
909 1233 983 1271 situ
1001 1234 1214 1274 fortissima,
1225 1235 1302 1285 jam
1317 1235 1394 1281 diu,
1408 1236 1514 1287 quasi
1530 1237 1567 1274 in
1585 1237 1706 1275 medio

180 1291 282 1342 regni
314 1290 610 1328 Christianorum
642 1292 871 1343 contagium,
899 1296 1026 1330 contra
1061 1292 1286 1343 majestatem
1320 1294 1456 1344 regiam
1482 1295 1704 1334 rebellasset.

178 1353 300 1386 coacta
320 1353 443 1386 tamen
461 1353 497 1385 et
516 1353 614 1385 arcta
633 1348 828 1386 obsidione
846 1349 977 1400 regalis
995 1350 1177 1387 exercitus
1195 1351 1259 1402 qui
1282 1351 1380 1402 ipsos
1404 1352 1623 1390 Sarracenos
1645 1354 1706 1391 die

176 1406 343 1459 qualibet
361 1407 398 1444 in
414 1420 477 1444 ore
493 1406 606 1457 gladii
625 1406 850 1452 trucidabat,
870 1408 1040 1458 fameque
1059 1408 1296 1445 intollerabili
1316 1409 1498 1456 lacessita,
1518 1410 1652 1448 ictibus
1670 1417 1705 1448 et

177 1465 280 1503 duris
306 1465 508 1503 insultibus
535 1465 749 1516 saepissime
775 1465 942 1516 fatigata,
964 1471 1160 1517 postquam
1185 1467 1279 1503 ultra
1305 1471 1430 1504 eontra
1459 1468 1577 1505 Deum
1609 1468 1703 1519 regis

177 1524 338 1561 furorem
366 1536 405 1561 sc
434 1528 558 1560 tenere
587 1536 661 1561 non
691 1523 845 1569 valeret,
875 1537 942 1561 nec
969 1523 1078 1561 etiam
1109 1524 1268 1575 effugere
1294 1538 1425 1562 manus
1453 1538 1553 1572 suas,
1575 1539 1702 1563 omnes

175 1581 364 1620 Sarraceni
387 1581 544 1619 civitatis
564 1581 787 1632 praedictae,
807 1586 922 1618 terrae
940 1582 1128 1633 prostrati,
1147 1596 1231 1620 cum
1251 1583 1419 1633 corrigiis
1443 1584 1489 1620 ad
1509 1585 1664 1630 collum,
1682 1599 1701 1621 a

175 1641 360 1690 maiestate
379 1640 478 1691 regia
494 1640 753 1677 tantummodo
766 1641 879 1677 vitam
895 1654 940 1677 ex
955 1641 1030 1678 sola
1046 1641 1162 1692 ipsius
1180 1642 1432 1679 misericordia
1448 1642 1701 1693 implorantes,

175 1699 237 1736 tali
257 1699 317 1736 die
337 1712 376 1736 se
399 1712 467 1748 pro
492 1698 606 1736 servis
624 1703 902 1750 supposuerunt
927 1698 1015 1736 dieti
1043 1699 1185 1736 domini
1205 1699 1301 1749 regis
1324 1700 1479 1737 omnino
1502 1701 1701 1741 voluntati.

175 1758 352 1795 tradendo
382 1758 414 1794 ei
441 1757 712 1804 Conradinum,
733 1758 798 1808 qui
827 1757 922 1808 regis
947 1757 1106 1794 Conradi
1134 1758 1253 1795 lilium
1278 1771 1316 1796 se
1338 1758 1480 1804 asserit,
1498 1772 1610 1809 quem
1630 1759 1700 1796 sibi

173 1817 368 1854 dominum
383 1821 608 1868 reputarant,
623 1829 695 1854 una
714 1829 798 1854 cum
815 1817 931 1868 ipsius
943 1817 1102 1853 Conradi
1118 1821 1244 1863 matre,
1256 1817 1404 1854 fratrem
1420 1817 1699 1854 Raminl'redum

174 1876 451 1927 Hospitalorum
474 1875 703 1913 obstinacem
719 1875 869 1912 illorum
884 1880 1063 1913 rectorem
1082 1888 1124 1912 ac
1138 1875 1322 1912 caecitatis
1339 1875 1489 1921 ducem,
1508 1888 1650 1912 necnon
1666 1882 1701 1912 et

173 1947 301 1971 omnes
324 1933 415 1971 alios
439 1933 647 1984 proditores
671 1937 707 1970 et
728 1946 856 1971 omnes
887 1933 997 1971 salsos
1027 1933 1247 1970 christianos
1266 1946 1350 1970 cum
1378 1933 1466 1983 ipsis
1488 1933 1697 1977 existentes,

172 1991 320 2037 ultimo,
338 1995 380 2030 ut
404 1991 585 2031 creditur,
612 1990 797 2042 supplicio
822 2004 890 2041 pro
915 1991 1004 2028 dicti
1031 1991 1175 2027 domini
1200 1991 1294 2042 regis
1325 1990 1479 2028 arbitrio
1503 1991 1696 2028 feriendos.

174 2049 362 2086 Praeterea
380 2049 426 2086 de
445 2049 550 2086 novis
568 2049 726 2099 Syciliae
749 2049 855 2086 vobis
879 2049 1050 2086 intimare
1075 2049 1246 2086 volumus
1266 2049 1367 2099 quod
1386 2061 1470 2085 cum
1491 2049 1697 2099 proditores

171 2107 368 2144 existentes
395 2107 433 2144 in
463 2107 678 2158 Agrigento,
699 2113 817 2144 castro
841 2108 1060 2152 fortissimo,
1079 2120 1198 2158 usque
1216 2107 1253 2143 in
1273 2106 1458 2143 territorio
1481 2106 1696 2143 Pannormi.

173 2179 274 2203 more
300 2166 530 2216 praedonum
554 2166 819 2211 discurrerent,
838 2165 991 2216 quidam
1012 2165 1261 2202 provinciales
1282 2164 1479 2201 existentes
1498 2165 1534 2201 in
1550 2165 1698 2202 Castro—

207 2294 214 2307 ¹
237 2293 311 2318 Cettc
324 2294 401 2319 lettre
413 2293 452 2319 lut
463 2293 664 2328 probablement
675 2293 756 2320 ecrite
768 2293 781 2319 a
797 2294 820 2320 la
834 2303 906 2320 com—
958 2294 996 2319 De
1016 2295 1088 2319 rebus
1108 2296 1136 2319 ιή
1162 2293 1243 2319 Halia
1261 2295 1358 2328 yonis,
1383 2294 1489 2328 publice
1507 2302 1540 2319 en
1562 2293 1632 2320 ¹856
1648 2302 1696 2328 pm·

169 2342 236 2364 lesse
251 2338 285 2364 de
307 2338 420 2365 Flandrc
434 2346 483 2373 par
496 2347 542 2366 son
558 2339 676 2373 petit-[ils
692 2339 791 2365 Robert
808 2340 841 2365 «lc
861 2339 906 2366 Be-
958 2340 990 2366 Μ.
1006 2338 1295 2371 'initiamur-§honen
1309 2348 1335 2374 p.
1351 2339 1414 2366 2⁰8.

169 2383 261 2411 thuna.
275 2384 327 2411 Sur
338 2385 362 2411 la
374 2385 446 2419 prise
455 2385 488 2411 de
500 2385 600 2412 Lucet-a
608 2405 615 2417 ‚
627 2393 710 2420 voyez
723 2386 748 2412 la
759 2385 907 2420 chronique
