2184 3074
451 370 498 406 70
1001 363 1162 401 CODEX
1190 362 1437 401 DUNENSIS.

500 486 589 522 ltem
614 483 704 534 quid
725 481 820 531 juris
845 481 891 516 de
915 479 1077 530 praelato
1099 491 1227 515 eorum
1251 479 1316 528 qui
1342 479 1549 529 ignorantia
1571 481 1668 529 juris
1693 486 1728 517 et
1749 481 1985 532 simplicitate

450 550 484 580 et
503 541 710 579 innocentia
730 538 916 576 consensit
933 538 1062 574 fratres
1089 537 1126 573 in
1152 536 1367 586 hujusmodi
1393 538 1556 588 grangiis
1579 538 1706 575 divina
1730 538 1929 584 celebrare,
1948 543 1983 576 et

447 602 595 639 videtur
619 598 720 650 quod
748 597 806 634 isti
832 609 908 632 non
932 599 1165 640 excusentur,
1190 595 1253 632 sed
1278 595 1585 645 irregularitatem
1620 596 1816 634 incurrunt
1839 602 1875 634 et
1900 611 1983 635 sus-

452 660 682 712 pensionem,
701 655 880 705 quoniam
902 653 1095 689 violatores
1116 652 1301 689 interdicti
1322 653 1402 703 ipso
1420 653 1505 702 jure
1523 654 1618 691 fiunt
1641 655 1810 706 suspensi
1833 660 1868 693 et
1892 656 1984 692 irre-

449 719 610 768 gulares,
636 714 698 751 sed
730 712 788 749 isti
814 711 1046 748 violaverunt
1073 710 1310 746 interdictum
1339 710 1562 748 celebrando
1591 712 1719 750 divina
1749 714 1788 750 in
1821 715 1983 766 grangiis

449 774 664 813 interdictis.
679 772 783 816 Nam,
799 783 884 806 cum
900 769 1135 805 interdicitur
1151 768 1268 814 locus,
1287 768 1403 804 nichil
1420 769 1522 806 aliud
1537 775 1591 807 est
1603 771 1725 809 dicere
1739 786 1851 823 quam
1868 773 1983 810 inter-

447 835 567 870 dicere
581 830 722 868 clericis
738 843 782 865 ne
798 829 848 864 ibi
864 827 1051 864 celebrent
1065 827 1120 862 vel
1135 826 1211 862 divi
1217 839 1262 862 na
1276 827 1487 864 ministrent
1500 835 1727 867 sacramenta
1745 832 1980 869 conserendo.
2000 849 2007 852 ·

449 893 574 939 Potius
589 890 687 926 enim
702 887 849 923 videtur
862 885 1101 922 interdictum
1122 886 1259 921 factum
1281 885 1498 924 hominibus
1512 901 1624 938 quam
1641 889 1733 926 loco.
1749 890 1868 928 Locus
1881 890 1981 927 enim

449 957 621 1000 tanquam
655 960 711 984 res
742 945 943 982 inanimata
975 957 1042 980 nec
1071 943 1298 990 officiorum,
1325 957 1392 981 nec
1421 951 1737 984 sacramentorum
1767 953 1822 986 est
1848 962 1982 1000 capu,

449 1023 533 1047 cum
569 1008 710 1044 ratione
745 1010 779 1042 et
816 1004 1005 1040 intellectu
1040 1008 1176 1049 eareat,
1211 1017 1278 1040 nec
1308 1009 1429 1053 potest
1451 1004 1685 1056 delinquere,
1709 1020 1777 1044 nec
1805 1007 1982 1045 obediens

449 1069 504 1105 vel
533 1065 750 1103 inobediens
778 1062 958 1113 reputari,
984 1062 1072 1112 quia
1101 1075 1168 1098 nec
1195 1076 1251 1099 res
1277 1063 1438 1100 animata
1461 1065 1570 1101 etiam
1589 1078 1700 1102 sensu
1721 1079 1864 1114 carens,
1887 1079 1983 1116 quae

448 1128 590 1164 ratione
615 1124 738 1161 delicti
762 1122 836 1168 sui,
863 1135 931 1158 nec
953 1120 1147 1171 suspendi,
1171 1134 1238 1158 nec
1264 1122 1433 1158 interdici
1460 1127 1591 1173 potest.
1615 1123 1708 1160 Cum
1734 1124 1850 1174 igitur
1871 1125 1978 1162 dico:

448 1183 628 1221 interdico
653 1182 761 1218 talem
786 1181 926 1226 locum,
946 1179 1015 1215 hoc
1033 1183 1087 1216 est
1104 1179 1249 1215 dicere:
1271 1180 1453 1217 interdico
1474 1194 1520 1217 ne
1538 1182 1622 1232 quis
1639 1182 1678 1218 in
1698 1183 1759 1219 tali
1783 1184 1865 1220 loco
1885 1185 1982 1221 cele-

447 1244 545 1287 bret,
574 1240 711 1278 ideo-si
738 1239 822 1289 quis
850 1238 1138 1283 contravenerit,
1170 1250 1214 1273 ex
1240 1238 1276 1274 vi
1306 1239 1524 1288 prolationis
1553 1239 1665 1289 liujus
1695 1242 1898 1279 sententiae
1928 1247 1982 1280 est

446 1313 646 1351 suspensus
665 1304 700 1335 et
718 1298 940 1348 irregularis.
960 1297 1081 1344 Quare
1098 1297 1246 1333 videtur
1265 1298 1366 1347 quod
1384 1298 1562 1348 praedicti
1581 1299 1710 1336 fratres
1729 1301 1795 1351 qui
1817 1301 1982 1339 celebra-

450 1360 568 1397 verint
585 1360 623 1395 in
641 1356 819 1408 grangiis,
839 1356 913 1392 sint
932 1355 1152 1405 irregulares
1170 1360 1206 1392 et
1223 1356 1410 1406 suspensi,
1426 1370 1493 1393 nec
1508 1357 1716 1407 ignorantia
1737 1363 1888 1396 excusat
1905 1373 1983 1407 eos,

447 1417 624 1471 quoniam
635 1414 850 1466 ignorantia
865 1414 960 1463 juris
977 1427 1044 1450 nec
1063 1414 1353 1464 probabilis-est,
1369 1428 1436 1451 nec
1449 1419 1614 1462 excusat,
1631 1416 1792 1453 maxime
1804 1417 1834 1453 si
1848 1422 1982 1467 potue-

447 1479 521 1515 rint
544 1477 735 1514 consulere
757 1475 965 1525 peritiores,
986 1475 1081 1510 sicut
1101 1473 1186 1523 jura
1205 1474 1354 1520 dicunt,
1372 1479 1407 1511 et
1426 1475 1611 1525 praelatus
1628 1476 1693 1526 qui
1714 1477 1901 1514 consensit
1921 1490 1981 1514 eos

446 1538 630 1575 celebrare
649 1536 687 1572 in
706 1534 796 1572 locis
815 1533 1036 1580 interdictis,
1055 1533 1160 1583 quasi
1180 1533 1224 1570 ad
1245 1533 1457 1571 violandam
1477 1534 1662 1572 interdicti
1682 1537 1900 1573 sententiam
1921 1549 1982 1574 eos

448 1595 654 1640 induxerit,
677 1593 825 1630 videtur
843 1592 951 1629 etiam
972 1591 1422 1629 laesisseecclesiasticam
1451 1593 1659 1630 libertatem
1683 1594 1739 1630 vel
1765 1598 1982 1644 potestatem

447 1660 481 1691 et
499 1655 551 1691 sic
571 1652 768 1689 incurrisse
787 1650 1109 1700 irregularitatem„

496 1714 653 1749 Econtra
672 1710 818 1746 videtur
840 1709 942 1759 quod
969 1708 1184 1757 hujusmodi
1209 1708 1336 1745 fratres
1364 1713 1399 1744 et
1420 1709 1605 1759 praelatus
1622 1723 1751 1747 eorum
1775 1710 1821 1747 de
1842 1711 1982 1761 quibus

447 1770 649 1821 quaeritur,
670 1782 744 1804 non
768 1767 959 1803 incurrant
979 1766 1197 1803 sententiam
1224 1765 1503 1815 irregularitatis
1520 1767 1577 1803 vel
1595 1768 1866 1818 suspensionis,
1885 1783 1983 1820 quo-

448 1829 547 1866 niam
562 1827 591 1864 si
607 1826 948 1863 excommunicatus
963 1825 1105 1875 ingerat
1118 1838 1156 1861 se
1169 1824 1323 1869 divinis,
1343 1824 1649 1875 irregularitatem
1668 1825 1841 1869 incurrit,
1859 1831 1980 1864 tamen

447 1887 476 1924 si
496 1900 533 1923 se
552 1885 757 1922 immisceat
774 1883 911 1919 divinis
932 1896 976 1919 ex
994 1882 1154 1932 simplici
1174 1882 1386 1928 devotione,
1407 1895 1482 1919 non
1497 1896 1564 1933 per
1577 1887 1832 1934 contemptum
1844 1913 1853 1930 ,
1867 1898 1982 1922 excu—

445 1949 547 1982 satur
564 1944 610 1980 ab
629 1941 896 1992 irregularitate
914 1940 1119 1977 secundum
1145 1941 1415 1977 innocentium.
1444 1941 1481 1977 Si
1509 1946 1631 1978 autem
1658 1942 1730 1979 hoc
1756 1943 1890 1980 faceret
1915 1957 1982 1994 per

446 2007 718 2053 contemptum,
746 2006 835 2037 tunc
865 2000 1071 2036 efficeretur
1096 2000 1318 2050 irregularis.
1347 2001 1486 2037 Eodem
1519 2001 1631 2038 modo
1662 2001 1701 2038 in
1732 2015 1820 2039 casu
1854 2007 1980 2040 nostro

447 2062 622 2099 videntur
641 2061 775 2097 debere
798 2058 965 2095 excusari
991 2059 1120 2096 fratres
1142 2059 1245 2109 quod
1263 2072 1331 2109 per
1348 2059 1623 2110 simplicitatem
1647 2064 1683 2097 et
1702 2060 1799 2110 juris
1825 2061 1980 2112 ignoran
2008 2055 2014 2060 ⁴

448 2121 534 2157 tiam
554 2117 819 2156 celebraverint
834 2117 961 2153 divina
978 2116 1016 2152 in
1035 2117 1216 2166 grangiis,
1236 2121 1271 2153 et
1283 2117 1435 2167 praelati
1450 2131 1579 2154 eorum
1593 2118 1658 2168 qui
1678 2132 1744 2168 per
1760 2119 1981 2169 simplicita-

448 2184 519 2215 tem
535 2171 788 2214 consenserint
802 2189 863 2213 eos
877 2176 914 2212 in
930 2175 1003 2213 illis
1017 2175 1212 2212 celebrare.
1228 2177 1307 2212 Hoc
1322 2177 1495 2213 ultimum
1511 2177 1621 2214 credo
1639 2191 1716 2214 esse
1735 2191 1874 2215 verum.
1889 2179 1911 2216 J
1915 2192 1980 2216 ura

448 2250 532 2273 vera
551 2249 645 2286 quae
664 2235 861 2285 imputavit
878 2234 988 2271 alicui
1008 2235 1072 2285 qui
1092 2235 1214 2285 potuit
1228 2236 1420 2272 consulere
1433 2236 1625 2285 peritiores
1639 2240 1675 2272 et
1690 2249 1766 2273 non
1781 2237 1979 2283 consuluit,

448 2294 705 2344 intelliguntur
723 2292 874 2343 quando
893 2293 977 2343 quis
996 2297 1126 2330 tractat
1143 2292 1188 2329 de
1207 2294 1310 2330 lucro
1329 2295 1530 2344 captando,
1548 2294 1650 2345 quod
1670 2308 1744 2331 non
1764 2299 1819 2332 est
1835 2295 1874 2332 in
1893 2308 1980 2332 casu

447 2357 588 2398 nostro,
616 2352 653 2387 in
681 2365 756 2401 quo
786 2352 900 2401 magis
931 2355 1105 2388 tractatur
1132 2351 1177 2388 de
1207 2352 1371 2402 dampno
1398 2352 1568 2399 vitando,
1595 2358 1631 2389 et
1655 2366 1722 2403 per
1747 2366 1978 2404 consequens

447 2414 670 2448 excusantur
683 2423 702 2446 a
716 2410 895 2446 sententia
916 2411 1311 2448 excommunicationis
1331 2425 1396 2461 per
1413 2416 1646 2448 executorem
1666 2412 1737 2448 lata
1756 2416 1883 2448 contra
1902 2425 1977 2449 non

447 2473 632 2506 servantes
651 2468 905 2514 interdictum,
921 2469 1098 2518 quoniam
1115 2469 1176 2506 illa
1191 2470 1371 2506 sententia
1387 2470 1781 2507 excommunicationis
1801 2475 1855 2507 est
1870 2472 1975 2521 quasi
