2184 3074
453 322 523 360 116
1004 317 1166 355 CODEX
1193 314 1441 354 DUNENSlS.

453 452 596 476 nenses.
615 438 688 476 Vos
702 438 748 474 de
762 435 932 475 Valcellis
945 439 1095 472 centum
1111 433 1224 469 libras
1237 431 1481 468 Turonenses.
1501 430 1547 466 Et
1559 442 1607 466 ne
1619 428 1705 479 quis
1718 429 1812 466 sorte
1826 432 1990 465 vestrum

452 511 491 535 se
517 510 692 534 excusare
715 497 834 532 valeat
854 495 901 531 de
925 492 1134 544 ignorantia
1152 490 1444 542 praedictorum,
1462 489 1638 526 volumus
1654 491 1691 524 et
1711 486 1932 524 mandamus
1949 490 1992 523 ut

453 556 492 592 in
512 555 763 592 testimonium
783 552 1002 603 hujusmodi
1021 549 1185 588 mandati
1204 548 1321 586 nostri
1339 561 1360 584 a
1378 547 1486 584 vobis
1503 546 1641 596 recepti
1661 558 1724 582 vos
1743 545 1911 591 abbates,
1928 548 1993 581 aut

451 615 558 652 vobis
577 613 793 652 absentibus
810 612 970 663 priores,
987 615 1052 648 aut
1069 610 1178 647 etiam
1198 607 1378 646 cellerarii
1397 607 1518 657 sigilla
1535 609 1656 643 vestra
1674 617 1837 642 unacum
1865 608 1992 641 nostro

452 672 709 723 praesentibus
736 670 866 707 litteris
891 669 1098 720 apponatis.
1126 667 1283 718 Incipiet
1312 670 1434 703 autem
1467 664 1651 701 terminus
1678 662 1875 700 solutionis
1902 661 1992 701 seria

452 731 556 767 tertia
573 734 657 780 post
673 729 922 778 Quasimodo,
941 728 979 765 in
1000 726 1191 778 quindena
1215 724 1378 762 Paschae
1400 723 1574 760 videlicet
1602 721 1842 772 subsequenti
1869 721 1993 758 domi-

452 789 534 826 nica
553 787 749 824 finiendus.
768 787 814 824 Et
829 799 875 823 ne
890 787 984 823 sorte
998 785 1044 821 ad
1058 796 1232 835 praesens
1248 782 1360 832 hujus
1374 781 1624 832 impositionis
1637 793 1704 817 seu
1717 779 1993 817 distributionis

450 847 684 898 aliquatenus
701 858 767 882 vos
786 849 919 882 terreat
935 848 1034 881 tanta
1054 855 1216 888 summa,
1236 840 1413 878 noveritis
1436 839 1540 890 quod
1566 838 1613 876 ad
1636 843 1777 875 tantam
1803 837 1994 888 quantita-

450 912 522 944 tem
543 918 617 942 non
636 905 759 941 veniet
776 903 992 940 distributio
1009 902 1116 939 annis
1133 898 1449 950 subsequentibus
1468 897 1649 934 facienda.
1681 937 1685 942 ,

1174 1025 1284 1034 -a-o—

1151 1167 1294 1205 LXXX.

586 1287 705 1338 Appel
722 1287 766 1324 de
785 1286 938 1324 Charles
955 1284 1122 1335 d’Anjou
1139 1287 1260 1320 contre
1278 1295 1368 1320 ceux
1386 1283 1452 1333 qui
1469 1282 1676 1331 oppriment
1694 1270 1858 1330 l’E'qlise.

499 1491 557 1527 Ad
577 1491 740 1527 suturam
760 1490 812 1527 rei
831 1491 1049 1527 memoriam
1069 1503 1138 1540 pro
1157 1489 1306 1540 negotio
1323 1487 1426 1538 regni
1446 1486 1603 1524 Ceciliae
1622 1485 1660 1522 in
1679 1497 1836 1535 persona
1856 1483 1994 1520 nobilis

450 1550 519 1587 viri
539 1550 815 1601 Andegavensis
829 1563 871 1587 ac
885 1551 1103 1587 Provinciae
1121 1549 1283 1595 comitiS,
1299 1549 1345 1585 ad
1365 1548 1621 1585 liberationem
1638 1547 1828 1584 Romanae
1845 1549 1882 1582 et
1902 1544 1994 1583 Uni-

449 1609 600 1646 versalis
623 1608 807 1645 Ecclesiae
828 1622 871 1645 ac
888 1613 1023 1646 statum
1043 1608 1129 1645 fidei
1153 1607 1372 1652 catholicae,
1390 1619 1487 1657 quae
1505 1605 1638 1642 diebus
1656 1604 1736 1641 istis
1760 1602 1993 1641 intollerabi-

451 1668 534 1704 liter
559 1668 844 1718 opprimuntur,
876 1669 1021 1705 favente
1045 1668 1201 1705 domino
1231 1666 1506 1717 promovendo,
1530 1663 1786 1702 sanctissimus
1817 1667 1922 1714 pater
1951 1675 1994 1700 ac

450 1726 625 1763 dominus
654 1726 842 1772 Urbanus,
868 1726 935 1763 Dei
960 1725 1215 1777 providentia,
1237 1738 1406 1762 summus
1429 1723 1619 1774 pontifex,
1646 1722 1842 1759 universos
1869 1720 1994 1758 arch'i-

450 1785 661 1835 episcopos,
680 1784 892 1835 episcopos,
912 1785 1080 1831 abbates,
1099 1785 1261 1835 priores,
1281 1783 1441 1820 decanos
1461 1787 1497 1819 et
1515 1781 1606 1818 alios
1626 1781 1866 1818 ecclesiarum
1885 1792 1994 1830 prae-

451 1844 559 1889 latos,
578 1855 725 1880 necnon
749 1843 930 1893 capitula,
950 1843 1103 1893 collegia
1129 1847 1164 1879 et
1181 1846 1404 1886 conventus,
1429 1844 1665 1890 caeterasque
1682 1851 1858 1889 personas
1877 1837 1994 1875 eccle-

450 1901 613 1939 siasticas
634 1901 816 1938 seculares
839 1905 875 1937 et
900 1901 1105 1952 regulares,
1131 1905 1320 1950 exemptas
1345 1904 1381 1936 et
1405 1912 1478 1935 non
1511 1902 1717 1947 exemptas,
1743 1910 1811 1947 per
1836 1909 1992 1947 regnum

450 1959 627 1997 Franciae
645 1972 687 1996 ac
706 1972 772 2009 per
790 1963 904 1996 terras
922 1959 968 1996 ad
984 1959 1149 1996 nobilem
1165 1959 1359 1996 mulierem
1375 1957 1599 1995 comitissam
1618 1956 1647 1992 F
1650 1955 1835 2001 landriae,
1851 1954 1994 1991 ratione

450 2017 608 2055 dominii
627 2018 682 2054 vel
704 2017 899 2054 feodorum
920 2031 1094 2064 suorum,
1113 2018 1151 2054 in
1173 2016 1426 2054 Cameracensi
1448 2020 1484 2052 et
1500 2013 1724 2052 Tornacensi
1748 2012 1993 2062 dyocesibus,

450 2076 695 2128 pertinentes,
721 2090 788 2126 per
812 2076 1030 2113 comitatum
1050 2076 1161 2113 etiam
1182 2075 1399 2116 Provinciae
1418 2079 1453 2111 et
1470 2073 1560 2110 alias
1583 2071 1672 2109 dicti
1694 2071 1840 2109 comitis
1863 2075 1993 2117 terras,

450 2148 680 2185 suorumque
709 2136 938 2172 vassalorum
966 2139 1101 2181 terras,
1128 2148 1274 2172 necnon
1300 2147 1367 2184 per
1392 2132 1698 2183 Lugdunensem,
1724 2129 1994 2176 Viennensem,
2015 2163 2018 2166 Δ

450 2194 729 2239 Tarentensem,
747 2194 1054 2232 Ebredunensem
1074 2199 1110 2231 et
1130 2194 1430 2232 Bisuntinensem
1449 2191 1661 2243 provincias
1687 2190 1906 2227 constitutos
1930 2202 1996 2239 per

450 2265 534 2290 suas
554 2253 691 2289 litteras
710 2253 781 2290 sub
801 2258 899 2290 certa
921 2254 1039 2290 forma
1059 2254 1258 2291 affectuose
1282 2258 1318 2290 et
1344 2251 1567 2289 fiducialiter
1593 2249 1789 2300 requisivit
1811 2253 1853 2285 ut
1874 2248 1995 2285 eidem

450 2310 634 2348 Ecclesiae
652 2311 714 2360 pio
734 2311 999 2362 compatientes
1018 2313 1151 2349 affectu
1170 2312 1353 2349 decimam
1373 2311 1543 2348 omnium
1558 2322 1712 2346 suorum
1727 2307 1995 2345 ecclesiastico-

450 2382 534 2406 rum
554 2374 804 2419 proventuum
824 2371 1015 2420 praedicto
1035 2371 1162 2407 comiti
1178 2376 1351 2421 prompta
1366 2383 1434 2420 per
1447 2368 1651 2406 triennium
1666 2365 1886 2403 liberalitate
1902 2378 1994 2402 con-

451 2427 579 2465 cedere
597 2433 855 2478 procurarent,
875 2443 1018 2479 nosque
1036 2434 1189 2480 propter
1214 2430 1285 2467 hoc
1311 2430 1357 2466 ad
1376 2442 1552 2479 regnum,
1572 2432 1701 2472 terras,
1719 2423 1936 2462 comitatum
1957 2427 1994 2460 et
