2184 3074
748 349 909 388 CODEX
936 349 1176 409 DUNENSlS.
1654 350 1726 387 505

194 468 288 502 teras
308 465 517 503 destinavit.
544 465 700 502 infamia
726 479 814 503 vero
832 471 958 504 contra
979 466 1210 517 Templarios
1234 467 1333 517 ipsos
1359 467 1612 504 crebrescente
1632 467 1725 503 vali·

193 522 279 560 dius
298 536 411 574 super
429 523 629 562 sceleribus
659 524 871 570 antedictis,
890 529 925 562 et
942 524 1030 575 quia
1056 524 1209 575 quidam
1230 525 1364 562 milites
1388 525 1553 574 ejusdem
1580 524 1724 562 ordinis

195 593 320 619 coram
340 582 448 619 nobis
465 586 603 619 secrete
628 581 883 632 deposuerunt
895 582 1008 632 jurati
1027 582 1130 633 quod
1150 583 1187 619 in
1207 583 1416 633 receptione
1441 584 1595 620 fratrum
1615 596 1724 634 prae-

194 639 284 678 dicti
303 640 445 678 ordinis
464 641 554 678 haec
570 640 802 678 con‘suetudo
820 642 877 679 vel
892 641 1014 678 verius
1029 642 1235 692 corruptela
1250 646 1418 679 servatur
1429 641 1550 692 quod,
1566 641 1614 678 ad
1628 643 1723 679 reci-

194 699 330 749 pientis
354 699 646 750 suggestionem,
667 700 732 750 qui
759 700 947 751 recipitur,
967 700 1123 738 ,ihesum
1153 705 1260 750 negat
1281 705 1317 737 et
1340 713 1452 750 super
1476 712 1623 737 crucem
1651 700 1722 737 sibi

193 762 376 795 ostensam
395 757 496 808 spuit
514 757 552 794 in
570 757 798 808 vituperium
817 758 1003 801 crucifixi,
1022 762 1058 794 et
1074 757 1256 808 quaedam
1279 758 1349 794 alia
1377 757 1518 795 faciunt
1540 758 1722 808 recipiens

192 819 228 853 et
251 820 434 867 receptus,
462 829 559 867 quae
583 816 682 853 licita
705 829 780 853 non
801 821 887 853 sunt
910 821 946 853 et
963 816 1116 853 obviant
1137 816 1331 861 honestati,
1351 821 1462 867 prout
1481 817 1572 853 alter
1591 829 1720 853 eorum

192 878 283 911 tunc
309 874 499 912 confessus
522 874 644 911 extitit
661 888 785 912 coram
814 875 940 921 nobis,
959 875 1074 912 vitare
1097 875 1352 925 nequivimus,
1372 879 1525 925 urgente
1540 887 1607 912 nos
1622 875 1667 911 ad
1684 875 1721 911 id

191 933 304 970 officii
323 934 440 971 nostri
460 933 599 980 debito,
617 934 711 984 quin
730 939 784 971 tot
801 939 835 971 et
854 934 964 972 tantis
982 934 1207 971 clamoribus
1230 934 1593 972 accommodaremus
1611 933 1722 971 audi-

191 997 282 1030 tum.
315 992 484 1043 Cumque
512 992 682 1037 demum,
709 993 805 1029 fama
829 992 978 1042 publica
1004 992 1190 1029 deferente
1215 1005 1256 1028 ac
1285 993 1442 1029 clamosa
1471 992 1720 1029 insinuatione

191 1050 280 1088 dicti
299 1050 411 1100 regis,
424 1063 567 1087 necnon
582 1051 738 1094 ducum,
753 1051 931 1087 comitum
947 1055 979 1087 et
997 1050 1179 1087 baronum
1193 1056 1229 1087 et
1243 1050 1400 1087 aliorum
1417 1050 1618 1094 nobilium,
1634 1050 1720 1086 cleri

191 1122 345 1160 quoque
370 1122 412 1146 ac
429 1109 558 1160 populi
579 1109 668 1146 dicti
688 1109 791 1159 regni
810 1109 1037 1146 Francorum
1055 1109 1101 1146 ad
1120 1114 1280 1146 nostram
1302 1113 1453 1159 propter
1472 1108 1541 1145 hoc
1560 1114 1632 1145 tam
1655 1120 1722 1158 per

190 1181 230 1205 se
262 1181 376 1218 quam
408 1181 474 1218 per
503 1172 759 1218 procuratores
793 1172 829 1204 et
858 1167 1034 1217 syndicos
1066 1167 1308 1217 praesentiam
1339 1166 1586 1212 venientium,
1617 1166 1720 1216 quod

190 1225 356 1264 dolentes
372 1226 577 1272 referimus,
595 1225 641 1262 ad
651 1230 813 1262 nostram
827 1225 1053 1262 audientiam
1072 1225 1296 1275 pervenisset
1307 1225 1410 1275 quod
1426 1224 1609 1274 magister,
1620 1236 1722 1274 prae-

189 1291 354 1337 ceptores
372 1290 407 1323 et
425 1285 487 1323 alii
507 1286 635 1323 fratres
656 1286 745 1323 dicti
764 1286 906 1323 ordinis
925 1291 960 1323 et
978 1286 1056 1336 ipse
1081 1285 1173 1322 ordo
1192 1284 1364 1335 praefatis
1383 1290 1419 1321 et
1441 1284 1611 1334 pluribus
1639 1284 1721 1320 aliis

190 1349 296 1382 erant
320 1344 541 1382 criminibus
568 1344 711 1390 irretiti,
739 1357 781 1381 ac
807 1345 1007 1395 praemissa
1029 1344 1178 1394 probari
1208 1357 1274 1394 per
1295 1343 1428 1379 multas
1455 1342 1720 1387 confessiones,

191 1404 440 1440 attestationes
458 1407 495 1440 et
510 1403 760 1454 depositiones
778 1403 931 1453 praefati
954 1403 1118 1453 magistri
1141 1408 1178 1439 et
1202 1402 1366 1452 plurium
1389 1405 1665 1451 praeceptorum
1686 1405 1721 1437 et

192 1460 347 1498 fratrum
366 1460 509 1497 ordinis
527 1461 719 1511 praelibati
748 1474 871 1498 coram
902 1461 1028 1498 multis
1050 1460 1222 1511 praelatis
1247 1465 1283 1496 et
1310 1459 1511 1496 haereticae
1531 1458 1720 1509 pravitatis

192 1518 412 1570 inquisitore
432 1519 469 1556 in
486 1531 600 1570 regno
619 1519 795 1556 Franciae
813 1519 925 1556 factas
944 1523 978 1555 et
996 1524 1159 1569 receptas
1175 1523 1210 1555 et
1234 1518 1271 1554 in
1295 1517 1482 1568 publicam
1499 1516 1719 1567 scripturam

191 1577 373 1623 redactas,
402 1577 586 1628 nobisque
603 1591 645 1615 ac
667 1577 845 1614 fratribus
863 1577 998 1614 nostris
1016 1582 1178 1614 ostensas
1196 1575 1472 1627 quodammodo
1494 1575 1719 1618 viderentur,

191 1635 279 1686 quia
306 1637 402 1673 fama
421 1641 457 1673 et
474 1637 652 1674 clamores
670 1636 847 1687 praedicti
869 1636 906 1672 in
927 1641 1069 1673 tantum
1094 1636 1325 1672 invaluerant
1342 1639 1378 1671 et
1395 1633 1633 1671 ascenderant
1647 1637 1719 1668 tam

190 1699 317 1732 contra
341 1695 463 1746 ipsum
487 1695 657 1732 ordinem
683 1709 796 1746 quam
828 1700 955 1732 contra
986 1708 1162 1746 personas
1190 1694 1395 1745 singulares
1423 1692 1587 1740 ejusdem
1615 1690 1717 1740 quod

189 1752 270 1789 sine
285 1753 387 1803 gravi
406 1754 580 1792 scandalo
598 1755 824 1792 dissimulari
846 1767 921 1791 non
941 1759 1120 1804 poterant,
1141 1766 1207 1790 nec
1233 1753 1373 1802 absque
1392 1749 1598 1787 imminenti
1620 1749 1720 1798 peri-

189 1811 274 1848 culo
294 1812 459 1858 tolerari,
475 1826 542 1850 nos
561 1814 662 1851 lllius
683 1814 789 1864 cujus
807 1814 904 1851 vices
920 1812 957 1850 in
973 1813 1078 1850 terris
1097 1812 1272 1862 gerimus,
1292 1810 1454 1861 vestigiis
1475 1808 1717 1845 inhaerentes.

189 1868 236 1905 ad
269 1869 534 1920 inquirendum
564 1872 610 1908 de
641 1872 840 1923 praedictis
871 1872 1012 1909 ratione
1043 1871 1188 1922 praevia
1219 1870 1395 1906 duximus
1425 1866 1717 1919 procedendum.

190 1927 402 1978 multosque
423 1929 470 1966 de
488 1930 811 1981 praeceptoribus,
826 1930 1059 1981 presbiteris,
1079 1929 1260 1966 militibus
1279 1933 1314 1965 et
1333 1927 1414 1964 aliis
1436 1926 1609 1963 fratribus
1627 1924 1715 1960 dicti

189 1985 333 2023 ordinis
351 1992 539 2038 reputatos
558 2001 633 2025 non
664 1989 829 2034 modice,
851 1989 887 2025 in
914 1993 1038 2026 nostra
1056 1987 1261 2038 praesentia
1289 1986 1523 2029 constitutos,
1544 1981 1716 2033 praestito

189 2044 237 2081 ab
254 2044 306 2081 eis
321 2044 534 2094 juramento
551 2046 654 2096 quod
672 2059 785 2097 super
808 2047 1017 2097 praemissis
1041 2060 1177 2083 meram
1197 2051 1233 2082 et
1249 2045 1395 2095 plenam
1421 2042 1528 2079 nobis
1553 2041 1719 2077 dicerent

189 2102 377 2140 veritatem
388 2117 518 2154 ,super
527 2105 725 2155 praedictis
736 2105 1043 2155 interrogavimus
1057 2109 1093 2141 et
1105 2103 1414 2145 examinavimus,
1430 2099 1654 2150 quibusdam
1671 2110 1716 2134 ex

189 2161 366 2199 fratribus
385 2163 520 2200 nostris
535 2163 644 2201 nobis
662 2163 921 2201 assistentibus
939 2163 1144 2213 diligenter,
1163 2172 1367 2211 eorumque
1385 2158 1633 2197 confessiones
1652 2169 1719 2206 per

189 2217 358 2267 publicas
376 2232 509 2258 manus
528 2221 565 2258 in
583 2222 827 2259 auctenticam
849 2221 1068 2271 scripturam
1089 2220 1251 2257 redactas
1270 2219 1368 2255 illico
1389 2218 1426 2253 in
1449 2221 1572 2253 nostra
1591 2220 1627 2251 et
1643 2214 1718 2250 dic-

190 2281 312 2314 torum
338 2278 493 2318 fratrum
528 2285 739 2318 nostrorum
766 2280 971 2330 praesentia
1009 2293 1050 2316 ac
1083 2278 1218 2315 deinde
1257 2276 1474 2327 interposito
1504 2274 1715 2323 aliquorum

189 2334 334 2373 dierum
353 2338 472 2387 spatio
495 2339 534 2375 in
560 2339 670 2390 pleno
693 2339 912 2376 consistorio
932 2338 1000 2388 legi
1020 2338 1173 2374 fecimus
1200 2349 1323 2373 coram
1347 2334 1435 2384 ipsis
1453 2339 1489 2370 et
1513 2345 1572 2369 eas
1592 2332 1630 2367 in
1649 2343 1717 2367 suo

190 2393 332 2444 vulgari
360 2396 514 2434 cuilibet
535 2410 664 2434 eorum
691 2398 844 2448 exponi,
867 2397 932 2447 qui
962 2400 1234 2447 perseverantes
1259 2395 1295 2430 in
1321 2393 1392 2430 illis
1418 2405 1477 2428 eas
1495 2403 1666 2440 expresse
1682 2394 1719 2425 et

190 2457 336 2502 sponte,
363 2449 475 2504 prout
500 2455 670 2492 recitatae
704 2456 862 2500 fuerant,
893 2455 995 2491 flexis
1023 2454 1198 2504 genibus.
1227 2452 1474 2501 manibusque
1499 2447 1717 2543 cgipplosis,
