2184 3074
739 323 900 361 CODEX
926 322 1174 361 DUNENSIS.
1646 323 1719 361 493

233 443 469 482 Universitati
487 442 636 480 Vestrae
653 442 906 492 significamus
924 439 1027 491 quod
1045 453 1130 477 cum
1148 439 1270 476 dictus
1283 439 1494 486 lohannes,
1509 439 1631 477 dietus
1651 438 1715 476 Ri-

183 500 317 547 kelcat,
334 501 527 538 occasione
553 499 747 550 cujusdam
776 498 1002 550 capellaniae
1034 502 1234 549 perpetuae
1260 510 1373 548 quam
1400 497 1498 534 idem
1527 496 1716 535 lohannes

182 560 311 597 asserit
325 573 363 598 se
380 559 517 597 habere
531 560 569 597 in
584 558 737 596 ecclesia
757 571 821 596 seu
840 557 1064 595 monasterio
1083 561 1210 594 nostro
1223 556 1270 593 de
1284 555 1570 607 Ravensberghe
1588 560 1714 593 eontra

106 642 110 646 -
180 617 375 655 dominum
394 618 544 655 Petrum
563 617 705 654 dictum
728 617 774 653 de
801 616 939 662 Lieres,
957 615 1190 666 capellanum
1210 619 1396 661 nostrum,
1415 627 1539 652 eoram
1561 626 1715 651 suecen-

180 679 259 713 tore
275 675 448 713 ecclesiae
466 675 598 712 Beatae
616 674 750 712 Mariae
772 674 987 711 Parisiensis
1009 673 1151 723 judice,
1170 677 1210 709 ut
1232 672 1379 718 dicitur,
1401 685 1421 709 a
1443 671 1598 709 domino
1617 684 1711 722 papa

179 734 280 780 dato,
303 734 478 771 movisset
494 733 748 784 quaestionem
772 747 814 770 ac
833 733 1008 770 adversus
1028 745 1094 770 nos
1113 737 1215 769 extra
1230 731 1415 781 judicium
1435 731 1583 782 saepius
1605 743 1714 767 occa-

180 791 284 830 sione
300 791 465 842 ejusdem
484 792 708 843 capellaniae
726 791 978 843 proposuisset
995 791 1184 828 materiam
1199 790 1442 841 quaestionis,
1462 789 1611 827 tandem
1627 793 1713 840 post

181 849 316 887 multas
340 851 611 896 altercationes,
635 863 702 902 pro
727 850 828 888 bono
852 850 968 900 pacis,
987 849 1033 886 de
1056 848 1214 886 coneilio
1233 848 1454 885 venerabilis
1472 847 1542 884 viri
1569 847 1711 884 domini

180 907 309 946 Jacobl
329 908 501 946 monachi
519 908 566 946 de
583 908 703 946 Dunis
722 913 758 945 et
776 907 1051 959 poenitentiarii
1079 907 1224 958 domini
1245 920 1362 957 papae
1380 920 1422 943 ac
1440 906 1595 943 aliorum
1614 904 1715 942 'viro-

180 979 264 1003 rum
283 966 526 1004 discretorum
546 980 658 1017 super
675 966 783 1003 dietis
804 965 965 1016 querelis
985 970 1021 1003 et
1038 979 1079 1002 ea
1099 965 1335 1016 tangentibus
1351 977 1393 1001 ac
1407 977 1518 1015 super
1535 963 1712 1000 omnibus

180 1024 262 1062 aliis
291 1025 451 1076 querelis
479 1025 645 1075 ejusdem
675 1024 857 1063 Johannis
885 1037 977 1075 quas
1006 1037 1213 1075 proponere
1243 1023 1389 1060 volebat
1417 1028 1543 1059 contra
1572 1036 1638 1059 nos
1671 1036 1713 1059 ae

178 1082 321 1121 dictum
335 1084 484 1121 Petrum
500 1084 732 1134 capellanum
748 1088 934 1126 nostrum,
950 1082 1057 1132 cujus
1071 1095 1219 1119 causam
1234 1095 1345 1131 super
1358 1081 1519 1132 querelis
1537 1081 1712 1117 omnibus

178 1142 217 1179 in
235 1155 302 1179 nos
319 1142 550 1193 suscepimus
568 1141 840 1179 defendendam
855 1146 890 1178 et
904 1140 1218 1192 prosequendam,
1232 1154 1274 1176 ac
1292 1153 1404 1190 super
1421 1139 1596 1176 omnibus
1618 1153 1712 1190 que-

178 1200 264 1238 relis
295 1214 388 1251 quas
413 1200 565 1238 nomine
596 1204 722 1237 nostro
746 1213 788 1237 ac
813 1199 964 1236 nomine
990 1199 1156 1248 ejusdem
1183 1198 1280 1235 Petri
1312 1198 1478 1235 volemus
1503 1211 1712 1248 proponere

182 1263 310 1296 contra
326 1258 467 1296 dictum
483 1258 676 1295 dominum
694 1258 919 1304 Johannem,
936 1256 1262 1307 compromisimus
1282 1256 1319 1292 in
1340 1256 1488 1292 fratrem
1503 1255 1712 1293 Joliannem

183 1318 325 1356 dictum
346 1317 536 1364 Liebaerd,
552 1317 778 1354 monachum
792 1317 838 1354 de
856 1317 993 1362 Dunis,
1008 1315 1191 1353 arbitrum
1209 1328 1228 1351 a
1245 1314 1353 1351 nobis
1371 1315 1545 1359 electum,
1566 1314 1612 1350 de
1630 1328 1715 1351 eon-

183 1389 294 1414 sensu
312 1376 476 1426 ejusdem
502 1375 685 1414 Johannis
713 1388 756 1412 ac
780 1374 1001 1412 venerabilis
1027 1374 1140 1424 patris
1158 1373 1300 1410 domini
1323 1402 1473 1409 ......
1493 1373 1637 1410 abbatis
1667 1374 1713 1410 de

185 1435 304 1472 Dunis
316 1440 352 1472 et
365 1435 402 1471 in
417 1434 614 1471 dominum
629 1434 779 1471 Petrum
794 1433 1027 1484 capellanum
1042 1433 1124 1469 talis
1138 1432 1207 1468 loci
1223 1445 1243 1468 a
1258 1432 1357 1468 dicto
1375 1431 1528 1468 domino
1541 1432 1713 1469 Johanne

184 1494 357 1539 electum,
375 1497 412 1530 et
429 1492 467 1529 in
484 1491 681 1529 dominum
700 1491 932 1530 Willelmum
944 1520 952 1536 ,
971 1495 1141 1527 curatum
1160 1490 1242 1526 talis
1263 1489 1350 1533 loci,
1368 1495 1544 1540 tanquam
1565 1490 1713 1527 tertium

176 1552 366 1590 ‘arbitrum
387 1549 635 1588 communiter
658 1549 816 1586 electum
845 1562 866 1585 a
893 1548 1001 1586 nobis
1036 1553 1072 1585 et
1095 1561 1115 1584 a
1135 1547 1323 1598 praedicto
1349 1547 1503 1584 domino
1526 1548 1713 1594 Johanne,

185 1603 258 1648 fide
276 1609 398 1647 media
415 1613 452 1646 et
468 1608 539 1645 sub
557 1620 675 1658 poena
699 1607 944 1644 ducentarum
972 1606 1150 1644 librarum
1171 1605 1443 1642 Turonensium
1465 1606 1561 1656 parti
1587 1606 1716 1644 obser·

180 1667 285 1705 -vanti
304 1667 500 1704 arbitrium
519 1666 596 1704 sive
613 1666 755 1703 dictum
774 1679 903 1703 eorum
923 1680 943 1703 a
962 1670 1064 1716 parte
1082 1664 1257 1702 resilienti
1277 1664 1323 1700 ab
1345 1663 1500 1700 arbitrio
1519 1663 1595 1700 sive
1616 1664 1715 1701 dicto

185 1725 400 1763 eorumdem
424 1724 717 1772 reddendarum,
742 1724 792 1761 ita
822 1724 924 1775 quod
949 1723 1130 1775 quicquid
1156 1722 1245 1759 dicti
1270 1722 1399 1759 arbitri
1418 1722 1476 1759 vel
1494 1722 1613 1772 major
1630 1736 1715 1773 pars

184 1784 399 1822 eorumdem
418 1796 530 1834 super
546 1783 758 1834 praemissis
776 1783 952 1820 omnibus
969 1786 1005 1819 et
1022 1781 1178 1832 singulis
1197 1786 1233 1818 et
1255 1780 1455 1831 praemissa
1481 1780 1716 1831 tangentibus

185 1842 416 1893 conjunctim
433 1842 491 1879 vel
510 1841 661 1879 divisim
688 1842 734 1878 de
756 1842 830 1879 alto
856 1847 892 1878 et
913 1841 1021 1878 basso
1040 1840 1216 1877 duxerint
1233 1839 1491 1876 arbitrandum
1519 1852 1583 1876 seu
1608 1839 1717 1876 etiam

186 1901 451 1947 ordinandum,
471 1914 540 1938 nos
557 1900 809 1952 promittimus
834 1900 928 1937 illud
951 1900 1022 1937 sub
1047 1899 1119 1936 lide
1138 1903 1174 1936 et
1198 1911 1316 1949 poena
1335 1897 1533 1948 praedictis
1560 1898 1718 1935 inviola-

185 1962 310 2001 biliter
333 1962 544 2008 observare,
569 1967 605 1999 et
625 1961 736 1999 debet
762 1961 860 1999 istud
886 1961 1082 1999 arbitrium
1103 1961 1198 1997 infra
1223 1959 1350 1997 Natale
1374 1959 1525 1996 Domini
1545 1959 1716 2009 proximo

185 2026 383 2059 venturum
409 2022 618 2067 terminari,
640 2035 716 2072 quo
742 2022 867 2072 elapso
894 2021 1037 2058 dictum
1056 2019 1365 2070 compromissum
1390 2017 1611 2068 exspirabit,
1646 2017 1714 2054 nisi

187 2080 367 2118 terminus
387 2080 645 2131 compromissi
676 2080 722 2117 de
752 2093 935 2118 consensu
961 2079 1122 2131 partium
1150 2092 1192 2115 ac
1218 2078 1327 2114 etiam
1359 2076 1583 2113 arbitrorum
1608 2075 1717 2111 fuerit

187 2143 415 2189 prorogatus.
434 2138 476 2175 ln
495 2138 602 2188 eujus
620 2138 671 2175 rei
691 2138 945 2176 testimonium
963 2137 1126 2187 sigillum
1147 2141 1314 2173 nostrum
1333 2134 1587 2185 praesentibus
1605 2134 1717 2171 duxi-

188 2209 270 2233 mus
285 2195 564 2247 apponendum.

205 2295 207 2297 ,
237 2255 282 2292 Et
299 2267 366 2292 nos
385 2255 496 2291 frater
511 2254 722 2300 Johannes,
739 2254 861 2291 dictus
883 2253 998 2291 abbas
1021 2253 1068 2290 de
1086 2252 1223 2297 Dunis,
1238 2251 1406 2288 visitator
1423 2250 1468 2287 de
1487 2249 1720 2286 Ravensber-

187 2313 276 2364 ghe,
303 2312 520 2350 auctoritate
550 2312 740 2350 reverendi
771 2313 886 2363 patris
915 2311 1059 2349 domini
1091 2310 1236 2348 abbatis
1267 2308 1568 2347 Claraevallensis
1599 2308 1719 2345 dictae

186 2372 320 2409 domus
338 2371 384 2408 de
402 2371 687 2422 Ravensberghe
701 2370 833 2421 patris,
852 2370 1062 2408 affectantes
1080 2381 1208 2420 pacem
1227 2368 1410 2405 dictarum
1430 2367 1592 2417 partium
1608 2379 1716 2417 prae-

188 2431 391 2477 dictarum,
412 2431 450 2468 in
476 2431 623 2481 signum
646 2430 926 2482 approbationis
957 2435 993 2467 et
1016 2427 1308 2467 confirmationis
1333 2426 1509 2478 praedicti
1542 2439 1715 2476 compro-
