2184 3074
461 364 533 402 554
1011 359 1172 398 conssx
1199 336 1446 398 otmense.

457 480 601 526 landre,
627 480 794 529 laycnm,
817 476 1049 528 oppidanum
1074 476 1314 526 Brugensem.
1340 475 1378 512 Si
1404 488 1494 513 vero
1519 481 1605 527 post
1628 477 1774 515 obitum
1804 491 1929 516 meum
1948 490 1995 516 ex

459 538 669 589 praemissis
686 536 945 574 executoribus
972 536 1063 572 meis
1089 548 1155 572 seu
1177 534 1461 572 testamentariis
1479 535 1643 586 aliquem
1662 548 1746 573 meo
1763 537 1933 574 nondum
1949 537 1996 574 ad

459 597 571 633 finem
590 595 757 632 debitum
774 597 992 631 testamento
1009 592 1193 644 producto
1220 592 1398 629 decedere
1423 593 1479 629 vel
1499 592 1546 630 ad
1564 597 1701 631 statum
1720 594 1939 645 hujusmodi
1958 595 1996 632 in

460 668 535 706 quo
554 667 672 691 meam
693 666 769 690 non
792 652 909 703 possit
929 652 1064 703 exequi
1081 652 1329 695 voluntatem,
1347 652 1474 688 venire
1491 652 1705 703 contigerit‚
1723 653 1791 704 qui
1809 653 1996 691 dictorum

459 718 698 751 executorum
719 711 958 762 superfuerit⁷
984 723 1080 761 quae
1104 710 1291 747 dictorum
1317 710 1488 747 omnium
1518 711 1735 762 exequenda
1769 712 1910 750 fuerint
1938 712 1996 749 vel

460 774 568 810 etiam
587 770 793 809 ordinanda
815 774 1021 820 exequatur
1044 782 1109 806 seu
1131 768 1280 805 ordinet
1297 773 1332 806 et
1349 768 1533 819 disponat.
1552 769 1590 807 Si
1608 782 1696 807 vero
1714 775 1847 808 neuter
1861 783 1996 808 eorum

460 831 525 882 qui
545 830 660 881 possit
676 829 873 879 disponere
899 828 1111 879 supradicta
1131 832 1168 864 et
1190 827 1323 878 exequi
1349 828 1428 865 sive
1452 828 1571 865 facere
1591 841 1689 879 quae
1713 829 1884 880 superius
1908 835 1996 868 sunt

459 901 642 939 expressa,
661 887 899 938 superfuerit,
917 887 1032 924 abbas
1048 886 1094 923 de
1114 886 1263 923 'rhosan
1282 886 1347 937 qui
1366 899 1435 937 pro
1450 891 1616 938 tempore
1634 887 1762 934 fuerit,
1777 893 1995 939 exequatur,

460 948 606 985 ordinet
624 951 659 984 et
676 947 864 997 disponat,
882 950 995 996 prout
1012 950 1066 983 est
1083 958 1299 996 expressum
1316 946 1507 997 superius,
1524 959 1622 998 quae
1638 947 1871 998 disponenda
1891 947 1998 986 ordi-

460 1007 582 1044 nanda
602 1006 738 1043 fuerint
756 1006 812 1042 vel
835 1010 877 1042 ut
894 1005 1068 1042 convenit
1088 1005 1316 1055 exequenda.
1337 1004 1375 1042 Si
1397 1017 1486 1042 vero
1502 1005 1622 1043 filium
1640 1006 1698 1043 vel
1714 1006 1880 1044 fortassis
1894 1010 1998 1058 post-

460 1065 618 1102 humum
637 1064 729 1101 mihi
750 1064 848 1101 nasci
867 1063 1077 1114 contigerit,
1094 1063 1200 1100 illum
1216 1062 1309 1100 mihi
1325 1063 1499 1101 heredem
1518 1063 1672 1101 restituo
1690 1065 1729 1101 in
1749 1064 1912 1115 legitima
1926 1065 1998 1102 sibi

460 1124 583 1161 debita
602 1123 791 1174 portione,
811 1123 963 1159 caeteris
984 1122 1023 1158 in
1043 1122 1257 1159 testimonio
1275 1134 1340 1159 seu
1358 1134 1439 1159 mea
1456 1122 1587 1159 ultima
1605 1122 1796 1160 voluntate
1813 1123 1997 1173 praesenti

460 1182 642 1233 expressis
661 1181 699 1218 in
719 1194 786 1218 suo
804 1181 939 1218 robore
958 1180 1158 1217 duraturis.

511 1241 607 1278 Haec
624 1245 747 1277 autem
765 1240 851 1276 volo
877 1244 913 1276 et
937 1239 1071 1276 ordino
1089 1243 1126 1276 et
1142 1239 1279 1276 servari
1297 1238 1503 1290 praecipioq
1520 1239 1624 1289 quod
1648 1239 1678 1276 si
1703 1238 1802 1277 dicta
1820 1253 1902 1277 mea
1917 1241 1998 1278 dis·-

461 1300 595 1351 positio
614 1313 677 1337 seu
702 1299 888 1336 ordinatio
914 1298 1101 1349 praedicta
1124 1298 1209 1348 jure
1233 1311 1310 1336 non
1331 1298 1451 1335 valeat
1475 1298 1701 1342 testamenti,
1724 1298 1845 1335 valeat
1869 1299 1996 1336 saltem

456 1361 541 1409 jure
559 1359 816 1396 codicillorum
842 1371 906 1395 seu
925 1357 1075 1395 alterius
1095 1358 1354 1409 cujuscunque
1374 1357 1528 1394 ultimae
1540 1357 1753 1395 voluntatis.
1770 1357 1816 1394 Et
1828 1370 1920 1408 rogo
1931 1370 1998 1395 vos

462 1418 678 1469 magistrum
689 1417 906 1454 Gervasium
921 1416 1143 1453 canonicum
1159 1429 1201 1452 ac
1214 1415 1449 1453 scolasticum
1465 1415 1567 1452 Beati
1584 1415 1781 1459 Donat-iani
1798 1415 1836 1452 in
1851 1415 1996 1466 Bmgis,

460 1491 503 1515 ac
516 1490 581 1514 vos
596 1477 685 1513 tales
703 1481 739 1513 et
753 1475 842 1512 tales
861 1487 955 1526 quos
970 1475 1008 1511 in
1023 1478 1131 1512 testes
1142 1503 1151 1521 ‚
1165 1479 1207 1511 ut
1220 1478 1359 1511 tactum
1373 1478 1429 1511 est
1441 1473 1613 1524 superius
1623 1502 1632 1520 ⁷
1647 1474 1848 1528 convocavi
1861 1474 2000 1525 pariter

460 1542 496 1574 et
515 1535 661 1586 rogavi,
680 1539 722 1572 ut
739 1534 777 1571 in
794 1533 1049 1571 testimonium
1077 1539 1114 1570 et
1131 1533 1249 1570 robur
1273 1532 1563 1584 praemissorum
1590 1536 1821 1583 praesentem
1840 1533 1999 1570 litteram

461 1594 770 1632 testamentariam
790 1593 867 1631 sive
885 1607 987 1630 meae
1004 1593 1260 1644 dispositionis
1287 1597 1321 1629 et
1349 1592 1502 1629 ultimae
1524 1592 1727 1629 voluntatis
1753 1593 1999 1643 comprehen—

461 1654 576 1691 sivam
594 1658 801 1691 vestrorum
821 1652 1031 1689 munimine
1049 1652 1257 1702 sigillorum
1276 1651 1322 1688 ad
1340 1655 1557 1702 perpetuam
1576 1651 1629 1687 rei
1648 1651 1866 1688 memoriam
1885 1652 1999 1689 robo-

462 1713 558 1750 retis.
582 1712 627 1749 Et
651 1712 829 1763 quoniam
857 1724 923 1762 ego
949 1711 1144 1762 proprium
1177 1710 1236 1747 cui
1263 1709 1356 1747 {ides
1383 1710 1504 1747 valeat
1529 1709 1717 1756 adhiberi7
1736 1710 1901 1761 sigillum
1921 1717 1998 1749 non

462 1771 599 1817 habeo„
618 1783 708 1821 rogo
726 1784 792 1807 vos
815 1770 1010 1807 dominum
1035 1769 1207 1806 abbatem
1232 1768 1279 1806 de
1298 1767 1466 1805 Echoute
1482 1771 1524 1804 ut
1535 1772 1700 1805 vestrum
1727 1768 1891 1819 sigillum
1918 1769 2000 1806 vice

460 1829 530 1866 mei
550 1829 693 1866 ducatis
711 1829 968 1879 praesentibus
991 1827 1270 1879 apponendum.
1289 1827 1397 1865 Unde
1415 1826 1462 1863 ad
1481 1839 1608 1877 preces
1634 1831 1670 1863 et
1693 1826 1906 1864 instantiam
1925 1831 2000 1865 tes-

460 1887 588 1924 tatoris
608 1900 671 1925 seu
690 1887 923 1938 dispositoris
942 1887 1122 1937 praedicti
1147 1898 1215 1923 nos
1235 1884 1350 1923 abbas
1368 1884 1416 1921 de
1433 1884 1599 1922 Eehoute
1625 1889 1835 1935 praesentes
1860 1885 1999 1923 litteras

462 1951 588 1984 nostro
615 1946 737 1996 sigillo
763 1946 917 1982 fecimus
942 1944 1123 1982 roborari.
1154 1944 1229 1983 Nos
1255 1944 1365 1980 etiam
1393 1947 1504 1980 testes
1529 1942 1708 1993 praedicti
1739 1942 1786 1979 ad
1810 1953 1937 1993 preces
1962 1948 2000 1981 et

461 2005 673 2043 instantiam
698 2005 879 2042 testatoris
909 2017 973 2041 seu
1000 2003 1235 2055 dispositoris
1266 2002 1464 2053 praedicti,
1493 2001 1667 2038 videlicet
1697 2005 1806 2038 testes
1837 2002 1885 2039 ab
1915 2002 1998 2053 ipso

462 2064 580 2101 vocati
599 2064 737 2114 pariter
755 2067 790 2100 et
806 2063 940 2113 rogati,
959 2062 1171 2113 praemissis
1193 2060 1371 2098 omnibus
1394 2060 1649 2103 interfuimus,
1675 2073 1716 2097 ea
1745 2060 1996 2098 intelleximus

461 2129 498 2160 et
515 2123 553 2159 in
572 2122 740 2159 omnium
760 2123 1047 2172 praemissorum
1062 2121 1317 2159 testimonium
1333 2123 1543 2171 praesentes
1561 2119 1700 2156 litteras
1713 2119 1845 2170 sigillis
1859 2120 1996 2157 nostris

463 2181 639 2218 duximus
657 2180 898 2218 roborandas.
917 2181 1051 2218 Actum
1065 2184 1101 2217 et
1113 2180 1242 2217 datum
1260 2191 1359 2216 anno
1378 2177 1528 2215 Domini
1548 2177 1680 2214 M⁰CC⁰
1694 2177 1827 2214 ΙΛΧΙΧο
1839 2177 1995 2215 sabbato

463 2244 547 2276 ante
566 2241 698 2276 festum
717 2239 819 2276 Beati
837 2239 1020 2276 Johannis
1039 2239 1237 2290 Baptistae.

1167 2402 1291 2414 -οσω-
