2184 3074
745 334 906 373 CODEX
931 335 1029 374 DUN
1034 335 1094 373 EN
1098 336 1176 375 SlS.
1658 345 1724 382 ¹39

193 466 236 491 ac
261 453 370 491 etiam
399 454 479 491 sine
501 453 601 504 justa
625 466 754 500 causa,
769 453 865 503 juris
889 454 1021 491 ordine
1045 456 1323 505 praetermisso,
1346 462 1472 495 contra
1497 458 1615 497 dictos
1640 462 1725 498 reli·

193 512 315 564 giosos
343 513 400 549 vel
436 525 565 550 eorum
604 512 702 550 bona
733 511 910 563 procedat
938 526 1002 550 seu
1037 518 1228 564 attemptet
1257 515 1313 552 vel
1345 515 1515 563 innovet,
1554 520 1724 568 procedi7

193 570 403 622 attemptari
418 570 475 607 vel
492 569 662 607 innovari
678 570 801 616 faciat,
816 569 918 620 quod
932 570 980 607 sit
992 570 1029 607 in
1044 570 1228 608 dictorum
1245 572 1501 623 religiosorum
1517 575 1722 628 dampnum

191 633 226 665 et
242 627 299 666 sui
321 627 465 666 ordinis
476 638 591 678 grave
609 626 893 678 praejudicium.

240 686 384 724 ldcirco
402 699 470 736 ego
488 685 589 732 talis,
613 690 834 736 procurator
849 685 1034 723 dictorum
1061 687 1339 737 religiosorum,
1359 689 1500 728 liabens
1524 692 1571 729 ab
1597 693 1649 730 eis
1675 694 1719 731 ad

189 745 260 782 hoc
281 748 499 796 potestatem
528 749 564 781 et
585 744 743 795 speciale
768 744 1006 791 mandatum,
1031 751 1158 783 contra
1184 747 1414 797 praedictum
1440 749 1635 788 dominum
1656 765 1721 789 eo-

186 802 313 840 mitem
325 831 334 849 ,
357 801 509 839 nomine
526 801 801 853 praedictorum
821 802 1060 840 dominorum
1087 816 1254 841 meorum
1274 810 1310 842 et
1327 819 1396 856 pro
1415 806 1504 857 ipsis
1522 821 1564 845 ac
1581 809 1719 847 eisdem

186 859 472 898 adhaerentibus
495 865 531 897 et
547 860 747 898 adhaerere
765 861 996 909 volentibus,
1015 862 1053 899 in
1075 862 1147 900 hiis
1165 863 1311 914 scriptis
1336 865 1383 902 ad
1406 866 1538 903 Sedem
1562 868 1721 918 Aposto-

188 918 295 955 licam
310 931 491 969 provoco,
510 918 628 956 dictos
644 918 816 956 dominos
832 931 949 965 meos²
963 919 1016 957 eis
1033 920 1274 958 adhaerentes
1291 926 1327 958 et
1343 922 1543 961 adhaerere
1557 925 1719 964 volentes

188 990 230 1014 ac
243 990 372 1014 eorum
387 977 484 1014 bona
499 977 719 1028 protectioni
732 977 966 1027 Apostolicae
977 978 1082 1016 Sedis
1091 992 1317 1030 supponens,
1328 986 1365 1018 et
1373 986 1557 1032 protestor
1571 985 1720 1022 nomine

188 1049 265 1087 quo
291 1048 403 1086 supra
431 1035 477 1072 de
503 1035 718 1072 innovando
739 1040 774 1072 et
798 1036 1025 1073 notificando
1044 1037 1180 1074 dictam
1200 1039 1522 1088 provocationem,
1548 1042 1720 1092 qnando·

188 1106 338 1144 cunque
355 1097 391 1130 et
416 1092 634 1144 ubicunque
651 1093 849 1144 praedictis
867 1093 1030 1132 dominis
1056 1095 1146 1132 meis
1165 1101 1201 1132 et
1219 1096 1310 1133 mihi
1329 1097 1516 1135 videbitur
1533 1099 1716 1149 expedire.

890 1218 1013 1230 ⁴¹0-—

903 1358 1008 1396 CVll.

184 1479 272 1516 Acte
289 1476 436 1527 d'appel
451 1477 512 1514 des
530 1476 712 1527 reliyieuae
730 1476 773 1513 de
795 1476 943 1514 Tltosan
960 1490 1010 1514 au
1028 1478 1122 1527 sajet
1139 1477 1182 1515 de
1200 1478 1238 1515 la
1254 1478 1352 1515 dtme
1367 1478 1531 1517 biennale
1550 1481 1717 1519 accorde'e

639 1547 718 1585 par
736 1535 767 1572 le
780 1547 878 1585 pape
895 1549 944 1572 au
963 1537 1021 1573 roi
1038 1535 1081 1573 de
1098 1537 1251 1574 Franco.

231 1725 275 1763 ln
294 1726 446 1763 nomine
463 1726 615 1764 Domini
636 1739 754 1764 amen.
775 1727 901 1764 Pateat
927 1726 1110 1764 universis
1136 1739 1308 1777 praesens
1335 1726 1406 1763 hoc
1427 1726 1715 1764 instrumentum

181 1783 377 1835 publicum
394 1785 616 1836 inspecturis
631 1785 733 1836 quod
749 1785 959 1822 dominicae
973 1785 1237 1822 incarnationis
1252 1797 1350 1821 anno
1364 1784 1415 1821 Μο
1430 1785 1533 1821 CCC⁰
1547 1785 1715 1835 septimo,

182 1841 387 1879 indictione
411 1843 560 1892 quinta,
584 1843 721 1880 mensis
740 1843 869 1893 aprilis
890 1842 950 1879 die
974 1842 1104 1893 quinta
1123 1842 1286 1888 decima,
1306 1843 1543 1893 pontificatus
1561 1843 1715 1880 sanctis-

181 1899 265 1938 simi
284 1901 400 1951 patris
416 1914 458 1938 ac
476 1901 619 1939 domini
639 1902 754 1940 nostri
774 1902 918 1939 domini
937 1902 1156 1947 Clementis,
1177 1901 1303 1939 divina
1323 1902 1540 1952 providente
1554 1903 1715 1938 clemen-

183 1958 232 1995 tia
249 1987 256 1995 .
275 1987 283 1996 .
299 1987 307 1995 .
327 1972 421 2010 papa
440 1959 562 2010 quinti
581 1973 679 1997 anno
697 1960 880 2006 secundo,
899 1960 937 1997 in
959 1959 1163 2010 praesentia
1182 1959 1253 1996 mei
1274 1959 1406 1996 notarii
1427 1959 1569 2009 publici
1589 1964 1624 1995 et
1642 1964 1715 1996 tes-

183 2017 276 2055 tium
291 2017 587 2068 subscriptorum
605 2018 650 2055 ad
666 2018 737 2055 hoc
751 2018 958 2068 specialiter
970 2022 1186 2055 vocatorum
1201 2023 1236 2054 et
1250 2022 1460 2066 rogatorum
1476 2017 1716 2066 personaliter

185 2088 402 2126 comparens
432 2076 490 2113 vir
515 2076 710 2127 religiosus
737 2081 772 2114 et
802 2076 978 2114 honestus
1005 2077 1174 2113 frater...
1201 2075 1406 2113 monachus
1434 2075 1644 2112 monasterii
1669 2075 1715 2112 de

184 2132 332 2170 Thosan
343 2162 352 2180 ,
366 2133 618 2172 Cisterciensis
631 2134 774 2172 ordinis
784 2164 793 2181 ‚
811 2135 840 2171 T
842 2134 1054 2172 ornacensis
1072 2133 1241 2183 dyocesis
1252 2162 1261 2179 ‚
1279 2133 1535 2182 religiosorum
1549 2133 1715 2171 virorum

185 2191 330 2229 abbatis
348 2196 384 2228 et
403 2197 607 2230 conventus
625 2193 839 2230 monasterii
858 2191 1078 2243 supradicti,
1097 2205 1162 2242 per
1180 2191 1318 2228 litteras
1337 2191 1552 2228 eorumdem
1572 2191 1716 2230 abbatis

185 2254 221 2286 et
243 2254 447 2287 conventus
471 2263 583 2301 super
605 2251 780 2288 mandato
810 2251 881 2288 sibi
909 2250 1049 2288 directo
1071 2250 1118 2287 ab
1144 2248 1281 2287 eisdem
1309 2248 1490 2299 religiosis
1513 2249 1715 2293 confectas,

185 2306 382 2358 sigilloque
395 2308 508 2345 unico
520 2308 736 2346 eorumdem
750 2322 828 2359 quo
841 2309 930 2346 dicti
945 2308 1059 2346 abbas
1074 2313 1110 2344 et
1124 2311 1328 2344 conventus
1341 2306 1572 2356 conjunctim
1581 2335 1591 2352 ‚
1605 2306 1714 2344 sicuti

187 2363 338 2411 dicunt,
364 2370 523 2403 utuntur
550 2366 587 2403 in
611 2366 742 2404 ordine
765 2366 960 2416 sigillatas,
983 2370 1094 2417 prout
1122 2365 1240 2416 prima
1267 2365 1358 2403 facie
1387 2364 1608 2416 apparebat,
1640 2378 1713 2402 uua

190 2435 274 2460 cum
300 2425 526 2475 quibusdam
553 2425 653 2472 aliis,
680 2426 728 2462 ita
753 2425 855 2476 quod
883 2425 1042 2476 quilibet
1072 2438 1199 2462 corum
1234 2425 1271 2461 in
1305 2424 1466 2461 solidum
1498 2428 1715 2474 procurator
