<?xml version="1.0" encoding="UTF-8"?>
<!DOCTYPE html PUBLIC "-//W3C//DTD XHTML 1.0 Transitional//EN"
    "http://www.w3.org/TR/xhtml1/DTD/xhtml1-transitional.dtd">
<html xmlns="http://www.w3.org/1999/xhtml" xml:lang="en" lang="en">
 <head>
  <title>
</title>
<meta http-equiv="Content-Type" content="text/html;charset=utf-8" />
  <meta name='ocr-system' content='tesseract 3.04.00' />
  <meta name='ocr-capabilities' content='ocr_page ocr_carea ocr_par ocr_line ocrx_word'/>
</head>
<body>
  <div class='ocr_page' id='page_1' title='image "./codexdunensissiv00kervuoft/codexdunensissiv00kervuoft_0154.png"; bbox 0 0 2184 3074; ppageno 0'>
   <div class='ocr_carea' id='block_1_1' title="bbox 450 344 1436 384">
    <p class='ocr_par' dir='ltr' id='par_1_1' title="bbox 450 344 1436 384">
     <span class='ocr_line' id='line_1_1' title="bbox 450 344 1436 384; baseline -0.002 -1"><span class='ocrx_word' id='word_1_1' title='bbox 450 348 464 384; x_wconf 80' lang='lat'><strong>1</strong></span> <span class='ocrx_word' id='word_1_2' title='bbox 477 347 522 383; x_wconf 61' lang='lat'><strong>1⁹2</strong></span> <span class='ocrx_word' id='word_1_3' title='bbox 1002 344 1162 382; x_wconf 87' lang='lat' dir='ltr'>CODEX</span> <span class='ocrx_word' id='word_1_4' title='bbox 1189 344 1436 382; x_wconf 88' lang='lat' dir='ltr'><strong>DUNENSIS.</strong></span> 
     </span>
    </p>
   </div>
   <div class='ocr_carea' id='block_1_2' title="bbox 1128 519 1310 558">
    <p class='ocr_par' dir='ltr' id='par_1_2' title="bbox 1128 519 1310 558">
     <span class='ocr_line' id='line_1_2' title="bbox 1128 519 1310 558; baseline 0 -2"><span class='ocrx_word' id='word_1_5' title='bbox 1128 519 1276 558; x_wconf 89' lang='lat' dir='ltr'><strong>LXXVI</strong></span> <span class='ocrx_word' id='word_1_6' title='bbox 1285 520 1310 556; x_wconf 94' lang='lat' dir='ltr'><strong>I.</strong></span> 
     </span>
    </p>
   </div>
   <div class='ocr_carea' id='block_1_3' title="bbox 447 635 1987 732">
    <p class='ocr_par' dir='ltr' id='par_1_3' title="bbox 447 635 1987 732">
     <span class='ocr_line' id='line_1_3' title="bbox 447 635 1987 686; baseline 0.001 -11"><span class='ocrx_word' id='word_1_7' title='bbox 447 638 554 675; x_wconf 81' lang='lat' dir='ltr'><strong>Bulle</strong></span> <span class='ocrx_word' id='word_1_8' title='bbox 578 638 622 674; x_wconf 84' lang='lat' dir='ltr'><strong>de</strong></span> <span class='ocrx_word' id='word_1_9' title='bbox 649 636 823 686; x_wconf 80' lang='lat' dir='ltr'><strong>Boniface</strong></span> <span class='ocrx_word' id='word_1_10' title='bbox 853 636 892 672; x_wconf 93' lang='lat' dir='ltr'><em>V</em></span> <span class='ocrx_word' id='word_1_11' title='bbox 890 636 953 672; x_wconf 92' lang='lat' dir='ltr'><strong>lIl</strong></span> <span class='ocrx_word' id='word_1_12' title='bbox 973 635 1124 673; x_wconf 82' lang='lat' dir='ltr'><em>relative</em></span> <span class='ocrx_word' id='word_1_13' title='bbox 1153 649 1231 673; x_wconf 77' lang='lat' dir='ltr'><strong>aux</strong></span> <span class='ocrx_word' id='word_1_14' title='bbox 1254 636 1456 685; x_wconf 64' lang='lat' dir='ltr'><strong>differenda</strong></span> <span class='ocrx_word' id='word_1_15' title='bbox 1485 637 1536 674; x_wconf 83' lang='lat' dir='ltr'><strong>du</strong></span> <span class='ocrx_word' id='word_1_16' title='bbox 1559 639 1620 674; x_wconf 85' lang='lat' dir='ltr'><strong>roi</strong></span> <span class='ocrx_word' id='word_1_17' title='bbox 1641 638 1685 675; x_wconf 87' lang='lat' dir='ltr'><strong>de</strong></span> <span class='ocrx_word' id='word_1_18' title='bbox 1708 639 1854 676; x_wconf 74' lang='lat' dir='ltr'><strong>Franco</strong></span> <span class='ocrx_word' id='word_1_19' title='bbox 1877 645 1912 676; x_wconf 82' lang='lat' dir='ltr'><strong>et</strong></span> <span class='ocrx_word' id='word_1_20' title='bbox 1935 639 1987 677; x_wconf 79' lang='lat' dir='ltr'><strong>du</strong></span> 
     </span>
     <span class='ocr_line' id='line_1_4' title="bbox 1033 694 1398 732; baseline 0.003 -1"><span class='ocrx_word' id='word_1_21' title='bbox 1033 700 1144 731; x_wconf 84' lang='lat' dir='ltr'><strong>comte</strong></span> <span class='ocrx_word' id='word_1_22' title='bbox 1162 694 1205 731; x_wconf 86' lang='lat' dir='ltr'><strong>de</strong></span> <span class='ocrx_word' id='word_1_23' title='bbox 1222 694 1398 732; x_wconf 85' lang='lat' dir='ltr'><strong>Flandre.</strong></span> 
     </span>
    </p>
   </div>
   <div class='ocr_carea' id='block_1_4' title="bbox 447 888 1994 1702">
    <p class='ocr_par' dir='ltr' id='par_1_4' title="bbox 447 888 1987 999">
     <span class='ocr_line' id='line_1_5' title="bbox 496 888 1987 938; baseline 0 -10"><span class='ocrx_word' id='word_1_24' title='bbox 496 890 711 928; x_wconf 85' lang='lat' dir='ltr'><strong>Bonifacius</strong></span> <span class='ocrx_word' id='word_1_25' title='bbox 729 889 946 938; x_wconf 64' lang='lat' dir='ltr'><strong>episcopm,</strong></span> <span class='ocrx_word' id='word_1_26' title='bbox 970 901 1098 924; x_wconf 92' lang='lat' dir='ltr'><strong>servus</strong></span> <span class='ocrx_word' id='word_1_27' title='bbox 1121 901 1312 924; x_wconf 89' lang='lat' dir='ltr'><strong>servorum</strong></span> <span class='ocrx_word' id='word_1_28' title='bbox 1340 888 1425 934; x_wconf 81' lang='lat' dir='ltr'><strong>Dei,</strong></span> <span class='ocrx_word' id='word_1_29' title='bbox 1450 889 1633 926; x_wconf 83' lang='lat' dir='ltr'><strong>universis</strong></span> <span class='ocrx_word' id='word_1_30' title='bbox 1657 889 1793 927; x_wconf 75' lang='lat' dir='ltr'>Christi</span> <span class='ocrx_word' id='word_1_31' title='bbox 1813 890 1987 928; x_wconf 87' lang='lat' dir='ltr'><strong>fidelibus</strong></span> 
     </span>
     <span class='ocr_line' id='line_1_6' title="bbox 447 946 1865 999; baseline -0.001 -14"><span class='ocrx_word' id='word_1_32' title='bbox 447 953 655 999; x_wconf 70' lang='lat' dir='ltr'><strong>praesentes</strong></span> <span class='ocrx_word' id='word_1_33' title='bbox 673 947 811 983; x_wconf 74' lang='lat' dir='ltr'><strong>litteras</strong></span> <span class='ocrx_word' id='word_1_34' title='bbox 831 946 1054 996; x_wconf 86' lang='lat' dir='ltr'><strong>inspecturis</strong></span> <span class='ocrx_word' id='word_1_35' title='bbox 1068 946 1223 983; x_wconf 86' lang='lat' dir='ltr'><strong>salutem</strong></span> <span class='ocrx_word' id='word_1_36' title='bbox 1243 951 1279 982; x_wconf 90' lang='lat' dir='ltr'><strong>et</strong></span> <span class='ocrx_word' id='word_1_37' title='bbox 1295 946 1535 996; x_wconf 87' lang='lat' dir='ltr'><strong>apostolicam</strong></span> <span class='ocrx_word' id='word_1_38' title='bbox 1555 946 1865 984; x_wconf 83' lang='lat' dir='ltr'><strong>benedictionem.</strong></span> 
     </span>
    </p>

    <p class='ocr_par' dir='ltr' id='par_1_5' title="bbox 447 1004 1994 1644">
     <span class='ocr_line' id='line_1_7' title="bbox 497 1004 1988 1056; baseline 0 -12"><span class='ocrx_word' id='word_1_39' title='bbox 497 1007 649 1044; x_wconf 85' lang='lat' dir='ltr'>Dudum</span> <span class='ocrx_word' id='word_1_40' title='bbox 669 1006 765 1042; x_wconf 89' lang='lat' dir='ltr'><strong>inter</strong></span> <span class='ocrx_word' id='word_1_41' title='bbox 783 1005 1021 1042; x_wconf 84' lang='lat' dir='ltr'><strong>karissimum</strong></span> <span class='ocrx_word' id='word_1_42' title='bbox 1042 1004 1079 1041; x_wconf 90' lang='lat' dir='ltr'><strong>in</strong></span> <span class='ocrx_word' id='word_1_43' title='bbox 1099 1004 1248 1042; x_wconf 87' lang='lat' dir='ltr'><strong>Christo</strong></span> <span class='ocrx_word' id='word_1_44' title='bbox 1269 1005 1390 1041; x_wconf 81' lang='lat' dir='ltr'><strong>filium</strong></span> <span class='ocrx_word' id='word_1_45' title='bbox 1410 1010 1578 1042; x_wconf 92' lang='lat' dir='ltr'><strong>nostrum</strong></span> <span class='ocrx_word' id='word_1_46' title='bbox 1603 1005 1843 1056; x_wconf 80' lang='lat' dir='ltr'>Philippum,</span> <span class='ocrx_word' id='word_1_47' title='bbox 1865 1019 1988 1056; x_wconf 81' lang='lat' dir='ltr'><strong>regem</strong></span> 
     </span>
     <span class='ocr_line' id='line_1_8' title="bbox 448 1063 1987 1114; baseline -0.001 -11"><span class='ocrx_word' id='word_1_48' title='bbox 448 1067 675 1103; x_wconf 79' lang='lat' dir='ltr'><strong>Francorum</strong></span> <span class='ocrx_word' id='word_1_49' title='bbox 703 1065 903 1109; x_wconf 65' lang='lat' dir='ltr'><strong>illustrem7</strong></span> <span class='ocrx_word' id='word_1_50' title='bbox 931 1077 976 1100; x_wconf 88' lang='lat' dir='ltr'><strong>ex</strong></span> <span class='ocrx_word' id='word_1_51' title='bbox 1005 1069 1110 1114; x_wconf 86' lang='lat' dir='ltr'><strong>parte</strong></span> <span class='ocrx_word' id='word_1_52' title='bbox 1135 1077 1230 1110; x_wconf 82' lang='lat' dir='ltr'><strong>una,</strong></span> <span class='ocrx_word' id='word_1_53' title='bbox 1257 1069 1294 1100; x_wconf 92' lang='lat' dir='ltr'><strong>et</strong></span> <span class='ocrx_word' id='word_1_54' title='bbox 1317 1063 1495 1100; x_wconf 86' lang='lat' dir='ltr'><strong>dilectum</strong></span> <span class='ocrx_word' id='word_1_55' title='bbox 1524 1064 1644 1100; x_wconf 84' lang='lat' dir='ltr'><strong>filium</strong></span> <span class='ocrx_word' id='word_1_56' title='bbox 1669 1065 1834 1102; x_wconf 89' lang='lat' dir='ltr'><strong>nobilem</strong></span> <span class='ocrx_word' id='word_1_57' title='bbox 1862 1065 1987 1103; x_wconf 89' lang='lat' dir='ltr'><strong>virum</strong></span> 
     </span>
     <span class='ocr_line' id='line_1_9' title="bbox 447 1121 1990 1172; baseline -0.001 -11"><span class='ocrx_word' id='word_1_58' title='bbox 447 1124 676 1168; x_wconf 68' lang='lat' dir='ltr'><strong>Guidonum,</strong></span> <span class='ocrx_word' id='word_1_59' title='bbox 700 1122 873 1159; x_wconf 87' lang='lat' dir='ltr'><strong>comitem</strong></span> <span class='ocrx_word' id='word_1_60' title='bbox 898 1121 1113 1169; x_wconf 62' lang='lat' dir='ltr'><strong>Flandfiae,</strong></span> <span class='ocrx_word' id='word_1_61' title='bbox 1145 1135 1189 1158; x_wconf 87' lang='lat' dir='ltr'><strong>ex</strong></span> <span class='ocrx_word' id='word_1_62' title='bbox 1218 1121 1346 1168; x_wconf 78' lang='lat' dir='ltr'><strong>altera,</strong></span> <span class='ocrx_word' id='word_1_63' title='bbox 1375 1134 1488 1172; x_wconf 83' lang='lat' dir='ltr'><strong>super</strong></span> <span class='ocrx_word' id='word_1_64' title='bbox 1515 1122 1624 1159; x_wconf 89' lang='lat' dir='ltr'><strong>certis</strong></span> <span class='ocrx_word' id='word_1_65' title='bbox 1651 1122 1817 1160; x_wconf 79' lang='lat' dir='ltr'><strong>articulis</strong></span> <span class='ocrx_word' id='word_1_66' title='bbox 1843 1123 1990 1161; x_wconf 89' lang='lat' dir='ltr'><strong>dissen-</strong></span> 
     </span>
     <span class='ocr_line' id='line_1_10' title="bbox 448 1179 1988 1231; baseline -0.001 -11"><span class='ocrx_word' id='word_1_67' title='bbox 448 1183 562 1220; x_wconf 83' lang='lat' dir='ltr'><strong>tionis</strong></span> <span class='ocrx_word' id='word_1_68' title='bbox 580 1181 749 1226; x_wconf 72' lang='lat' dir='ltr'><strong>materia,</strong></span> <span class='ocrx_word' id='word_1_69' title='bbox 770 1180 898 1217; x_wconf 89' lang='lat' dir='ltr'><strong>litibus</strong></span> <span class='ocrx_word' id='word_1_70' title='bbox 917 1180 1027 1216; x_wconf 86' lang='lat' dir='ltr'><strong>etiam</strong></span> <span class='ocrx_word' id='word_1_71' title='bbox 1046 1184 1082 1216; x_wconf 87' lang='lat' dir='ltr'><strong>et</strong></span> <span class='ocrx_word' id='word_1_72' title='bbox 1098 1179 1381 1230; x_wconf 82' lang='lat' dir='ltr'><strong>quaestionibus</strong></span> <span class='ocrx_word' id='word_1_73' title='bbox 1399 1181 1556 1226; x_wconf 72' lang='lat' dir='ltr'><strong>exortis,</strong></span> <span class='ocrx_word' id='word_1_74' title='bbox 1577 1180 1703 1230; x_wconf 88' lang='lat' dir='ltr'><strong>plures</strong></span> <span class='ocrx_word' id='word_1_75' title='bbox 1721 1181 1988 1231; x_wconf 78' lang='lat' dir='ltr'><strong>appellationes</strong></span> 
     </span>
     <span class='ocr_line' id='line_1_11' title="bbox 449 1237 1988 1292; baseline -0.001 -15"><span class='ocrx_word' id='word_1_76' title='bbox 449 1254 517 1292; x_wconf 90' lang='lat' dir='ltr'><strong>pro</strong></span> <span class='ocrx_word' id='word_1_77' title='bbox 534 1245 637 1290; x_wconf 89' lang='lat' dir='ltr'><strong>parte</strong></span> <span class='ocrx_word' id='word_1_78' title='bbox 656 1239 773 1289; x_wconf 91' lang='lat' dir='ltr'><strong>ipsius</strong></span> <span class='ocrx_word' id='word_1_79' title='bbox 797 1239 943 1276; x_wconf 84' lang='lat' dir='ltr'><strong>comitis</strong></span> <span class='ocrx_word' id='word_1_80' title='bbox 966 1243 1001 1275; x_wconf 91' lang='lat' dir='ltr'><strong>et</strong></span> <span class='ocrx_word' id='word_1_81' title='bbox 1020 1239 1052 1275; x_wconf 92' lang='lat' dir='ltr'><strong>ei</strong></span> <span class='ocrx_word' id='word_1_82' title='bbox 1074 1237 1358 1275; x_wconf 86' lang='lat' dir='ltr'><strong>adhaerentium</strong></span> <span class='ocrx_word' id='word_1_83' title='bbox 1382 1239 1533 1275; x_wconf 88' lang='lat' dir='ltr'><strong>suerunt</strong></span> <span class='ocrx_word' id='word_1_84' title='bbox 1553 1239 1746 1275; x_wconf 85' lang='lat' dir='ltr'><strong>occasione</strong></span> <span class='ocrx_word' id='word_1_85' title='bbox 1771 1239 1988 1288; x_wconf 89' lang='lat' dir='ltr'><strong>hujusmodi</strong></span> 
     </span>
     <span class='ocr_line' id='line_1_12' title="bbox 449 1296 1989 1349; baseline -0.001 -12"><span class='ocrx_word' id='word_1_86' title='bbox 449 1299 496 1337; x_wconf 83' lang='lat' dir='ltr'><strong>ad</strong></span> <span class='ocrx_word' id='word_1_87' title='bbox 519 1298 641 1336; x_wconf 89' lang='lat' dir='ltr'><strong>sedem</strong></span> <span class='ocrx_word' id='word_1_88' title='bbox 661 1297 900 1347; x_wconf 83' lang='lat' dir='ltr'><strong>apostolicam</strong></span> <span class='ocrx_word' id='word_1_89' title='bbox 925 1297 1148 1347; x_wconf 83' lang='lat' dir='ltr'><strong>interjectae.</strong></span> <span class='ocrx_word' id='word_1_90' title='bbox 1176 1296 1249 1334; x_wconf 86' lang='lat' dir='ltr'><strong>Nos</strong></span> <span class='ocrx_word' id='word_1_91' title='bbox 1273 1301 1395 1333; x_wconf 87' lang='lat' dir='ltr'><strong>autem</strong></span> <span class='ocrx_word' id='word_1_92' title='bbox 1419 1296 1527 1334; x_wconf 86' lang='lat' dir='ltr'><strong>certis</strong></span> <span class='ocrx_word' id='word_1_93' title='bbox 1556 1310 1602 1333; x_wconf 87' lang='lat' dir='ltr'><strong>ex</strong></span> <span class='ocrx_word' id='word_1_94' title='bbox 1625 1297 1745 1334; x_wconf 88' lang='lat' dir='ltr'><strong>causis</strong></span> <span class='ocrx_word' id='word_1_95' title='bbox 1770 1310 1868 1349; x_wconf 82' lang='lat' dir='ltr'><strong>quae</strong></span> <span class='ocrx_word' id='word_1_96' title='bbox 1885 1297 1933 1335; x_wconf 83' lang='lat' dir='ltr'><strong>ad</strong></span> <span class='ocrx_word' id='word_1_97' title='bbox 1949 1297 1989 1335; x_wconf 87' lang='lat' dir='ltr'><strong>id</strong></span> 
     </span>
     <span class='ocr_line' id='line_1_13' title="bbox 450 1349 1990 1408; baseline 0 -14"><span class='ocrx_word' id='word_1_98' title='bbox 450 1356 720 1395; x_wconf 83' lang='lat' dir='ltr'><strong>rationabiliter</strong></span> <span class='ocrx_word' id='word_1_99' title='bbox 738 1368 805 1392; x_wconf 91' lang='lat' dir='ltr'><strong>nos</strong></span> <span class='ocrx_word' id='word_1_100' title='bbox 824 1355 1025 1402; x_wconf 80' lang='lat' dir='ltr'><strong>inducunt,</strong></span> <span class='ocrx_word' id='word_1_101' title='bbox 1045 1356 1219 1392; x_wconf 89' lang='lat' dir='ltr'><strong>volumus</strong></span> <span class='ocrx_word' id='word_1_102' title='bbox 1235 1360 1277 1392; x_wconf 92' lang='lat' dir='ltr'><strong>ut</strong></span> <span class='ocrx_word' id='word_1_103' title='bbox 1290 1354 1507 1405; x_wconf 83' lang='lat' dir='ltr'><strong>hujusmodi</strong></span> <span class='ocrx_word' id='word_1_104' title='bbox 1526 1355 1802 1406; x_wconf 83' lang='lat' dir='ltr'><strong>appellantibus</strong></span> <span class='ocrx_word' id='word_1_105' title='bbox 1823 1349 1990 1408; x_wconf 75' lang='lat' dir='ltr'><strong>tempora¹</strong></span> 
     </span>
     <span class='ocr_line' id='line_1_14' title="bbox 449 1414 1994 1467; baseline -0.001 -14"><span class='ocrx_word' id='word_1_106' title='bbox 449 1415 793 1467; x_wconf 86' lang='lat' dir='ltr'><strong>prosequendarum</strong></span> <span class='ocrx_word' id='word_1_107' title='bbox 823 1415 1116 1465; x_wconf 85' lang='lat' dir='ltr'><strong>appellationum</strong></span> <span class='ocrx_word' id='word_1_108' title='bbox 1152 1419 1187 1451; x_wconf 90' lang='lat' dir='ltr'><strong>et</strong></span> <span class='ocrx_word' id='word_1_109' title='bbox 1215 1414 1311 1464; x_wconf 92' lang='lat' dir='ltr'><strong>juris</strong></span> <span class='ocrx_word' id='word_1_110' title='bbox 1341 1419 1476 1452; x_wconf 86' lang='lat' dir='ltr'><strong>statuta</strong></span> <span class='ocrx_word' id='word_1_111' title='bbox 1507 1428 1583 1452; x_wconf 90' lang='lat' dir='ltr'><strong>non</strong></span> <span class='ocrx_word' id='word_1_112' title='bbox 1617 1419 1783 1462; x_wconf 72' lang='lat' dir='ltr'><strong>currant,</strong></span> <span class='ocrx_word' id='word_1_113' title='bbox 1815 1419 1852 1452; x_wconf 88' lang='lat' dir='ltr'><strong>et</strong></span> <span class='ocrx_word' id='word_1_114' title='bbox 1885 1414 1994 1466; x_wconf 42' lang='lat' dir='ltr'><strong>quod„</strong></span> 
     </span>
     <span class='ocr_line' id='line_1_15' title="bbox 449 1473 1988 1530; baseline 0 -17"><span class='ocrx_word' id='word_1_115' title='bbox 449 1476 574 1513; x_wconf 88' lang='lat' dir='ltr'><strong>omnia</strong></span> <span class='ocrx_word' id='word_1_116' title='bbox 593 1488 706 1524; x_wconf 91' lang='lat' dir='ltr'><strong>super</strong></span> <span class='ocrx_word' id='word_1_117' title='bbox 726 1474 865 1524; x_wconf 89' lang='lat' dir='ltr'><strong>quibus</strong></span> <span class='ocrx_word' id='word_1_118' title='bbox 883 1475 1110 1525; x_wconf 85' lang='lat' dir='ltr'><strong>appellatum</strong></span> <span class='ocrx_word' id='word_1_119' title='bbox 1129 1479 1184 1511; x_wconf 89' lang='lat' dir='ltr'><strong>est</strong></span> <span class='ocrx_word' id='word_1_120' title='bbox 1205 1479 1242 1530; x_wconf 69' lang='lat' dir='ltr'><strong>et</strong></span> <span class='ocrx_word' id='word_1_121' title='bbox 1252 1473 1596 1525; x_wconf 46' lang='lat' dir='ltr'><strong>„illa-„contingentia</strong></span> <span class='ocrx_word' id='word_1_122' title='bbox 1614 1474 1653 1511; x_wconf 86' lang='lat' dir='ltr'><strong>in</strong></span> <span class='ocrx_word' id='word_1_123' title='bbox 1672 1487 1716 1511; x_wconf 90' lang='lat' dir='ltr'><strong>eo</strong></span> <span class='ocrx_word' id='word_1_124' title='bbox 1735 1475 1774 1512; x_wconf 91' lang='lat' dir='ltr'><strong>in</strong></span> <span class='ocrx_word' id='word_1_125' title='bbox 1792 1488 1868 1526; x_wconf 90' lang='lat' dir='ltr'><strong>quo</strong></span> <span class='ocrx_word' id='word_1_126' title='bbox 1886 1489 1988 1513; x_wconf 87' lang='lat' dir='ltr'><strong>nunc</strong></span> 
     </span>
     <span class='ocr_line' id='line_1_16' title="bbox 450 1532 1988 1584; baseline -0.001 -11"><span class='ocrx_word' id='word_1_127' title='bbox 450 1540 537 1573; x_wconf 88' lang='lat' dir='ltr'><strong>sunt</strong></span> <span class='ocrx_word' id='word_1_128' title='bbox 552 1538 650 1572; x_wconf 87' lang='lat' dir='ltr'><strong>statu</strong></span> <span class='ocrx_word' id='word_1_129' title='bbox 669 1534 890 1580; x_wconf 79' lang='lat' dir='ltr'><strong>consistant,</strong></span> <span class='ocrx_word' id='word_1_130' title='bbox 909 1534 1028 1571; x_wconf 87' lang='lat' dir='ltr'><strong>donec</strong></span> <span class='ocrx_word' id='word_1_131' title='bbox 1046 1536 1159 1584; x_wconf 87' lang='lat' dir='ltr'><strong>super</strong></span> <span class='ocrx_word' id='word_1_132' title='bbox 1178 1532 1249 1570; x_wconf 81' lang='lat' dir='ltr'><strong>ffiis</strong></span> <span class='ocrx_word' id='word_1_133' title='bbox 1268 1533 1370 1570; x_wconf 86' lang='lat' dir='ltr'><strong>aliud</strong></span> <span class='ocrx_word' id='word_1_134' title='bbox 1389 1533 1607 1571; x_wconf 86' lang='lat' dir='ltr'><strong>duxerimus</strong></span> <span class='ocrx_word' id='word_1_135' title='bbox 1631 1534 1901 1581; x_wconf 82' lang='lat' dir='ltr'><strong>ordinandum,</strong></span> <span class='ocrx_word' id='word_1_136' title='bbox 1920 1548 1988 1572; x_wconf 83' lang='lat' dir='ltr'><strong>nec</strong></span> 
     </span>
     <span class='ocr_line' id='line_1_17' title="bbox 451 1591 1587 1644; baseline -0.001 -14"><span class='ocrx_word' id='word_1_137' title='bbox 451 1607 516 1644; x_wconf 86' lang='lat' dir='ltr'><strong>per</strong></span> <span class='ocrx_word' id='word_1_138' title='bbox 533 1593 679 1644; x_wconf 87' lang='lat' dir='ltr'><strong>lapsum</strong></span> <span class='ocrx_word' id='word_1_139' title='bbox 700 1591 876 1643; x_wconf 88' lang='lat' dir='ltr'><strong>temporis</strong></span> <span class='ocrx_word' id='word_1_140' title='bbox 895 1593 1070 1643; x_wconf 86' lang='lat' dir='ltr'><strong>cuiquam</strong></span> <span class='ocrx_word' id='word_1_141' title='bbox 1090 1591 1373 1644; x_wconf 55' lang='lat' dir='ltr'><strong>praejudjpjum,</strong></span> <span class='ocrx_word' id='word_1_142' title='bbox 1375 1597 1587 1643; x_wconf 77' lang='lat' dir='ltr'><strong>generetur.</strong></span> 
     </span>
    </p>

    <p class='ocr_par' dir='ltr' id='par_1_6' title="bbox 500 1650 1986 1702">
     <span class='ocr_line' id='line_1_18' title="bbox 500 1650 1986 1702; baseline 0 -14"><span class='ocrx_word' id='word_1_143' title='bbox 500 1652 634 1688; x_wconf 90' lang='lat' dir='ltr'><strong>Datum</strong></span> <span class='ocrx_word' id='word_1_144' title='bbox 653 1651 793 1688; x_wconf 88' lang='lat' dir='ltr'><strong>Romae</strong></span> <span class='ocrx_word' id='word_1_145' title='bbox 810 1650 910 1700; x_wconf 88' lang='lat' dir='ltr'><strong>apud</strong></span> <span class='ocrx_word' id='word_1_146' title='bbox 935 1650 1112 1688; x_wconf 88' lang='lat' dir='ltr'><strong>Sanctum</strong></span> <span class='ocrx_word' id='word_1_147' title='bbox 1135 1650 1306 1696; x_wconf 80' lang='lat' dir='ltr'><strong>Petrum,</strong></span> <span class='ocrx_word' id='word_1_148' title='bbox 1324 1650 1563 1701; x_wconf 84' lang='lat' dir='ltr'><strong>pontificatus</strong></span> <span class='ocrx_word' id='word_1_149' title='bbox 1585 1651 1701 1688; x_wconf 88' lang='lat' dir='ltr'><strong>nostri</strong></span> <span class='ocrx_word' id='word_1_150' title='bbox 1722 1663 1821 1688; x_wconf 86' lang='lat' dir='ltr'><strong>anno</strong></span> <span class='ocrx_word' id='word_1_151' title='bbox 1841 1656 1986 1702; x_wconf 85' lang='lat' dir='ltr'><strong>quarto.</strong></span> 
     </span>
    </p>
   </div>
   <div class='ocr_carea' id='block_1_5' title="bbox 1161 1775 1269 1782">
    <p class='ocr_par' dir='ltr' id='par_1_7' title="bbox 1161 1775 1269 1782">
     <span class='ocr_line' id='line_1_19' title="bbox 1161 1775 1269 1782; baseline 0.009 -3"><span class='ocrx_word' id='word_1_152' title='bbox 1161 1775 1269 1782; x_wconf 41' lang='grc' dir='ltr'><strong>ὴν,-</strong></span> 
     </span>
    </p>
   </div>
   <div class='ocr_carea' id='block_1_6' title="bbox 1125 1914 1315 1952">
    <p class='ocr_par' dir='ltr' id='par_1_8' title="bbox 1125 1914 1315 1952">
     <span class='ocr_line' id='line_1_20' title="bbox 1125 1914 1315 1952; baseline 0 -2"><span class='ocrx_word' id='word_1_153' title='bbox 1125 1914 1315 1952; x_wconf 85' lang='lat' dir='ltr'><strong>LXXVIII.</strong></span> 
     </span>
    </p>
   </div>
   <div class='ocr_carea' id='block_1_7' title="bbox 572 2031 1862 2082">
    <p class='ocr_par' dir='ltr' id='par_1_9' title="bbox 572 2031 1862 2082">
     <span class='ocr_line' id='line_1_21' title="bbox 572 2031 1862 2082; baseline -0.001 -13"><span class='ocrx_word' id='word_1_154' title='bbox 572 2033 692 2082; x_wconf 82' lang='lat' dir='ltr'><strong>Appel</strong></span> <span class='ocrx_word' id='word_1_155' title='bbox 710 2033 860 2069; x_wconf 83' lang='lat' dir='ltr'><strong>adresse&#39;</strong></span> <span class='ocrx_word' id='word_1_156' title='bbox 884 2045 934 2069; x_wconf 82' lang='lat' dir='ltr'><strong>au</strong></span> <span class='ocrx_word' id='word_1_157' title='bbox 949 2045 1045 2081; x_wconf 82' lang='lat' dir='ltr'><strong>pape</strong></span> <span class='ocrx_word' id='word_1_158' title='bbox 1069 2032 1245 2082; x_wconf 80' lang='lat' dir='ltr'><strong>Bonisace</strong></span> <span class='ocrx_word' id='word_1_159' title='bbox 1265 2033 1302 2069; x_wconf 94' lang='lat' dir='ltr'><em>V</em></span> <span class='ocrx_word' id='word_1_160' title='bbox 1304 2033 1366 2069; x_wconf 89' lang='grc'><strong>111</strong></span> <span class='ocrx_word' id='word_1_161' title='bbox 1381 2038 1504 2069; x_wconf 78' lang='lat' dir='ltr'><strong>contre</strong></span> <span class='ocrx_word' id='word_1_162' title='bbox 1520 2031 1692 2081; x_wconf 69' lang='lat' dir='ltr'><strong>Philippa</strong></span> <span class='ocrx_word' id='word_1_163' title='bbox 1711 2031 1742 2069; x_wconf 82' lang='lat' dir='ltr'><strong>le</strong></span> <span class='ocrx_word' id='word_1_164' title='bbox 1759 2032 1828 2069; x_wconf 84' lang='lat' dir='ltr'><strong>Bel</strong></span> <span class='ocrx_word' id='word_1_165' title='bbox 1840 2035 1862 2068; x_wconf 88' lang='lat'><strong>¹.</strong></span> 
     </span>
    </p>
   </div>
   <div class='ocr_carea' id='block_1_8' title="bbox 450 2227 1987 2338">
    <p class='ocr_par' dir='ltr' id='par_1_10' title="bbox 450 2227 1987 2338">
     <span class='ocr_line' id='line_1_22' title="bbox 496 2227 1987 2279; baseline 0.001 -14"><span class='ocrx_word' id='word_1_166' title='bbox 496 2229 517 2266; x_wconf 89' lang='lat' dir='ltr'>J</span> <span class='ocrx_word' id='word_1_167' title='bbox 522 2242 586 2264; x_wconf 82' lang='lat' dir='ltr'><strong>ura</strong></span> <span class='ocrx_word' id='word_1_168' title='bbox 600 2228 731 2265; x_wconf 88' lang='lat' dir='ltr'><strong>dicunt</strong></span> <span class='ocrx_word' id='word_1_169' title='bbox 749 2228 910 2265; x_wconf 81' lang='lat' dir='ltr'><strong>maxima</strong></span> <span class='ocrx_word' id='word_1_170' title='bbox 928 2227 1026 2264; x_wconf 90' lang='lat' dir='ltr'><strong>dona</strong></span> <span class='ocrx_word' id='word_1_171' title='bbox 1047 2228 1114 2264; x_wconf 93' lang='lat' dir='ltr'><strong>Dei</strong></span> <span class='ocrx_word' id='word_1_172' title='bbox 1134 2228 1351 2265; x_wconf 90' lang='lat' dir='ltr'><strong>hominibus</strong></span> <span class='ocrx_word' id='word_1_173' title='bbox 1370 2242 1390 2265; x_wconf 85' lang='lat' dir='ltr'><strong>a</strong></span> <span class='ocrx_word' id='word_1_174' title='bbox 1407 2241 1567 2279; x_wconf 88' lang='lat' dir='ltr'><strong>superna</strong></span> <span class='ocrx_word' id='word_1_175' title='bbox 1587 2228 1781 2265; x_wconf 87' lang='lat' dir='ltr'><strong>clementia</strong></span> <span class='ocrx_word' id='word_1_176' title='bbox 1803 2232 1891 2266; x_wconf 91' lang='lat' dir='ltr'><strong>sunt</strong></span> <span class='ocrx_word' id='word_1_177' title='bbox 1908 2229 1987 2266; x_wconf 87' lang='lat' dir='ltr'><strong>col—</strong></span> 
     </span>
     <span class='ocr_line' id='line_1_23' title="bbox 450 2286 1983 2338; baseline 0.001 -16"><span class='ocrx_word' id='word_1_178' title='bbox 450 2286 541 2332; x_wconf 67' lang='lat' dir='ltr'><strong>lata,</strong></span> <span class='ocrx_word' id='word_1_179' title='bbox 563 2286 809 2323; x_wconf 86' lang='lat' dir='ltr'><strong>sacerdotium</strong></span> <span class='ocrx_word' id='word_1_180' title='bbox 827 2286 1002 2322; x_wconf 81' lang='lat' dir='ltr'><strong>videlicet</strong></span> <span class='ocrx_word' id='word_1_181' title='bbox 1019 2290 1054 2322; x_wconf 88' lang='lat' dir='ltr'><strong>et</strong></span> <span class='ocrx_word' id='word_1_182' title='bbox 1079 2286 1290 2336; x_wconf 90' lang='lat' dir='ltr'><strong>imperium.</strong></span> <span class='ocrx_word' id='word_1_183' title='bbox 1309 2287 1411 2324; x_wconf 83' lang='lat' dir='ltr'><strong>Istud</strong></span> <span class='ocrx_word' id='word_1_184' title='bbox 1433 2291 1577 2338; x_wconf 89' lang='lat' dir='ltr'><strong>praeest</strong></span> <span class='ocrx_word' id='word_1_185' title='bbox 1602 2286 1758 2333; x_wconf 67' lang='lat' dir='ltr'><strong>divinis,</strong></span> <span class='ocrx_word' id='word_1_186' title='bbox 1784 2287 1983 2337; x_wconf 80' lang='lat' dir='ltr'><strong>Imperium</strong></span> 
     </span>
    </p>
   </div>
   <div class='ocr_carea' id='block_1_9' title="bbox 448 2402 1928 2486">
    <p class='ocr_par' dir='ltr' id='par_1_11' title="bbox 448 2402 1928 2486">
     <span class='ocr_line' id='line_1_24' title="bbox 486 2402 1928 2441; baseline 0.001 -12"><span class='ocrx_word' id='word_1_187' title='bbox 486 2404 493 2418; x_wconf 90' lang='grc'><em>“</em></span> <span class='ocrx_word' id='word_1_188' title='bbox 515 2404 563 2429; x_wconf 86' lang='lat' dir='ltr'><strong>Cet</strong></span> <span class='ocrx_word' id='word_1_189' title='bbox 583 2407 639 2430; x_wconf 84' lang='lat' dir='ltr'><strong>acte</strong></span> <span class='ocrx_word' id='word_1_190' title='bbox 662 2405 767 2439; x_wconf 79' lang='lat' dir='ltr'><strong>d&#39;appel</strong></span> <span class='ocrx_word' id='word_1_191' title='bbox 786 2406 874 2439; x_wconf 75' lang='lat' dir='ltr'><strong>paralt</strong></span> <span class='ocrx_word' id='word_1_192' title='bbox 888 2407 964 2432; x_wconf 75' lang='lat' dir='ltr'><strong>avoIr</strong></span> <span class='ocrx_word' id='word_1_193' title='bbox 976 2402 1021 2433; x_wconf 76' lang='grc' dir='ltr'><strong>όιέ</strong></span> <span class='ocrx_word' id='word_1_194' title='bbox 1037 2407 1145 2433; x_wconf 74' lang='lat' dir='ltr'><strong>I‘oeuvre</strong></span> <span class='ocrx_word' id='word_1_195' title='bbox 1159 2407 1192 2432; x_wconf 88' lang='lat' dir='ltr'><strong>de</strong></span> <span class='ocrx_word' id='word_1_196' title='bbox 1242 2406 1329 2432; x_wconf 77' lang='lat' dir='ltr'><strong>l&#39;abbe</strong></span> <span class='ocrx_word' id='word_1_197' title='bbox 1339 2406 1372 2432; x_wconf 82' lang='lat' dir='ltr'><strong>de</strong></span> <span class='ocrx_word' id='word_1_198' title='bbox 1387 2407 1497 2433; x_wconf 77' lang='lat' dir='ltr'><strong>Citeaux</strong></span> <span class='ocrx_word' id='word_1_199' title='bbox 1509 2414 1543 2433; x_wconf 83' lang='lat' dir='ltr'><strong>eu</strong></span> <span class='ocrx_word' id='word_1_200' title='bbox 1557 2407 1582 2433; x_wconf 88' lang='lat' dir='ltr'><strong>le</strong></span> <span class='ocrx_word' id='word_1_201' title='bbox 1592 2406 1692 2433; x_wconf 76' lang='lat' dir='ltr'><strong>faisant</strong></span> <span class='ocrx_word' id='word_1_202' title='bbox 1698 2406 1770 2440; x_wconf 68' lang='lat' dir='ltr'><strong>jeten·</strong></span> <span class='ocrx_word' id='word_1_203' title='bbox 1779 2412 1814 2432; x_wconf 86' lang='lat' dir='ltr'><strong>en</strong></span> <span class='ocrx_word' id='word_1_204' title='bbox 1826 2406 1928 2441; x_wconf 82' lang='lat' dir='ltr'><strong>prison.</strong></span> 
     </span>
     <span class='ocr_line' id='line_1_25' title="bbox 448 2449 1189 2486; baseline 0.005 -11"><span class='ocrx_word' id='word_1_205' title='bbox 448 2450 536 2476; x_wconf 81' lang='lat' dir='ltr'><strong>&#39;ordre</strong></span> <span class='ocrx_word' id='word_1_206' title='bbox 554 2449 587 2475; x_wconf 87' lang='lat' dir='ltr'><strong>de</strong></span> <span class='ocrx_word' id='word_1_207' title='bbox 606 2449 726 2476; x_wconf 80' lang='lat' dir='ltr'><strong>Clteaux.</strong></span> <span class='ocrx_word' id='word_1_208' title='bbox 750 2450 874 2484; x_wconf 73' lang='lat' dir='ltr'><strong>Philippe</strong></span> <span class='ocrx_word' id='word_1_209' title='bbox 890 2452 913 2476; x_wconf 88' lang='lat' dir='ltr'><strong>Ie</strong></span> <span class='ocrx_word' id='word_1_210' title='bbox 930 2452 976 2478; x_wconf 89' lang='lat' dir='ltr'><strong>Bel</strong></span> <span class='ocrx_word' id='word_1_211' title='bbox 993 2459 1022 2478; x_wconf 81' lang='lat' dir='ltr'><strong>sc</strong></span> <span class='ocrx_word' id='word_1_212' title='bbox 1039 2461 1141 2486; x_wconf 79' lang='lat' dir='ltr'><strong>vengea</strong></span> <span class='ocrx_word' id='word_1_213' title='bbox 1156 2453 1189 2478; x_wconf 87' lang='lat' dir='ltr'><strong>de</strong></span> 
     </span>
    </p>
   </div>
  </div>
 </body>
</html>
