2184 3074
709 325 869 363 CODEX
897 323 1141 363 DUNENSIS.
1618 328 1684 365 22¹

814 488 1039 527 CXXXVIII.

348 609 565 648 Abdication
591 609 634 646 de
659 608 870 646 Guillaume
895 607 938 644 de
963 607 1136 652 Damme,
1163 606 1248 644 abbe'
1272 607 1316 644 de
1346 607 1504 645 Tltosan.

207 803 392 841 Omnibus
408 817 580 854 praesens
593 803 773 854 scriptum
787 802 922 839 visuris
938 802 1065 839 fratres
1080 802 1167 839 tales
1183 802 1342 840 humiles
1355 803 1521 849 abbates,
1535 803 1690 840 salutem

160 866 195 899 et
213 875 364 899 noscere
381 862 584 899 veritatem.

209 920 263 957 Ne
281 933 383 957 mora
402 920 502 970 longi
522 919 698 970 temporis
716 918 939 955 evidentiam
969 923 1091 970 gestae
1113 919 1164 955 rei
1183 917 1355 955 excludat
1374 923 1438 955 aut
1457 918 1524 955 rite
1544 918 1635 955 sacta
1657 918 1694 954 in

163 978 361 1016 recidivam
380 978 685 1030 disceptationem
705 977 882 1023 deducat,
895 991 935 1014 ea
954 991 1050 1028 quae
1069 982 1278 1028 sequuntur
1291 977 1336 1014 ad
1354 976 1605 1014 universitatis
1620 989 1697 1012 ves·

165 1043 240 1075 trae
255 1037 423 1075 notitiam
439 1037 616 1075 duximus
631 1037 878 1087 perducenda.
894 1037 989 1074 Sane
1004 1050 1088 1074 cum
1103 1037 1278 1074 dominus
1289 1035 1560 1086 W.‚quondam
1581 1034 1695 1071 abbas

163 1097 210 1134 (le
223 1125 351 1133 ......
363 1100 490 1133 contra
508 1108 620 1146 quem
638 1094 738 1145 apud
755 1108 841 1132 suos
860 1108 935 1131 non
955 1095 1089 1141 solum,
1109 1107 1237 1131 verum
1256 1094 1365 1131 etiam
1386 1093 1486 1144 apud
1501 1098 1694 1129 extraneos

164 1167 230 1206 pro
253 1155 415 1206 quadam
445 1155 564 1192 littera
586 1154 815 1205 deprehensa
834 1154 1090 1204 praejudiciali
1118 1159 1234 1191 terrae
1252 1153 1466 1198 Flandriae,
1486 1156 1528 1189 ut
1545 1152 1696 1188 diceba-

164 1219 240 1259 tur,
258 1227 371 1264 quam
394 1213 639 1263 jurejurando
657 1226 780 1250 coram
799 1212 954 1250 domino
981 1218 1098 1250 terrae
1122 1217 1157 1249 et
1181 1212 1342 1249 scabinis
1360 1211 1469 1248 villae
1497 1210 1696 1260 Brugensis

163 1286 200 1310 se
218 1271 361 1309 misisse
381 1271 542 1322 negavit,
561 1276 596 1308 et
614 1271 854 1322 postmodum
873 1275 928 1308 est
939 1271 1141 1316 confessus,
1157 1283 1223 1306 nec
1237 1269 1396 1306 aliorum
1412 1268 1605 1305 occasione
1620 1281 1697 1305 sus-

164 1330 328 1382 piciones
345 1343 472 1381 graves
492 1334 527 1367 et
544 1329 788 1367 dissentiones
806 1333 955 1366 exortae
974 1329 1138 1374 fuerant,
1162 1341 1257 1378 quae
1276 1327 1346 1378 ipsi
1372 1326 1547 1364 ecclesiae
1563 1326 1610 1363 de
1628 1326 1698 1362 Ca-

164 1387 258 1440 pella
285 1388 498 1426 afflietionis
530 1387 683 1439 dampni
715 1391 751 1424 et
783 1387 969 1437 dispendii
1006 1385 1252 1423 intolerabilis
1284 1385 1475 1422 materiam
1510 1384 1697 1434 copiosius

164 1447 380 1494 afferebant,
405 1451 440 1483 et
457 1459 553 1497 quae
578 1446 643 1483 illo
662 1446 700 1483 in
724 1451 889 1496 tempore
910 1445 1029 1483 sedari
1058 1457 1133 1482 non
1159 1448 1345 1495 poterant,
1366 1443 1451 1480 licet
1468 1443 1514 1479 ad
1537 1443 1573 1479 id
1593 1442 1699 1479 sulli-

165 1506 303 1543 cienter
320 1505 485 1542 crebrius
507 1505 618 1542 fuerit
641 1505 867 1547 laboratum,
888 1503 1099 1555 prospicere
1121 1503 1294 1540 ecclesiae
1313 1515 1399 1539 suae
1424 1500 1523 1551 paci,
1543 1514 1588 1536 ne
1614 1500 1697 1550 plus

166 1563 404 1614 temporalem
423 1564 601 1601 honorem
615 1564 783 1601 affectare
795 1563 984 1600 videretur
997 1575 1110 1613 quam
1125 1562 1280 1598 salutem
1295 1565 1493 1603 aeternam,
1513 1564 1596 1610 post
1613 1572 1698 1608 sup·

167 1621 382 1672 pIicatIones
399 1621 519 1659 varias
534 1621 692 1658 humiles
710 1626 746 1658 et
759 1621 936 1658 instantes
949 1621 996 1657 ab
1014 1621 1094 1671 ipso
1109 1624 1314 1670 porrectas,
1331 1623 1371 1655 ut
1386 1618 1698 1661 intellexeramus,

164 1679 317 1717 domino
334 1679 459 1716 abbati
478 1679 524 1716 de
541 1679 679 1725 Dunis,
697 1679 899 1716 venerabili
925 1692 991 1715 suo
1015 1678 1129 1728 patri,
1157 1677 1265 1713 nobis
1294 1676 1432 1713 vocatis
1456 1675 1503 1712 ab
1529 1675 1609 1725 ipso
1637 1675 1700 1711 do-

166 1738 267 1775 mino
290 1738 423 1775 abbate
441 1738 487 1774 de
508 1738 647 1783 Dunis,
663 1742 699 1775 et
715 1737 761 1774 ad
783 1737 919 1774 dietam
941 1737 1094 1773 domum
1114 1735 1160 1772 de
1177 1735 1323 1785 Capella
1340 1739 1492 1785 propter
1513 1733 1583 1770 hoc
1602 1733 1695 1770 insi-

167 1797 243 1833 mul
265 1796 510 1846 congregatis⁷
532 1796 700 1846 diligenti
722 1795 988 1833 nichilominus
1009 1794 1291 1844 investigatione
1309 1792 1511 1844 praemissa
1539 1797 1574 1827 ct
1599 1804 1703 1828 com-

167 1858 270 1905 perto
293 1867 313 1890 a
344 1854 675 1904 praestantioribus
702 1853 822 1890 dictae
849 1853 982 1890 domus
1011 1852 1075 1903 qui
1110 1865 1182 1888 non
1212 1850 1480 1901 reputabantur
1510 1849 1546 1886 in
1574 1849 1701 1899 aliquo

169 1914 359 1965 partiales,
377 1913 477 1964 quod
497 1927 578 1960 sua7
597 1927 665 1964 pro
684 1926 758 1964 qua
774 1913 974 1958 institerat,
994 1912 1108 1949 cessio
1133 1910 1353 1962 expediebat
1370 1910 1560 1952 ecclcsiae,
1579 1909 1703 1958 quod-

169 1986 242 2022 que
268 1972 307 2008 in
333 1972 456 2010 officio
485 1985 559 2009 non
591 1976 751 2022 poterat⁷
779 1976 932 2022 propter
961 1970 1152 2008 suscitatas
1177 1969 1380 2006 discordias
1410 1973 1445 2004 et
1473 1967 1703 2004 turbationes

171 2030 342 2080 injectas‚
371 2030 524 2081 pacifice
554 2043 761 2072 remanere,
784 2030 822 2066 in
844 2029 954 2080 pleno
977 2028 1140 2078 capitulo
1171 2027 1279 2064 nobis
1308 2031 1343 2063 et
1378 2026 1478 2062 dicto
1500 2024 1702 2061 venerabili

173 2094 275 2140 patre
292 2089 444 2126 domino
463 2089 587 2126 abbati
607 2089 653 2125 de
670 2088 791 2125 Dunis
806 2088 945 2125 ibidem
961 2086 1233 2131 assistentibus‚
1253 2085 1349 2122 idem
1367 2084 1541 2121 dominus
1561 2082 1706 2119 WiIIel-

174 2162 273 2194 mus,
294 2148 436 2185 veniam
455 2153 581 2198 petens
601 2152 635 2184 et
651 2161 670 2184 a
689 2151 858 2197 suscepto
878 2145 1084 2182 ministerio
1103 2144 1256 2181 relaxari
1283 2143 1491 2193 postulans,
1513 2155 1578 2179 sua
1597 2141 1708 2178 cessit

174 2212 375 2258 spontanea
394 2207 590 2243 voluntate.
610 2207 651 2243 ln
670 2207 777 2256 cujus
795 2206 866 2250 rei,
884 2210 952 2242 etc.

894 2360 990 2367 -.τ-
