2184 3074
725 295 886 332 CODEX
911 295 1159 333 DUNENSlS.
1645 301 1717 337 ⁶243

180 417 263 464 post
288 412 503 463 hujusmodi
531 412 691 449 reditum
721 411 1034 462 computandum,
1067 413 1178 450 intret
1208 413 1371 464 aliquam
1398 415 1445 452 de
1471 416 1715 467 religionibus

179 472 392 525 approbatis
410 472 449 509 in
466 483 540 522 qua
558 484 597 508 se
613 470 764 508 vinculo
782 471 1022 520 professionis
1042 472 1230 522 astringat.
1249 473 1358 521 Quod
1377 475 1407 511 si
1427 474 1523 512 infra
1543 476 1715 526 praedic-

180 537 259 570 tum
278 531 479 569 terminum
501 542 577 567 non
595 528 779 566 curaverit
803 528 1024 580 adimplere,
1050 530 1214 580 legitimo
1241 531 1509 582 impedimento
1534 539 1715 579 cessam

179 595 316 628 extunc
333 589 372 626 in
391 586 786 626 excommunicationis
803 587 1024 624 sententiam
1041 588 1212 638 protinus
1231 589 1427 627 relabatur.
1447 591 1492 628 Et
1508 593 1596 642 quia
1616 606 1715 630 nun-

179 648 269 686 dum
284 646 451 698 sigillum
471 646 587 683 nostri
610 645 844 696 episcopatus
862 645 1060 691 babemus,
1082 646 1246 696 sigillum
1266 648 1400 698 prioris
1425 649 1522 687 tituli
1541 652 1715 690 cardina-

175 698 276 744 latus
295 705 412 743 nostri
432 704 690 756 praesentibus
710 704 888 742 duximus
911 705 1176 755 apponendum
1202 705 1239 743 in
1260 707 1513 746 testimonium
1532 711 1714 760 praemis-

179 776 317 803 sorum.
340 764 478 801 Datum
496 762 691 809 Avinioni‚
709 775 768 800 xvi
797 763 868 800 kal.
886 762 1068 809 octobris,
1091 764 1328 814 pontificatus
1346 765 1490 804 domini
1515 767 1713 807 Clementis

178 836 295 876 papae
325 823 447 874 quinti
469 835 568 860 anno
592 822 685 859 Iulo.
708 820 753 860 Et
774 835 842 873 ego
867 822 1010 860 Franco
1037 822 1158 860 dictus
1185 823 1238 860 do
1256 824 1405 871 Ruella,
1433 826 1588 865 clericus
1618 828 1713 866 Leo-

178 882 317 920 diensis
342 880 528 931 dyocesis,
554 879 728 931 publicus
753 880 846 917 sacri
874 880 1020 930 imperii
1047 881 1265 919 auctoritate
1296 883 1477 930 notarius,
1504 886 1711 935 praedictas

176 941 315 978 litteras
339 939 436 986 vidi,
461 939 547 990 legi7
571 943 606 976 et
628 949 702 975 una
721 951 805 976 cum
825 938 992 975 discretis
1013 938 1117 985 viris,
1136 939 1308 977 videlicet
1336 940 1394 978 Jo.
1426 941 1473 978 de
1504 942 1710 990 Dionante7

179 999 373 1039 Lamberto
405 1002 442 1035 et
475 997 648 1036 Johanne
681 997 782 1034 dicto
813 997 974 1043 Salmin,
1008 997 1054 1034 de
1085 997 1289 1046 Dionante,
1322 999 1465 1038 clericis
1497 1001 1712 1040 Leodiensis

177 1058 362 1110 dyocesis,
379 1055 587 1094 examinavi
606 1060 642 1093 et
659 1056 705 1093 de
721 1056 836 1093 verbo
854 1055 901 1092 ad
921 1056 1079 1093 verbum
1097 1056 1227 1107 scripsi
1242 1062 1278 1094 et
1297 1057 1334 1094 in
1349 1059 1538 1109 publicam
1554 1060 1710 1098 sormam

177 1117 322 1168 redegi,
338 1128 496 1166 meoque
514 1115 620 1165 signo
634 1119 810 1152 consueto
823 1114 978 1165 signavi.
994 1115 1039 1151 Et
1051 1127 1118 1165 ego
1131 1115 1321 1154 Johannes
1335 1117 1509 1155 Everdeis
1522 1118 1568 1155 de
1587 1119 1693 1157 Hei-st
1702 1149 1710 1165 .,

179 1175 336 1214 clericus
365 1173 610 1224 Trajectensis
639 1173 828 1223 dyocesis,
859 1173 1035 1224 publicus
1066 1173 1248 1223 imperiali
1279 1176 1498 1212 auctoritate
1528 1178 1711 1222 notarius„

179 1234 384 1286 praefatum
402 1232 668 1284 transcriptum
687 1244 751 1269 seu
771 1231 1060 1268 instrumentum
1078 1231 1173 1276 vidi,
1198 1233 1300 1269 tenui
1320 1237 1354 1269 et
1372 1234 1509 1284 perlegi
1529 1247 1603 1272 non
1623 1249 1713 1273 can-

178 1293 368 1339 cellatuma
396 1304 472 1328 non
496 1291 688 1336 abrasum,
712 1303 787 1327 non
808 1289 1010 1335 abolitum,
1033 1302 1101 1326 nec
1123 1289 1160 1326 in
1182 1290 1306 1341 aliqua
1333 1292 1389 1328 sui
1418 1298 1520 1342 parte
1542 1293 1710 1331 vitiatum

179 1355 242 1389 aut
260 1353 478 1400 corruptum
497 1361 572 1386 una
590 1361 675 1385 cum
694 1348 863 1386 discretis
882 1348 1061 1398 personis.
1079 1377 1087 1384 .
1105 1377 1112 1384 .

890 1625 994 1662 CLV.

199 1743 251 1780 Le
268 1742 381 1791 doyen
405 1741 449 1778 de
477 1770 632 1778 .....
658 1741 800 1779 de'clare
814 1742 990 1792 re'voquer
1003 1755 1072 1779 une
1086 1748 1246 1779 sentence
1261 1742 1498 1780 d'absoluu'ou
1519 1744 1687 1780 accorde'e

655 1802 676 1838 ἀ
704 1800 918 1838 Guillaume
943 1801 986 1838 de
1011 1801 1235 1852 Saeftinqen.

225 1994 413 2042 Decanus⁷
443 2000 510 2032 etc.
537 1995 610 2034 Sua
644 1995 752 2033 nobis
783 1996 958 2047 magister
986 1995 1032 2032 de
1062 1996 1210 2034 Tliosan
1242 1996 1506 2047 conquerendo
1536 1995 1713 2045 petitione

177 2053 396 2091 monstravit
412 2053 515 2104 quod
533 2066 618 2090 cum
638 2053 681 2091 Η.
702 2053 784 2091 talis
805 2053 951 2104 jamdiu
976 2054 1319 2091 excommunicatus
1345 2053 1561 2090 auctoritate
1588 2058 1711 2090 nostra

177 2112 223 2150 ad
241 2112 455 2150 instantiam
475 2111 564 2150 dicti
586 2113 750 2163 magistri
773 2113 952 2159 extiterit7
971 2113 1151 2164 quasdam
1172 2113 1309 2150 litteras
1335 2113 1442 2150 tacita
1464 2112 1615 2149 veritate
1642 2113 1713 2149 im-

177 2171 335 2223 petravit
351 2183 371 2208 a
390 2170 514 2217 nobis,
533 2170 571 2207 in
590 2171 729 2222 quibus
759 2171 890 2208 litteris
916 2171 1129 2208 continetur
1151 2171 1254 2222 quod
1276 2171 1398 2208 dictus
1426 2171 1607 2208 Henricus
1634 2184 1713 2208 ces-

176 2229 318 2268 sionem
344 2229 588 2279 sollempnem
614 2229 741 2267 fecerit
762 2229 808 2266 de
830 2229 939 2267 bonis
964 2230 1042 2267 suis
1069 2229 1274 2267 mobilibus
1295 2234 1331 2266 et
1354 2229 1610 2267 immobilibus
1631 2242 1714 2266 om-

177 2287 305 2334 nibus,
323 2291 360 2324 et
373 2286 475 2338 quod
493 2301 560 2338 per
575 2287 712 2325 dictam
731 2288 933 2325 cessionem
953 2287 1176 2325 beneficium
1196 2287 1442 2325 absolutionis
1460 2301 1549 2325 suae
1566 2301 1586 2325 a
1605 2288 1713 2325 nobis

176 2345 355 2392 obtinuit,
373 2358 535 2396 cumque
558 2346 656 2383 idem
680 2346 877 2393 Hem-icus,
904 2351 945 2383 ut
969 2346 1077 2384 nobis
1100 2346 1210 2383 datur
1234 2347 1405 2397 intelligi,
1436 2346 1533 2384 bona
1562 2347 1712 2384 mobilia

178 2403 309 2442 babeat
331 2404 430 2441 unde
457 2405 666 2455 negotiatur
689 2405 847 2442 emendo
874 2410 908 2442 et
935 2405 1150 2450 vendendo,
1176 2405 1223 2442 de
1246 2405 1385 2455 quibus
1411 2405 1511 2442 dicto
1538 2405 1713 2455 magistro
