2184 3074
729 249 890 287 CODEX
918 248 1164 287 DUNENSIS.
1652 249 1723 285 553

179 377 263 403 rum
280 378 376 416 quae
394 369 478 416 post
494 377 533 402 se
551 363 703 415 reliquit
717 363 839 401 dictus
852 363 1063 409 defunctus,
1075 367 1250 400 tenentur
1268 362 1391 399 dictae
1407 366 1534 412 portae
1549 362 1586 399 in
1602 362 1716 400 xvln

179 424 326 471 solidis,
344 429 484 476 septem
502 424 665 461 denariis
683 423 978 470 flandrensibus‚
997 436 1082 460 cum
1102 422 1259 459 dimidia
1279 427 1384 473 parte
1403 422 1515 460 unius
1534 423 1653 468 oboli,
1672 422 1719 459 de

178 496 254 534 quo
280 483 416 521 relevio
433 482 646 534 recipiendo
664 487 700 519 et
719 482 891 519 habendo
910 481 1007 519 dicta
1028 486 1131 532 porta
1152 481 1223 518 suit
1240 481 1277 518 in
1299 481 1533 532 possessione
1554 481 1602 518 ab
1620 481 1719 518 anti-

178 554 256 592 quo
274 546 310 579 et
328 541 452 579 adhuc
469 545 533 580 est.
551 541 690 578 Tamen
710 540 779 591 ipsi
800 540 852 577 rei
877 545 964 578 sunt
992 540 1030 576 in
1056 553 1159 577 mora
1182 545 1218 577 et
1244 539 1390 577 defectu
1417 539 1584 577 solvendi
1610 553 1718 590 prae-

178 599 319 637 dictum
337 597 515 637 relevium
533 603 661 650 portae
678 598 898 649 praedictae.
917 598 1041 646 Quare
1063 598 1154 648 petit
1175 597 1298 635 dictus
1316 602 1546 648 procurator,
1566 597 1717 634 nominc

178 660 254 709 quo
271 670 403 708 supra,
426 662 462 694 et
483 657 530 694 ad
547 670 642 708 opus
660 656 780 694 dictae
798 661 941 708 portae,
959 656 1096 694 dictam
1120 656 1300 707 pecuniae
1323 670 1506 693 summam
1530 656 1600 694 sibi
1622 657 1714 694 soIvi

177 720 214 754 et
225 715 304 754 dari
321 715 463 753 adictis
480 715 552 753 reis
576 716 737 753 maxime
765 729 849 752 cum
878 715 1021 753 ratione
1047 716 1108 753 iIIa
1131 716 1233 766 quod
1262 716 1566 766 procuratoribus
1589 721 1715 767 portae

177 773 266 811 dicti
285 773 498 812 monasterii
528 774 691 825 legitima
722 773 812 824 ipsis
836 768 952 824 'super
978 773 1102 824 petitis
1129 777 1314 824 competat
1339 773 1435 810 actio
1461 779 1589 811 contra
1619 787 1715 820 reos,

178 845 273 884 quae
298 832 498 883 praemissa
522 833 574 869 rei
597 832 786 870 sciverunt
811 837 846 869 et
871 845 995 869 coram
1022 832 1149 883 probis
1184 837 1478 883 recognoverunt
1503 846 1581 870 esse
1608 847 1715 878 νει-ας

177 896 214 929 et
238 891 278 929 in
295 891 368 928 hiis
386 895 421 928 et
437 891 608 942 expensis
631 891 706 928 Iitis
734 891 838 928 sactis
861 895 896 927 et
914 890 1091 928 faciendis
1109 890 1202 941 petit
1224 895 1327 928 actor
1346 891 1498 928 nomine
1527 891 1715 942 praedicto

177 963 258 988 reos
275 949 346 987 sibi
373 949 659 1000 condempnari,
685 949 786 986 salvo
811 948 882 986 sibi
911 949 948 985 In
975 949 1152 986 omnibus
1175 949 1270 998 juris
1290 949 1490 995 beneficio,
1509 954 1715 1000 protestans

177 1007 248 1046 sibi
266 1008 387 1044 vaIere
412 1020 509 1058 quae
532 1007 708 1058 probabit
732 1007 778 1044 de
800 1007 1024 1058 praemissis.
1044 1007 1089 1044 Et
1108 1007 1195 1044 feria
1222 1006 1315 1044 IIII¹¹
1336 1012 1418 1058 post
1446 1008 1512 1044 leti
1538 1014 1624 1045 sum
1640 1009 1716 1046 dies

177 1070 230 1104 est
247 1065 326 1117 dies
343 1065 525 1116 assignata
543 1065 614 1103 reis
632 1069 759 1102 contra
778 1070 938 1102 actorem
958 1065 1004 1102 ad
1023 1065 1308 1102 deliberandum
1331 1065 1459 1102 habito
1481 1066 1618 1103 IibeIIo.

887 1190 1005 1200 *-

871 1333 1024 1372 CCVIII.

233 1449 479 1488 Reclamation
506 1450 692 1500 presente'e
721 1457 843 1488 contre
874 1450 1107 1488 l'admission
1137 1449 1247 1487 d'une
1278 1449 1469 1499 reliqieuse
1500 1449 1595 1486 dans
1628 1449 1660 1485 le

703 1510 905 1546 monastere
930 1509 974 1545 dc
1001 1538 1180 1546 .......

225 1711 357 1749 Coram
376 1711 501 1758 vobis,
519 1711 670 1749 domine
686 1712 895 1763 praeposite
914 1740 1070 1749 .......
1096 1711 1160 1762 qui
1186 1724 1251 1748 vos
1278 1711 1404 1762 geritis
1424 1723 1491 1761 pro
1518 1715 1714 1747 executore

177 1769 341 1807 mandati
369 1770 561 1821 apostolici
587 1783 700 1821 super
715 1770 926 1821 receptione
945 1770 1143 1808 Katerinae
1166 1769 1288 1806 dictae
1308 1798 1316 1806 .
1339 1797 1346 1805 .
1367 1797 1374 1804 .
1396 1798 1403 1805 .
1420 1797 1426 1805 .
1444 1797 1471 1815 .,
1491 1781 1558 1818 ego
1576 1764 1714 1818 procu-

176 1831 276 1864 rator
299 1827 554 1879 religiosarum
582 1828 781 1866 mulierum
814 1828 1021 1867 abbatissae
1054 1833 1087 1865 et
1116 1832 1320 1865 conventus
1344 1827 1413 1863 de.
1436 1855 1443 1862 .
1467 1856 1473 1862 .
1497 1855 1531 1863 ..
1554 1855 1576 1872 .,
1606 1825 1711 1876 quasi

176 1885 286 1922 etiam
318 1890 459 1923 vestrae
493 1887 712 1938 prudentiae
743 1887 1007 1938 conquerendo
1037 1899 1235 1937 gravamen
1267 1885 1370 1936 quod
1402 1884 1491 1934 ipsis
1520 1883 1713 1920 occasione

177 1943 386 1993 praedictae
411 1944 570 1982 feminae
591 1945 746 1996 irrogari
765 1945 924 1992 videtur,
949 1945 1147 1983 ostendens
1170 1949 1206 1981 et
1227 1944 1486 1981 demonstrans
1513 1955 1710 1992 gravamen

178 2006 422 2053 praetactum,
446 2003 597 2041 nomine
621 2004 876 2054 procuratorio
902 2003 1175 2054 praedictarum
1197 2002 1436 2039 dominarum
1455 2005 1491 2037 ct
1513 2014 1580 2050 pro
1604 2000 1709 2050 ipsis,

178 2060 280 2110 quod
307 2060 406 2098 dicta
429 2061 603 2099 Katerina
625 2062 762 2099 virtute
779 2062 984 2099 litterarum
1004 2074 1156 2099 suarum
1175 2073 1268 2112 quas
1292 2058 1520 2109 impetravit,
1545 2062 1587 2095 ut
1604 2058 1711 2103 dicit,

179 2131 199 2154 a
219 2117 313 2156 Sede
330 2118 559 2169 Apostolica,
579 2120 628 2157 ita
646 2120 748 2170 quod
774 2120 811 2158 in
834 2120 1054 2158 monacham
1072 2124 1108 2156 et
1124 2132 1288 2157 sororem
1304 2117 1351 2155 ab
1366 2116 1551 2154 abbatissa
1569 2121 1605 2153 et
1621 2129 1713 2153 con-

179 2181 292 2214 ventu
306 2177 505 2228 praedictis
523 2179 637 2229 recipi
651 2178 784 2216 debeat
799 2183 835 2216 et
848 2183 890 2216 ut
904 2178 1083 2216 monacha
1104 2176 1338 2228 pertractari,
1354 2188 1438 2212 cum
1458 2179 1581 2212 tamen
1596 2174 1712 2225 ipsius

181 2235 301 2272 littera
320 2235 368 2272 sit
385 2235 556 2273 inefficax
580 2241 616 2274 et
633 2236 815 2283 invalida,
833 2237 930 2274 sicut
950 2236 1104 2273 inferius
1122 2234 1334 2286 apparebit,
1353 2233 1398 2271 ad
1420 2232 1522 2270 hunc
1539 2233 1651 2270 tinem
1674 2238 1715 2270 ut

181 2293 379 2331 Katerinae
392 2294 579 2344 praedicta
594 2294 632 2331 in
647 2295 807 2332 claustro
821 2294 1010 2345 praedicto
1026 2307 1099 2331 non
1114 2293 1324 2344 recipiatur,
1337 2305 1404 2329 nec
1417 2291 1530 2342 recipi
1548 2295 1715 2329 teneatur

183 2353 221 2390 in
239 2353 458 2390 monacham
477 2358 512 2391 et
529 2367 705 2392 sororem.
724 2355 771 2393 Ut
794 2355 904 2392 etiam
925 2354 1022 2391 dicta
1047 2353 1231 2391 abbatissa
1252 2358 1288 2390 et
1308 2356 1513 2389 conventus
1539 2351 1711 2401 compeIIi
