2184 3074
754 365 917 405 CODEX
945 365 1188 404 DUNENSIS.
1695 367 1741 404 45

207 483 342 521 dorum
366 484 577 521 vicinorum
603 484 752 534 egestati
780 484 846 535 qui
877 484 1105 534 frequenter,
1134 483 1204 520 nisi
1228 496 1295 534 per
1325 483 1462 520 dictam
1493 483 1743 520 relevarentur

207 545 368 592 portam,
385 546 616 593 cogerentur,
637 546 680 579 ut
697 542 922 593 accepimus,
943 542 1108 588 exulare,
1129 541 1322 578 consulere
1341 541 1593 579 favorabiliter
1609 542 1742 592 digna-

207 613 344 638 remur.
362 601 435 638 Nos
454 601 568 652 igitur
586 601 650 651 qui
672 601 831 638 libenter
851 613 1057 651 pauperum
1073 599 1209 637 Christi
1229 600 1375 650 negotia
1391 613 1506 650 purae
1527 600 1688 637 caritatis
1708 606 1743 637 et

206 659 416 698 dilectionis
442 659 605 697 brachiis
627 659 899 710 amplexamur,
927 659 1118 710 cupientes
1145 659 1182 695 in
1206 659 1383 709 petitione
1409 658 1573 705 Christo,
1601 658 1639 695 in
1666 659 1742 696 suis

207 717 372 755 menbris
392 718 619 768 pauperibus
637 718 822 765 videlicet,
846 719 932 756 totis
953 718 1113 765 viribus,
1132 718 1281 768 citoque
1303 731 1409 768 posse
1428 718 1548 755 modis
1566 718 1742 756 omnibus

208 775 395 822 famulari,
415 775 462 812 de
480 776 588 826 plena
613 777 803 813 voluntate
823 781 858 814 et
878 789 1051 827 expresso
1073 789 1255 813 consensu
1281 776 1463 813 karissimi
1489 776 1603 826 patris
1626 775 1741 812 nostri

206 833 350 871 domini
367 863 549 882 ........
566 836 644 872 fieri
665 835 736 872 hoe
750 835 936 885 jubentis,
957 835 1175 880 annuimus,
1191 835 1440 872 concessimus
1454 839 1490 871 et
1503 835 1742 871 concedimus

207 892 372 943 portario
394 894 580 931 antedicto
597 894 699 944 quod
720 893 766 930 de
789 893 972 931 dictorum
996 893 1164 930 fidelium
1187 892 1414 938 elemosinis,
1442 892 1487 929 ad
1514 906 1608 943 opus
1635 905 1742 942 prae-

207 949 326 988 dictae
342 955 471 1001 portae
484 965 552 1002 pro
567 951 815 1002 pauperibus,
828 955 870 987 ut
891 955 1028 988 tactum
1051 955 1105 988 est
1126 964 1255 1001 supra,
1276 955 1455 1001 perpetuo
1475 950 1741 996 sustentandis,

206 1021 328 1046 emere
345 1023 408 1047 seu
428 1010 620 1060 acquirere
637 1010 756 1047 valeat
771 1023 855 1060 erga
876 1010 985 1046 talem
1005 1014 1148 1046 tantum
1169 1009 1303 1046 valoris
1323 1009 1470 1046 circiter
1483 1009 1547 1046 xl,
1561 1009 1739 1046 librarum

207 1067 398 1104 annuatim
410 1096 419 1110 ,
434 1068 491 1104 vel
512 1068 542 1105 si
563 1068 661 1105 bona
685 1067 900 1117 hujusmodi
919 1068 1075 1118 adeptus
1095 1081 1170 1105 non
1189 1067 1300 1104 suerit
1315 1067 1499 1117 portarius
1518 1067 1741 1112 antedictus,

206 1125 308 1175 quod
322 1129 465 1162 tantum
481 1126 570 1164 alibi
587 1126 680 1163 infra
698 1127 924 1177 Brugensem
940 1126 1188 1163 castellaniam
1203 1126 1248 1162 ad
1265 1139 1359 1176 opus
1374 1126 1605 1176 praedictum
1621 1126 1743 1176 acqui-

206 1195 286 1220 rere
306 1183 441 1231 valeat,
461 1184 552 1221 dum
573 1189 695 1222 tamen
715 1185 939 1235 acquirenda
964 1185 1062 1221 bona
1085 1184 1241 1221 seodalia
1265 1197 1340 1221 non
1358 1185 1528 1221 existant.
1548 1184 1622 1221 Nos
1642 1184 1741 1221 enim

207 1241 253 1278 de
266 1241 471 1289 voluntate,
486 1243 593 1292 jussu
609 1247 644 1280 et
657 1255 840 1280 consensu
855 1242 1084 1294 praemissis,
1101 1242 1199 1279 bona
1215 1242 1446 1292 hujusmodi,
1461 1255 1545 1278 eum
1561 1242 1741 1292 acquisita

208 1299 362 1348 fuerint,
385 1306 521 1338 extunc
544 1302 664 1339 dictae
686 1306 812 1352 portae
838 1302 883 1338 ad
911 1315 1004 1352 opus
1031 1306 1066 1338 et
1091 1302 1136 1338 ad
1165 1315 1273 1338 usum
1301 1301 1531 1351 praedictum
1560 1314 1627 1350 pro
1653 1301 1740 1337 dicti

206 1359 320 1408 patris
345 1360 478 1404 nostri,
494 1365 617 1398 nostra
636 1374 678 1397 ac
696 1360 1019 1410 praedecessorum
1037 1373 1079 1397 ac
1096 1373 1350 1397 suceessorum
1368 1364 1578 1396 nostrorum
1598 1359 1741 1395 anima-

205 1417 275 1454 bus
291 1418 530 1456 concedimus
548 1424 583 1456 et
600 1419 864 1456 confirmamus
884 1419 1071 1470 perpetuis
1091 1418 1320 1469 temporibus
1339 1418 1542 1454 obtinenda
1564 1423 1599 1454 et
1619 1418 1739 1468 possi-

206 1475 327 1512 denda
344 1477 496 1527 pacifice
516 1481 552 1514 et
569 1477 703 1528 quiete.

922 1591 1030 1600 *-

877 1733 1057 1771 -xxxnt

280 1858 411 1897 Gheila
433 1859 574 1896 Porede
599 1859 711 1909 fonde
734 1858 1049 1908 uneclaeapellenie
1073 1858 1167 1895 dans
1192 1858 1325 1909 l'e'qlise
1345 1858 1389 1895 de
1410 1858 1668 1895 Saitae-Bavon

821 1918 844 1954 ιὶ
869 1916 1129 1967 Ardenboury.

257 2117 435 2155 Noverint
448 2119 611 2156 universi
625 2120 726 2170 quod
743 2120 780 2156 in
797 2125 917 2157 nostra
933 2119 1139 2170 praesentia
1155 2124 1306 2170 propter
1320 2119 1390 2155 hoc
1406 2118 1647 2169 personaliter
1660 2132 1744 2155 eon-

208 2174 351 2222 stituta,
369 2175 519 2221 Gheila,
542 2177 639 2214 dicta
662 2178 821 2225 Porede,
839 2178 1025 2229 promisit,
1045 2178 1118 2214 fide
1136 2190 1247 2227 super
1266 2177 1335 2213 hoc
1354 2176 1526 2226 praestita
1545 2177 1744 2226 corporali,

208 2233 362 2270 domino
371 2235 531 2277 Henrico
541 2237 769 2286 presbytero,
780 2242 907 2274 curato
918 2236 1138 2287 parrochiali
1153 2236 1275 2282 Sancti
1287 2235 1446 2272 Bavonis
1462 2235 1498 2270 in
1512 2235 1744 2284 Ardenhurg,

209 2293 494 2343 promissionem
515 2295 706 2345 recipienti
727 2297 878 2333 nomine
892 2296 1010 2332 dietae
1027 2295 1241 2346 parrochiae
1259 2308 1346 2331 suae
1362 2307 1424 2331 seu
1445 2294 1628 2339 ecclesiae,
1644 2295 1745 2344 quod

210 2352 306 2389 infra
328 2353 460 2390 festum
480 2354 582 2391 Beati
600 2355 783 2393 ,Iohannis
801 2356 903 2406 quod
918 2355 988 2392 erit
1007 2356 1043 2391 in
1063 2368 1161 2391 anno
1180 2354 1331 2391 Domini
1352 2354 1402 2390 Μο
1416 2355 1488 2390 CC⁰
1503 2354 1745 2399 Lxxxvlnu„

210 2416 307 2448 emet
325 2416 361 2448 et
377 2412 598 2450 deliberabit
616 2415 783 2452 redditus
813 2428 957 2452 annuos
983 2416 1144 2451 valentes
1170 2414 1324 2464 singulis
1347 2414 1454 2450 annis
1481 2414 1543 2451 XV
1563 2413 1675 2450 libras
1701 2414 1746 2450 ad

211 2482 304 2520 opus
325 2470 518 2520 cujusdam
538 2473 762 2523 capellaniae
780 2473 826 2510 de
844 2473 951 2510 dictis
971 2473 1178 2510 redditibus
1198 2473 1408 2509 fundandae
1430 2478 1464 2509 et
1487 2472 1747 2509 deserviendam
