2184 3074
706 311 867 350 conEx
894 311 1139 351 DUNENSIS.
1617 314 1691 354 m

159 431 302 468 latcnus
315 430 524 476 celebretis,
544 442 610 466 nec
627 429 764 467 eisdem
785 429 936 480 aliquod
956 429 1160 467 exhibeatis
1174 430 1460 468 ecclesiasticum
1479 444 1687 469 sacramen—

159 493 248 526 tum.
267 488 306 526 ln
322 489 394 526 hiis
413 487 640 539 exequendis
658 491 694 524 et
706 486 947 525 observandis
965 499 1113 525 omnem
1131 487 1337 526 adhibeatis
1350 488 1581 540 diligentiam
1600 503 1647 527 ne
1664 503 1683 528 a

156 547 262 585 vobis
277 547 425 598 culpam
443 544 780 597 exigamusmerito
797 549 834 582 et
845 545 1059 582 vindictam.
1079 546 1123 583 Et
1141 545 1179 583 in
1198 546 1451 584 testimonium
1471 546 1582 598 hujus
1596 560 1684 586 nos-

156 606 203 643 tri
222 605 384 643 mandati
402 618 470 655 per
485 617 554 642 'vos
571 604 713 642 executi
732 608 768 641 et
789 603 972 642 observati
990 603 1109 655 sigilla
1127 609 1244 642 vestra
1264 605 1334 642 sub
1357 618 1476 656 poena
1494 607 1680 657 praedicta

155 663 409 715 praesentibus
428 663 558 701 litteris
575 663 781 715 apponatis.
795 663 951 710 Datum,
969 667 1036 701 etc.

862 785 968 797 w·

793 927 1044 967 CCCXXXIX.

246 1046 367 1084 Lettre
384 1045 436 1083 du
455 1045 551 1096 leqat
566 1045 618 1082 du
636 1044 859 1096 Saint-Sieqe
875 1044 1024 1082 relative
1041 1046 1064 1082 ἀ
1082 1058 1152 1083 une
1164 1046 1307 1096 plainte
1325 1047 1388 1085 des
1406 1047 1588 1099 reliqieux

522 1103 566 1141 de
584 1102 732 1141 Thosan
748 1109 870 1141 contre
884 1103 916 1141 le
928 1103 1044 1154 doyen
1057 1104 1102 1142 de
1116 1105 1310 1156 Courtray.

81 1343 85 1345 ,
195 1299 324 1338 Frater
338 1300 518 1346 Jacobus,
536 1299 771 1337 miseratione
788 1299 934 1346 divina,
951 1299 1189 1338 Penestrinus
1211 1300 1426 1351 episcopus,
1441 1302 1673 1353 Apostolicae

147 1357 253 1396 Sedis
278 1359 420 1410 legatus
438 1359 523 1396 licet
542 1358 733 1409 indignus,
751 1358 886 1395 dilecto
910 1358 947 1395 in
970 1357 1117 1396 Christo
1142 1359 1266 1396 abbati
1286 1359 1408 1398 Sancti
1428 1360 1615 1399 Michaelis
1634 1360 1672 1398 in

147 1416 378 1467 Antwerpia,
396 1416 769 1454 Praemonstratensis
787 1416 946 1461 ordinis,
963 1416 1234 1454 Cameracensis
1248 1417 1433 1467 dyocesis,
1459 1418 1613 1455 salutem
1633 1419 1670 1456 in

144 1474 318 1512 Domino.

140 1559 149 1566 ·
193 1532 318 1570 Abbas
343 1536 380 1569 et
404 1536 608 1569 conventus
637 1531 683 1568 de
707 1531 872 1578 Thosan,
900 1532 1163 1582 Cysterciensis
1190 1533 1347 1580 ordinis,
1373 1534 1480 1571 nobis
1502 1547 1668 1586 conque-

145 1591 260 1628 rendo
295 1595 550 1628 monstrarunt
578 1590 680 1641 quod
702 1618 881 1627 .......
911 1590 1073 1628 decanus
1106 1595 1141 1628 et
1171 1591 1375 1642 capitulum
1407 1593 1666 1640 Curtracense,

143 1649 357 1701 Gerulphus
380 1649 486 1687 miles
510 1653 546 1686 et
565 1649 718 1700 quidam
737 1648 799 1686 alii
820 1649 1108 1695 Cameracensis,
1128 1650 1347 1687 Morinensis
1370 1655 1405 1687 et
1426 1651 1668 1690 Tornacensis

142 1707 333 1745 civitatum
359 1711 395 1744 et
424 1707 625 1758 dyocesum
656 1720 768 1758 super
795 1707 916 1754 terris,
947 1707 1119 1753 decimis,
1152 1708 1360 1745 redditibus
1385 1713 1421 1745 et
1445 1709 1556 1746 rebus
1586 1709 1668 1747 aliis

144 1764 371 1815 injuriantur
395 1764 549 1812 eisdem,
575 1764 734 1816 ideoque
758 1764 980 1803 Discretioni
1005 1765 1106 1803 Tuae
1130 1778 1204 1817 qua
1231 1766 1424 1816 fungimur
1453 1767 1668 1804 auctoritate

143 1827 362 1864 mandamus
378 1827 555 1877 quatinus
568 1826 737 1877 partibus
755 1826 964 1863 convocatis
983 1826 1110 1863 audias
1124 1839 1270 1863 causam
1285 1831 1321 1863 et
1338 1826 1464 1864 debito
1482 1828 1556 1864 line
1572 1827 1667 1864 deci·

142 1884 227 1931 das,
254 1884 392 1923 faciens
409 1884 512 1935 quod
531 1884 736 1921 decreveris
762 1897 828 1934 per
851 1897 1043 1921 censuram
1067 1884 1348 1921 ecclesiasticam
1367 1885 1521 1921 firmiter
1538 1885 1666 1922 obser-

142 1942 219 1979 vari
232 1972 242 1989 ,
259 1947 366 1981 testes
383 1947 505 1981 autem
531 1943 597 1994 qui
616 1943 754 1980 suerint
772 1942 952 1979 nominati
971 1942 1001 1979 si
1019 1955 1059 1980 se
1076 1943 1208 1993 gratia,
1231 1942 1319 1979 odio
1343 1943 1400 1979 vel
1427 1943 1558 1980 timore
1576 1943 1667 1980 sub·

142 2001 330 2048 traxerint,
348 2001 461 2039 simili
479 2014 633 2039 censura
651 2001 851 2052 compellas
868 2001 1012 2037 veritati
1032 2000 1284 2038 testimonium
1304 2000 1513 2051 perhibere.
1529 2001 1665 2038 Datum

141 2059 242 2110 apud
260 2059 456 2098 Divionem
476 2060 540 2097 llll
560 2059 643 2098 idus
659 2059 878 2110 septembris
891 2072 990 2096 anno
1007 2059 1157 2096 Domini
1172 2059 1223 2096 Μο
1238 2059 1311 2096 CC⁰
1323 2059 1616 2109 quadragesimo.
