2184 3074
728 355 887 393 CODEX
916 353 1160 393 DUNENSIS.
1666 359 1713 395 75

180 474 296 513 nichil
315 474 358 512 fit
377 475 414 511 in
434 478 688 525 contemptum
707 485 885 510 censurae
902 471 1189 516 ecclesiasticae,
1208 471 1308 508 unde
1323 485 1397 509 non
1417 477 1571 523 peccant
1585 473 1712 510 fratres

178 534 244 586 qui
271 533 320 571 ob
347 533 536 571 tumulum
562 531 773 569 faciendum
799 530 888 567 tales
915 531 1040 580 laycos
1067 529 1270 567 admittunt
1296 535 1332 567 et
1357 530 1486 568 dieunt
1514 531 1551 568 in
1582 545 1710 569 eorum

178 591 384 643 praesentia
402 591 567 629 officium
586 589 737 627 funeris,
761 588 832 627 Sed
856 588 950 640 quid
973 588 1075 626 dices
1096 588 1142 625 de
1166 588 1248 626 aliis
1274 589 1388 639 laycis
1413 589 1618 627 interdictis
1645 590 1710 640 qui

177 650 448 702 superveniunt
459 650 550 688 dum
565 649 694 686 fratres
707 648 839 685 dicunt
852 647 1016 685 officium
1033 648 1196 685 funeris?
1210 648 1395 699 numquid
1409 648 1546 686 debent
1560 649 1712 700 repelli?

178 709 297 747 Credo
315 708 419 760 quod
440 708 511 755 sic,
530 712 566 745 et
589 707 620 744 si
646 707 774 744 fratres
798 719 873 743 non
895 707 1076 756 repellant
1097 719 1178 743 eos.
1201 720 1246 743 ex
1268 707 1504 757 simplicitate
1527 708 1583 744 vel
1604 708 1712 758 igno-

178 767 297 805 rantia
322 770 559 812 excusantur,
577 770 620 802 ut
644 765 787 802 dietum
810 769 864 802 est
885 777 997 814 supra
1023 764 1060 801 in
1078 764 1148 801 alia
1166 766 1393 815 quaestione.
1412 766 1483 803 Sed
1501 766 1531 803 si
1550 780 1595 803 ex
1614 771 1710 803 certa

177 825 330 863 scientia
356 825 446 862 tales
468 825 593 874 laycos
614 835 689 860 non
714 822 912 873 repellant,
939 822 1024 859 dico
1045 822 1149 873 quod
1176 823 1271 859 male
1293 823 1434 860 faciunt
1459 824 1607 870 fratres,
1634 838 1710 862 non

177 888 300 922 tamen
314 887 508 934 propterea
523 881 830 932 irregularitatem
846 880 1054 917 incurrunt.
1069 880 1159 917 Nam
1174 881 1204 918 si
1218 881 1353 932 aliquis
1368 882 1527 919 celebret
1539 882 1709 920 divinum

177 942 343 981 officium
362 942 400 979 in
419 940 624 992 praesentia
642 938 952 976 exeommunicati
965 968 975 984 ,
993 952 1068 975 non
1086 943 1281 989 propterea
1299 939 1459 977 efficitur
1481 940 1710 991 irregularis,

177 1000 384 1038 secundum
402 998 688 1036 lnnnocentium
705 1012 712 1034 :
733 997 851 1034 multo
870 997 994 1034 minus
1011 1009 1099 1047 ergo
1117 997 1331 1034 efficiuntur
1351 997 1569 1048 irregulares
1587 999 1652 1049 qui
1673 999 1710 1036 in

178 1060 384 1110 praesentia
403 1059 686 1098 interdictorum
705 1058 836 1095 dicunt
853 1057 979 1094 divina
998 1057 1135 1103 officia,
1157 1070 1223 1094 nec
1241 1058 1404 1108 aliquam
1422 1072 1580 1109 poenam
1598 1060 1713 1097 susti-

178 1130 266 1166 nere
281 1118 430 1156 debent.

227 1176 433 1216 Undecimo
450 1176 644 1227 quaeritur
661 1189 707 1212 an
727 1181 892 1226 tempore
911 1175 1092 1226 generalis
1112 1175 1298 1212 interdicti
1323 1176 1467 1226 possint
1490 1176 1710 1227 carpentarii

178 1239 215 1272 et
231 1235 294 1272 alii
313 1234 471 1272 artifices
489 1234 598 1271 etiam
618 1234 804 1271 interdicti
825 1233 862 1270 in
877 1233 976 1270 dicto
990 1234 1214 1271 monasterio
1228 1247 1305 1271 esse
1319 1238 1354 1271 et
1367 1235 1479 1285 recipi
1495 1235 1540 1271 ad
1556 1248 1711 1286 carpen—

179 1293 334 1331 tandum
355 1293 393 1330 in
412 1292 563 1344 ecclesia
584 1293 642 1329 vel
661 1292 775 1338 turri,
793 1292 884 1328 dum
902 1292 940 1328 in
959 1292 1111 1329 ecclesia
1131 1291 1302 1329 divinum
1321 1293 1485 1330 officium
1504 1293 1651 1330 dieitur.
1669 1293 1712 1330 Et

179 1356 233 1390 est
249 1351 451 1389 dicendum
470 1351 572 1402 quod
595 1351 663 1398 sic,
686 1363 772 1388 cum
798 1350 898 1387 enim
920 1351 1092 1388 voluntas
1114 1355 1150 1387 et
1172 1351 1405 1401 propositum
1425 1356 1460 1388 et
1478 1357 1711 1403 contemptus

179 1410 341 1447 maxime
366 1409 405 1446 in
429 1409 565 1446 talibus
589 1408 859 1446 consideranda
880 1408 966 1454 sint,
989 1413 1024 1445 et
1050 1409 1138 1445 tales
1163 1421 1238 1445 non
1264 1409 1302 1445 in
1321 1413 1575 1460 contemptum
1599 1410 1711 1447 officii

179 1468 244 1506 sed
256 1471 409 1519 propter
420 1480 486 1505 sua
499 1467 621 1504 officia
634 1479 699 1504 seu
714 1466 870 1504 artificia
885 1467 937 1504 ibi
953 1466 1046 1513 sint,
1062 1471 1098 1504 et
1114 1480 1189 1504 non
1203 1472 1258 1504 est
1271 1472 1462 1518 peccatum
1477 1468 1600 1505 dicere
1613 1469 1711 1505 divi-

179 1539 270 1564 num
288 1526 454 1564 officium
472 1526 524 1563 eis
543 1526 583 1563 in
599 1525 751 1563 ecclesia
771 1526 1085 1576 carpentantibus.

226 1585 470 1631 Duodecimn,
488 1584 680 1635 quaeritur
697 1589 824 1622 utrum
844 1588 952 1621 testes
972 1577 1096 1621 coram
1117 1585 1256 1635 quibus
1274 1585 1470 1635 appellatio
1491 1585 1600 1622 fuerit
1619 1586 1711 1623 facta

179 1643 236 1681 vel
256 1643 443 1690 innovata,
457 1643 617 1680 debeant
629 1643 703 1679 dici
719 1643 847 1680 secisse
861 1648 988 1680 contra
1004 1643 1255 1680 interdictum.
1270 1644 1315 1680 Et
1329 1649 1383 1680 est
1395 1643 1595 1680 dicendum
1609 1645 1711 1694 quod

181 1715 273 1748 non,
295 1701 473 1752 quoniam
497 1701 696 1751 appellatio
718 1705 774 1738 est
800 1701 1006 1737 remedium
1029 1700 1125 1750 juris
1149 1701 1362 1751 cuicunque
1386 1715 1623 1747 concessum,
1646 1703 1711 1753 qui

177 1761 315 1811 Justam
333 1773 481 1797 causam
499 1759 711 1810 appellandi
730 1759 856 1804 habet,
872 1763 908 1795 et
922 1759 1015 1795 ferre
1031 1759 1285 1796 testimonium
1299 1763 1354 1796 est
1367 1773 1504 1796 munus
1519 1761 1711 1810 publicum

181 1819 227 1856 ad
246 1818 348 1868 quod
371 1817 532 1868 quilibet
553 1817 764 1854 admittitur
783 1822 818 1854 et
840 1817 1000 1868 cogitur,
1027 1817 1097 1854 n'isi
1125 1818 1326 1867 repellatur
1350 1831 1370 1854 a
1392 1818 1478 1867 jure
1503 1818 1540 1854 in
1569 1819 1715 1856 casibus

181 1878 424 1929 specialibu83
448 1881 484 1914 et
511 1877 586 1914 imo
610 1877 700 1914 tales
726 1890 849 1914 coram
873 1877 1012 1928 quibus
1041 1877 1239 1927 appellatio
1263 1877 1320 1913 vel
1344 1877 1436 1914 sacta
1461 1878 1518 1914 vel
1542 1877 1714 1915 innovata

182 1937 263 1983 fuit,
283 1949 351 1974 nec
369 1940 496 1973 contra
516 1935 767 1982 interdictum,
783 1948 851 1972 nec
870 1935 1013 1986 aliquid
1031 1935 1118 1972 mali
1137 1936 1321 1982 fecerunt,
1337 1949 1403 1972 nec
1417 1935 1613 1973 interdicto
1627 1950 1716 1975 cau-

182 2007 260 2033 sam
278 1994 472 2032 dederunt.

232 2052 536 2098 Tertio-decimo,
555 2052 748 2102 quaeritur
767 2065 814 2088 an
834 2052 962 2089 fratres
982 2051 1159 2102 praedicti
1180 2051 1323 2102 possint
1343 2051 1380 2088 in
1401 2051 1473 2088 alio
1493 2053 1715 2090 monasterio

183 2110 240 2148 sui
267 2110 408 2148 ordinis
435 2114 471 2148 et
495 2123 724 2161 quocunque
751 2110 824 2147 alio
850 2111 932 2147 loco
958 2110 1192 2160 privilegiato
1219 2110 1403 2146 celebrare
1429 2109 1566 2147 divina.
1594 2111 1637 2148 Et
1664 2117 1719 2150 est

184 2168 384 2206 dicendum
403 2167 507 2219 quod
525 2167 593 2215 sic,
612 2167 791 2219 quoniam
810 2167 1041 2218 praedictum
1061 2167 1296 2218 privilegium
1317 2167 1482 2204 defendit
1501 2167 1716 2218 hujusmodi

186 2229 315 2265 fratres
333 2240 352 2263 a
371 2227 552 2264 sententia
572 2226 778 2272 interdicti3
800 2226 862 2263 sed
881 2231 1022 2263 certum
1037 2226 1204 2276 estquod
1219 2239 1397 2276 personae
1413 2239 1487 2263 non
1503 2227 1718 2266 interdictae

185 2289 343 2337 possunt
365 2285 403 2321 in
423 2285 526 2322 omni
551 2285 631 2322 loco
657 2298 731 2322 non
760 2285 956 2322 interdicto
983 2285 1167 2321 celebrare
1191 2284 1335 2330 divina,
1355 2284 1418 2321 sed
1440 2284 1476 2321 in
1499 2285 1579 2322 loco
1604 2286 1719 2324 inter-

187 2344 287 2381 dicto
307 2356 381 2380 non
402 2347 552 2393 possent
569 2343 774 2389 celebrare,
793 2343 970 2394 quoniam
993 2343 1062 2379 hoe
1081 2356 1155 2379 non
1175 2343 1339 2379 continet
1356 2343 1586 2393 praedictum
1603 2346 1719 2395 privi-

189 2403 347 2454 legium,
367 2406 403 2439 et
422 2402 468 2438 de
485 2402 570 2451 jure
585 2403 775 2439 communi
791 2415 969 2453 personae
984 2415 1059 2439 non
1079 2402 1294 2438 interdictae
1313 2415 1387 2439 non
1409 2409 1564 2453 possunt
1582 2403 1619 2440 in
1641 2405 1720 2441 loco

190 2461 387 2499 interdicto
415 2461 617 2507 celebrare,
636 2465 678 2498 ut
701 2474 745 2498 ex
772 2461 969 2511 praedietis
996 2465 1164 2511 apparet,
1192 2460 1261 2498 nisi
1290 2461 1412 2511 quoad
1446 2461 1660 2499 interdictos
1687 2470 1719 2501 et

1531 2521 1576 2558 10
