2184 3074
449 396 497 432 54
1000 391 1163 430 CODEX
1188 391 1437 429 DUNENSlS.

1164 546 1277 584 XXII.

737 657 854 695 Choiae
872 657 933 694 des
967 656 1174 694 collecleurs
1192 656 1287 693 dans
1308 656 1339 692 le
1356 655 1492 693 diocese
1509 654 1554 691 de
1569 655 1701 692 Reims.

500 853 546 890 Ut
562 850 927 889 commissum-vobis
946 850 985 886 in
1003 849 1175 887 Remensi
1191 853 1226 886 et
1239 849 1321 886 aliis
1335 848 1547 886 civitatibus
1560 853 1597 886 et
1609 849 1778 899 dyocesis
1792 849 1985 888 Remensis

448 910 666 962 provinciis,
686 910 724 946 in
743 922 784 945 ea
802 912 905 958 parte
922 921 1019 958 quae
1035 911 1090 944 est
1107 907 1153 943 de
1174 920 1288 957 regno
1308 907 1337 943 F
1340 907 1502 952 ranciae,
1517 907 1822 957 procurationum
1839 912 1985 945 nostra-

405 971 408 974 ’
447 984 531 1007 rum
557 969 746 1020 negotium
771 972 1035 1018 promoveatur
1056 966 1198 1003 utiliter
1222 971 1258 1003 et
1283 966 1321 1003 in
1349 966 1637 1003 mansuetudine
1661 965 1854 1017 dirigatur,
1877 966 1986 1004 vobis

448 1027 651 1078 deputandi
668 1026 847 1063 officiatos
862 1025 1026 1075 ipsarum
1047 1025 1238 1062 civitatum
1258 1038 1324 1061 seu
1342 1024 1488 1074 aliquos
1506 1023 1715 1074 fidedignos
1732 1024 1779 1061 de
1797 1023 1985 1061 canonicis

447 1086 684 1123 ecclesiarum
711 1083 979 1121 cathedralium
1006 1084 1312 1133 procurationum
1341 1082 1559 1132 hujusmodi
1590 1082 1804 1120 collectores
1835 1083 1984 1133 plenam

446 1145 552 1181 vobis
569 1143 807 1181 concedimus
822 1143 1044 1179 facultatem.
1066 1142 1245 1179 Volumus
1265 1142 1366 1178 enim
1384 1146 1421 1178 et
1438 1141 1687 1192 praesentium
1706 1146 1833 1179 tenore
1849 1155 1985 1179 conce-

445 1203 569 1239 dimus
586 1207 628 1238 ut
642 1202 694 1238 hii
709 1215 804 1252 qnos
817 1201 863 1238 ad
881 1202 951 1238 hoc
963 1201 1145 1238 duxeritis
1158 1201 1410 1251 deputandos,
1424 1200 1704 1251 procurationes
1718 1200 1817 1251 ipsas
1832 1201 1983 1251 exigant

445 1266 481 1298 et
498 1266 731 1307 conservent,
749 1261 806 1297 vel
824 1275 891 1311 per
909 1274 974 1297 vos
994 1261 1072 1304 vel3
1091 1261 1188 1297 sicut
1204 1259 1485 1306 ordinaveritis,
1503 1273 1570 1310 per
1587 1259 1702 1296 alium
1721 1259 1982 1312 apportandas,

446 1315 734 1358 contradictores
752 1333 819 1370 per
836 1333 1028 1356 censuram
1048 1319 1331 1360 ecclesiasticam
1357 1318 1638 1369 compescendo.
1666 1318 1849 1356 Volumus
1871 1318 1982 1356 etiam

444 1378 546 1430 quod
565 1378 619 1414 illi
637 1391 733 1429 quos
750 1379 871 1415 taliter
885 1378 1126 1429 deputabitis,
1144 1391 1205 1415 eos
1223 1378 1288 1428 qui
1307 1379 1418 1415 latam
1437 1382 1590 1428 propter
1608 1377 1679 1414 hoc
1696 1391 1715 1414 a
1733 1377 1842 1414 vobis
1858 1378 1916 1414 vel
1934 1377 1983 1415 ab

445 1437 496 1474 eis
514 1436 909 1474 excommunicationis
925 1436 1144 1473 sententiam
1159 1436 1382 1473 incurrerint
1397 1449 1515 1486 usque
1528 1435 1574 1471 ad
1589 1435 1875 1472 satisfactionem
1891 1449 1984 1474 con-

444 1495 595 1546 dignam
620 1495 960 1532 excommunicatos
984 1495 1134 1545 publice
1160 1495 1342 1531 nuntietis
1364 1499 1400 1531 et
1420 1493 1562 1531 faciatis
1590 1494 1637 1531 ab
1663 1493 1840 1531 omnibus
1865 1495 1982 1533 artius

445 1554 590 1599 evitari,
609 1554 691 1591 etsi
711 1554 800 1590 tales
818 1553 864 1590 ad
883 1566 947 1590 cor
970 1553 1106 1590 reversi
1130 1553 1177 1589 de
1201 1552 1529 1603 procurationibus
1553 1552 1771 1602 hujusmodi
1794 1553 1982 1590 satisfece-

446 1613 532 1658 rint,
542 1625 607 1650 vos
623 1617 707 1663 post
721 1612 900 1662 integram
915 1611 1200 1648 satisfactionem
1216 1611 1263 1647 ab
1278 1610 1494 1660 hujusmodi
1509 1610 1689 1647 sententia
1698 1609 1808 1660 juxta
1822 1611 1980 1648 formam

444 1671 616 1708 ecclesiae
634 1671 829 1707 absolvant
845 1675 882 1707 et
898 1670 1114 1720 dispensent
1131 1683 1215 1706 cum
1236 1669 1374 1706 eisdem
1393 1669 1422 1705 si
1444 1681 1518 1704 non
1537 1668 1787 1705 abstinuerint
1803 1681 1823 1705 a
1842 1668 1981 1706 divinis

444 1733 574 1770 officiis
604 1733 656 1770 sic
682 1732 803 1783 ligati,
830 1732 998 1781 injuncto
1027 1731 1079 1768 eis
1112 1731 1214 1781 quod
1241 1729 1393 1779 dejure
1417 1730 1528 1766 fuerit
1552 1729 1847 1780 injungendum,
1871 1729 1980 1767 vobis

444 1804 595 1842 quoque
617 1790 774 1827 similem
799 1790 1015 1827 absolvendi
1042 1795 1078 1826 et
1101 1788 1340 1840 dispensandi
1366 1801 1451 1825 cum
1479 1788 1614 1824 talibus
1638 1787 1786 1838 plenam
1804 1787 1981 1825 concedi-

445 1863 527 1887 mus
546 1854 772 1900 potestatem.

1149 2037 1278 2074 XXIll.

582 2148 815 2185 Mandement
835 2146 970 2196 relatis
986 2158 1063 2183 aux
1083 2145 1239 2182 collectes
1261 2145 1356 2182 dans
1378 2144 1410 2181 le
1432 2144 1568 2181 diocese
1584 2143 1628 2180 de
1658 2143 1848 2192 Tournay.

495 2332 592 2370 Viris
618 2332 784 2382 providis
810 2337 846 2368 et
870 2331 1038 2369 discretis
1064 2331 1205 2368 cantori
1232 2335 1268 2366 et
1292 2329 1446 2367 domino
1471 2328 1528 2375 G.‚
1547 2328 1727 2365 canonico
1753 2324 1978 2364 'fornacensi

449 2390 530 2427 talis
549 2390 586 2426 in
604 2390 765 2426 Domino
785 2391 950 2426 salutem.

498 2449 725 2485 Auctoritate
745 2448 950 2485 litterarum
972 2449 1164 2485 reverendi
1186 2448 1320 2499 patris,
1341 2451 1424 2492 etc,
1448 2444 1703 2496 praesentibus
1730 2454 1978 2486 annexarum‚

449 2521 608 2559 quarum
631 2511 776 2543 nostrae
800 2507 1041 2544 sollicitudini
1070 2507 1324 2544 executionem
1352 2505 1554 2551 commisit,
1582 2503 1689 2541 vobis
1718 2500 1981 2553 praecipiendo
