<?xml version="1.0" encoding="UTF-8"?>
<!DOCTYPE html PUBLIC "-//W3C//DTD XHTML 1.0 Transitional//EN"
    "http://www.w3.org/TR/xhtml1/DTD/xhtml1-transitional.dtd">
<html xmlns="http://www.w3.org/1999/xhtml" xml:lang="en" lang="en">
 <head>
  <title>
</title>
<meta http-equiv="Content-Type" content="text/html;charset=utf-8" />
  <meta name='ocr-system' content='tesseract 3.04.00' />
  <meta name='ocr-capabilities' content='ocr_page ocr_carea ocr_par ocr_line ocrx_word'/>
</head>
<body>
  <div class='ocr_page' id='page_1' title='image "./codexdunensissiv00kervuoft/codexdunensissiv00kervuoft_0304.png"; bbox 0 0 2184 3074; ppageno 0'>
   <div class='ocr_carea' id='block_1_1' title="bbox 438 268 1419 311">
    <p class='ocr_par' dir='ltr' id='par_1_1' title="bbox 438 268 1419 311">
     <span class='ocr_line' id='line_1_1' title="bbox 438 268 1419 311; baseline -0.006 0"><span class='ocrx_word' id='word_1_1' title='bbox 438 275 511 311; x_wconf 65' lang='lat'><strong>26⁹2</strong></span> <span class='ocrx_word' id='word_1_2' title='bbox 986 269 1148 306; x_wconf 88' lang='lat' dir='ltr'>CODEX</span> <span class='ocrx_word' id='word_1_3' title='bbox 1174 268 1419 306; x_wconf 87' lang='lat' dir='ltr'><strong>DUNENSIS.</strong></span> 
     </span>
    </p>
   </div>
   <div class='ocr_carea' id='block_1_2' title="bbox 439 387 1980 966">
    <p class='ocr_par' dir='ltr' id='par_1_2' title="bbox 439 387 1980 966">
     <span class='ocr_line' id='line_1_2' title="bbox 439 387 1974 441; baseline -0.001 -10"><span class='ocrx_word' id='word_1_4' title='bbox 439 407 516 432; x_wconf 89' lang='lat' dir='ltr'><strong>sem</strong></span> <span class='ocrx_word' id='word_1_5' title='bbox 536 406 659 430; x_wconf 87' lang='lat' dir='ltr'><strong>coram</strong></span> <span class='ocrx_word' id='word_1_6' title='bbox 683 391 744 427; x_wconf 86' lang='lat' dir='ltr'><strong>tali</strong></span> <span class='ocrx_word' id='word_1_7' title='bbox 768 389 895 439; x_wconf 91' lang='lat' dir='ltr'><strong>judice</strong></span> <span class='ocrx_word' id='word_1_8' title='bbox 922 402 941 424; x_wconf 87' lang='lat' dir='ltr'><strong>a</strong></span> <span class='ocrx_word' id='word_1_9' title='bbox 969 387 1123 424; x_wconf 90' lang='lat' dir='ltr'><strong>domino</strong></span> <span class='ocrx_word' id='word_1_10' title='bbox 1149 387 1268 437; x_wconf 79' lang='lat' dir='ltr'><strong>legato</strong></span> <span class='ocrx_word' id='word_1_11' title='bbox 1296 387 1400 433; x_wconf 59' lang='lat' dir='ltr'><strong>dato„</strong></span> <span class='ocrx_word' id='word_1_12' title='bbox 1424 388 1461 423; x_wconf 92' lang='lat' dir='ltr'><strong>in</strong></span> <span class='ocrx_word' id='word_1_13' title='bbox 1489 387 1695 439; x_wconf 88' lang='lat' dir='ltr'><strong>dampnum</strong></span> <span class='ocrx_word' id='word_1_14' title='bbox 1714 395 1750 427; x_wconf 89' lang='lat' dir='ltr'><strong>ct</strong></span> <span class='ocrx_word' id='word_1_15' title='bbox 1776 404 1974 441; x_wconf 78' lang='lat' dir='ltr'><strong>gravamen</strong></span> 
     </span>
     <span class='ocr_line' id='line_1_3' title="bbox 440 445 1975 502; baseline -0.001 -12"><span class='ocrx_word' id='word_1_16' title='bbox 440 452 530 490; x_wconf 91' lang='lat' dir='ltr'><strong>dicti</strong></span> <span class='ocrx_word' id='word_1_17' title='bbox 552 448 794 499; x_wconf 80' lang='lat' dir='ltr'><strong>crucesignati</strong></span> <span class='ocrx_word' id='word_1_18' title='bbox 820 452 855 483; x_wconf 92' lang='lat' dir='ltr'><strong>et</strong></span> <span class='ocrx_word' id='word_1_19' title='bbox 881 451 1008 483; x_wconf 90' lang='lat' dir='ltr'><strong>contra</strong></span> <span class='ocrx_word' id='word_1_20' title='bbox 1033 445 1272 496; x_wconf 82' lang='lat' dir='ltr'><strong>privilegium</strong></span> <span class='ocrx_word' id='word_1_21' title='bbox 1299 446 1563 496; x_wconf 78' lang='lat' dir='ltr'><strong>crucesignatis</strong></span> <span class='ocrx_word' id='word_1_22' title='bbox 1590 447 1790 486; x_wconf 87' lang='lat' dir='ltr'><strong>indultum.</strong></span> <span class='ocrx_word' id='word_1_23' title='bbox 1817 450 1862 487; x_wconf 86' lang='lat' dir='ltr'><strong>Et</strong></span> <span class='ocrx_word' id='word_1_24' title='bbox 1888 452 1975 502; x_wconf 90' lang='lat' dir='ltr'><strong>quia</strong></span> 
     </span>
     <span class='ocr_line' id='line_1_4' title="bbox 442 503 1975 557; baseline -0.001 -9"><span class='ocrx_word' id='word_1_25' title='bbox 442 511 538 548; x_wconf 89' lang='lat' dir='ltr'><strong>idem</strong></span> <span class='ocrx_word' id='word_1_26' title='bbox 565 507 840 557; x_wconf 77' lang='lat' dir='ltr'><strong>crucesignatus</strong></span> <span class='ocrx_word' id='word_1_27' title='bbox 866 509 1016 555; x_wconf 87' lang='lat' dir='ltr'><strong>paratus</strong></span> <span class='ocrx_word' id='word_1_28' title='bbox 1039 508 1093 541; x_wconf 92' lang='lat' dir='ltr'><strong>est</strong></span> <span class='ocrx_word' id='word_1_29' title='bbox 1116 508 1212 541; x_wconf 87' lang='lat' dir='ltr'><strong>stare</strong></span> <span class='ocrx_word' id='word_1_30' title='bbox 1231 503 1309 553; x_wconf 89' lang='lat' dir='ltr'><strong>juri</strong></span> <span class='ocrx_word' id='word_1_31' title='bbox 1329 516 1453 540; x_wconf 87' lang='lat' dir='ltr'><strong>coram</strong></span> <span class='ocrx_word' id='word_1_32' title='bbox 1473 504 1599 551; x_wconf 76' lang='lat' dir='ltr'><strong>vobis,</strong></span> <span class='ocrx_word' id='word_1_33' title='bbox 1617 505 1770 544; x_wconf 91' lang='lat' dir='ltr'><strong>domine</strong></span> <span class='ocrx_word' id='word_1_34' title='bbox 1787 508 1975 547; x_wconf 88' lang='lat' dir='ltr'><strong>officialis.</strong></span> 
     </span>
     <span class='ocr_line' id='line_1_5' title="bbox 443 562 1978 619; baseline -0.002 -12"><span class='ocrx_word' id='word_1_35' title='bbox 443 575 618 619; x_wconf 76' lang='lat' dir='ltr'><strong>tanquam</strong></span> <span class='ocrx_word' id='word_1_36' title='bbox 638 579 705 603; x_wconf 91' lang='lat' dir='ltr'><strong>suo</strong></span> <span class='ocrx_word' id='word_1_37' title='bbox 720 564 864 614; x_wconf 66' lang='lat' dir='ltr'><strong>judice,</strong></span> <span class='ocrx_word' id='word_1_38' title='bbox 883 567 1141 600; x_wconf 78' lang='lat' dir='ltr'><strong>conservatore</strong></span> <span class='ocrx_word' id='word_1_39' title='bbox 1155 575 1197 598; x_wconf 91' lang='lat' dir='ltr'><strong>ac</strong></span> <span class='ocrx_word' id='word_1_40' title='bbox 1214 562 1426 608; x_wconf 74' lang='lat' dir='ltr'><strong>defensore,</strong></span> <span class='ocrx_word' id='word_1_41' title='bbox 1446 562 1622 614; x_wconf 84' lang='lat' dir='ltr'><strong>idemque</strong></span> <span class='ocrx_word' id='word_1_42' title='bbox 1643 567 1746 611; x_wconf 71' lang='lat' dir='ltr'><strong>reus,</strong></span> <span class='ocrx_word' id='word_1_43' title='bbox 1766 567 1978 616; x_wconf 83' lang='lat' dir='ltr'><strong>praemissis</strong></span> 
     </span>
     <span class='ocr_line' id='line_1_6' title="bbox 441 621 1976 677; baseline -0.001 -13"><span class='ocrx_word' id='word_1_44' title='bbox 441 628 496 664; x_wconf 90' lang='lat' dir='ltr'><strong>vel</strong></span> <span class='ocrx_word' id='word_1_45' title='bbox 523 626 723 677; x_wconf 88' lang='lat' dir='ltr'><strong>praemissa</strong></span> <span class='ocrx_word' id='word_1_46' title='bbox 749 623 873 673; x_wconf 86' lang='lat' dir='ltr'><strong>aliqua</strong></span> <span class='ocrx_word' id='word_1_47' title='bbox 907 626 1160 672; x_wconf 66' lang='lat' dir='ltr'><strong>competenter</strong></span> <span class='ocrx_word' id='word_1_48' title='bbox 1184 621 1397 670; x_wconf 73' lang='lat' dir='ltr'><strong>recognitis,</strong></span> <span class='ocrx_word' id='word_1_49' title='bbox 1424 621 1516 671; x_wconf 88' lang='lat' dir='ltr'><strong>petit</strong></span> <span class='ocrx_word' id='word_1_50' title='bbox 1541 627 1577 659; x_wconf 90' lang='lat' dir='ltr'><strong>et</strong></span> <span class='ocrx_word' id='word_1_51' title='bbox 1601 624 1787 674; x_wconf 81' lang='lat' dir='ltr'><strong>supplicat</strong></span> <span class='ocrx_word' id='word_1_52' title='bbox 1816 629 1976 663; x_wconf 90' lang='lat' dir='ltr'><strong>actorem</strong></span> 
     </span>
     <span class='ocr_line' id='line_1_7' title="bbox 441 679 1979 735; baseline -0.001 -13"><span class='ocrx_word' id='word_1_53' title='bbox 441 684 737 734; x_wconf 83' lang='lat' dir='ltr'><strong>crucesignatum</strong></span> <span class='ocrx_word' id='word_1_54' title='bbox 756 694 860 717; x_wconf 85' lang='lat' dir='ltr'><strong>reum</strong></span> <span class='ocrx_word' id='word_1_55' title='bbox 876 694 942 730; x_wconf 91' lang='lat' dir='ltr'><strong>per</strong></span> <span class='ocrx_word' id='word_1_56' title='bbox 958 693 1024 716; x_wconf 88' lang='lat' dir='ltr'><strong>vos</strong></span> <span class='ocrx_word' id='word_1_57' title='bbox 1039 679 1184 728; x_wconf 88' lang='lat' dir='ltr'><strong>judices</strong></span> <span class='ocrx_word' id='word_1_58' title='bbox 1203 679 1249 716; x_wconf 91' lang='lat' dir='ltr'><strong>ad</strong></span> <span class='ocrx_word' id='word_1_59' title='bbox 1267 679 1339 716; x_wconf 90' lang='lat' dir='ltr'><strong>hoc</strong></span> <span class='ocrx_word' id='word_1_60' title='bbox 1363 679 1434 716; x_wconf 90' lang='lat' dir='ltr'><strong>sibi</strong></span> <span class='ocrx_word' id='word_1_61' title='bbox 1454 680 1720 732; x_wconf 86' lang='lat' dir='ltr'><strong>condempnari</strong></span> <span class='ocrx_word' id='word_1_62' title='bbox 1734 687 1772 719; x_wconf 92' lang='lat' dir='ltr'><strong>et</strong></span> <span class='ocrx_word' id='word_1_63' title='bbox 1789 683 1979 735; x_wconf 66' lang='lat' dir='ltr'><strong>compelli,</strong></span> 
     </span>
     <span class='ocr_line' id='line_1_8' title="bbox 442 737 1979 788; baseline 0 -8"><span class='ocrx_word' id='word_1_64' title='bbox 442 749 483 780; x_wconf 88' lang='lat' dir='ltr'><strong>ut</strong></span> <span class='ocrx_word' id='word_1_65' title='bbox 500 757 519 780; x_wconf 90' lang='lat' dir='ltr'><strong>a</strong></span> <span class='ocrx_word' id='word_1_66' title='bbox 533 742 642 778; x_wconf 91' lang='lat' dir='ltr'><strong>dictis</strong></span> <span class='ocrx_word' id='word_1_67' title='bbox 658 740 869 783; x_wconf 68' lang='lat' dir='ltr'><strong>vexatione,</strong></span> <span class='ocrx_word' id='word_1_68' title='bbox 889 739 927 775; x_wconf 90' lang='lat' dir='ltr'><strong>in</strong></span> <span class='ocrx_word' id='word_1_69' title='bbox 945 751 1094 775; x_wconf 88' lang='lat' dir='ltr'><strong>causam</strong></span> <span class='ocrx_word' id='word_1_70' title='bbox 1113 737 1306 783; x_wconf 54' lang='lat' dir='ltr'><strong>tructione,</strong></span> <span class='ocrx_word' id='word_1_71' title='bbox 1326 738 1372 774; x_wconf 88' lang='lat' dir='ltr'><strong>ad</strong></span> <span class='ocrx_word' id='word_1_72' title='bbox 1387 738 1574 787; x_wconf 81' lang='lat' dir='ltr'><strong>judicium</strong></span> <span class='ocrx_word' id='word_1_73' title='bbox 1599 740 1829 788; x_wconf 72' lang='lat' dir='ltr'><strong>evocatione,</strong></span> <span class='ocrx_word' id='word_1_74' title='bbox 1851 755 1979 780; x_wconf 88' lang='lat' dir='ltr'><strong>earum</strong></span> 
     </span>
     <span class='ocr_line' id='line_1_9' title="bbox 443 797 1980 854; baseline -0.001 -14"><span class='ocrx_word' id='word_1_75' title='bbox 443 801 702 854; x_wconf 85' lang='lat' dir='ltr'><strong>prosecutione</strong></span> <span class='ocrx_word' id='word_1_76' title='bbox 718 799 866 850; x_wconf 87' lang='lat' dir='ltr'><strong>penitus</strong></span> <span class='ocrx_word' id='word_1_77' title='bbox 885 798 1054 844; x_wconf 76' lang='lat' dir='ltr'><strong>desistat,</strong></span> <span class='ocrx_word' id='word_1_78' title='bbox 1076 811 1136 834; x_wconf 89' lang='lat' dir='ltr'><strong>eas</strong></span> <span class='ocrx_word' id='word_1_79' title='bbox 1150 802 1186 834; x_wconf 85' lang='lat' dir='ltr'><strong>et</strong></span> <span class='ocrx_word' id='word_1_80' title='bbox 1206 797 1390 848; x_wconf 85' lang='lat' dir='ltr'><strong>quicquid</strong></span> <span class='ocrx_word' id='word_1_81' title='bbox 1415 811 1461 834; x_wconf 86' lang='lat' dir='ltr'><strong>ex</strong></span> <span class='ocrx_word' id='word_1_82' title='bbox 1484 798 1537 835; x_wconf 84' lang='lat' dir='ltr'><strong>eis</strong></span> <span class='ocrx_word' id='word_1_83' title='bbox 1560 803 1728 839; x_wconf 89' lang='lat' dir='ltr'><strong>secutum</strong></span> <span class='ocrx_word' id='word_1_84' title='bbox 1749 804 1803 838; x_wconf 87' lang='lat' dir='ltr'><strong>est</strong></span> <span class='ocrx_word' id='word_1_85' title='bbox 1815 806 1980 847; x_wconf 46' lang='lat' dir='ltr'><strong>revocem</strong></span> 
     </span>
     <span class='ocr_line' id='line_1_10' title="bbox 443 855 1980 908; baseline -0.001 -10"><span class='ocrx_word' id='word_1_86' title='bbox 443 859 606 899; x_wconf 87' lang='lat' dir='ltr'><strong>revocari</strong></span> <span class='ocrx_word' id='word_1_87' title='bbox 633 858 741 895; x_wconf 84' lang='lat' dir='ltr'><strong>faciat</strong></span> <span class='ocrx_word' id='word_1_88' title='bbox 768 861 804 894; x_wconf 89' lang='lat' dir='ltr'><strong>et</strong></span> <span class='ocrx_word' id='word_1_89' title='bbox 830 860 1021 907; x_wconf 66' lang='lat' dir='ltr'><strong>procuret,</strong></span> <span class='ocrx_word' id='word_1_90' title='bbox 1040 856 1120 900; x_wconf 89' lang='lat' dir='ltr'><strong>sine</strong></span> <span class='ocrx_word' id='word_1_91' title='bbox 1145 860 1252 892; x_wconf 89' lang='lat' dir='ltr'><strong>custu</strong></span> <span class='ocrx_word' id='word_1_92' title='bbox 1278 860 1314 892; x_wconf 90' lang='lat' dir='ltr'><strong>et</strong></span> <span class='ocrx_word' id='word_1_93' title='bbox 1331 855 1496 906; x_wconf 87' lang='lat' dir='ltr'><strong>dampno</strong></span> <span class='ocrx_word' id='word_1_94' title='bbox 1520 856 1608 893; x_wconf 91' lang='lat' dir='ltr'><strong>dicti</strong></span> <span class='ocrx_word' id='word_1_95' title='bbox 1634 858 1897 908; x_wconf 58' lang='lat' dir='ltr'><strong>crucesignati„</strong></span> <span class='ocrx_word' id='word_1_96' title='bbox 1919 872 1980 896; x_wconf 86' lang='lat' dir='ltr'><strong>ra-</strong></span> 
     </span>
     <span class='ocr_line' id='line_1_11' title="bbox 443 914 1202 966; baseline -0.008 -10"><span class='ocrx_word' id='word_1_97' title='bbox 443 921 544 957; x_wconf 88' lang='lat' dir='ltr'><strong>tione</strong></span> <span class='ocrx_word' id='word_1_98' title='bbox 561 923 596 955; x_wconf 89' lang='lat' dir='ltr'><strong>et</strong></span> <span class='ocrx_word' id='word_1_99' title='bbox 613 930 722 954; x_wconf 82' lang='lat' dir='ltr'><strong>causa</strong></span> <span class='ocrx_word' id='word_1_100' title='bbox 740 915 951 966; x_wconf 86' lang='lat' dir='ltr'><strong>praedictis.</strong></span> <span class='ocrx_word' id='word_1_101' title='bbox 971 915 1011 951; x_wconf 91' lang='lat' dir='ltr'><strong>ln</strong></span> <span class='ocrx_word' id='word_1_102' title='bbox 1027 914 1098 951; x_wconf 90' lang='lat' dir='ltr'><strong>hiis</strong></span> <span class='ocrx_word' id='word_1_103' title='bbox 1109 943 1118 959; x_wconf 57' lang='lat'>7</span> <span class='ocrx_word' id='word_1_104' title='bbox 1133 919 1202 951; x_wconf 88' lang='lat' dir='ltr'><strong>etc.</strong></span> 
     </span>
    </p>
   </div>
   <div class='ocr_carea' id='block_1_3' title="bbox 1164 1038 1276 1047">
    <p class='ocr_par' dir='ltr' id='par_1_3' title="bbox 1164 1038 1276 1047">
     <span class='ocr_line' id='line_1_12' title="bbox 1164 1038 1276 1047; baseline -0.009 -1"><span class='ocrx_word' id='word_1_105' title='bbox 1164 1038 1276 1047; x_wconf 51' lang='lat'><strong>⁴0*—</strong></span> 
     </span>
    </p>
   </div>
   <div class='ocr_carea' id='block_1_4' title="bbox 1149 1182 1322 1219">
    <p class='ocr_par' dir='ltr' id='par_1_4' title="bbox 1149 1182 1322 1219">
     <span class='ocr_line' id='line_1_13' title="bbox 1149 1182 1322 1219; baseline -0.006 0"><span class='ocrx_word' id='word_1_106' title='bbox 1149 1182 1322 1219; x_wconf 63' lang='lat' dir='ltr'>CLXIX:</span> 
     </span>
    </p>
   </div>
   <div class='ocr_carea' id='block_1_5' title="bbox 479 1301 1953 1410">
    <p class='ocr_par' dir='ltr' id='par_1_5' title="bbox 479 1301 1953 1410">
     <span class='ocr_line' id='line_1_14' title="bbox 479 1301 1953 1352; baseline -0.001 -12"><span class='ocrx_word' id='word_1_107' title='bbox 479 1304 639 1340; x_wconf 74' lang='lat' dir='ltr'><strong>Mesures</strong></span> <span class='ocrx_word' id='word_1_108' title='bbox 658 1303 679 1339; x_wconf 83' lang='grc' dir='ltr'><em>ἀ</em></span> <span class='ocrx_word' id='word_1_109' title='bbox 695 1302 858 1352; x_wconf 77' lang='lat' dir='ltr'><strong>prendre</strong></span> <span class='ocrx_word' id='word_1_110' title='bbox 874 1314 971 1350; x_wconf 77' lang='lat' dir='ltr'><strong>pour</strong></span> <span class='ocrx_word' id='word_1_111' title='bbox 986 1302 1111 1351; x_wconf 65' lang='lat' dir='ltr'><strong>[arcer</strong></span> <span class='ocrx_word' id='word_1_112' title='bbox 1129 1302 1205 1339; x_wconf 73' lang='lat' dir='ltr'><strong>Gai</strong></span> <span class='ocrx_word' id='word_1_113' title='bbox 1219 1301 1262 1338; x_wconf 86' lang='lat' dir='ltr'><strong>de</strong></span> <span class='ocrx_word' id='word_1_114' title='bbox 1279 1301 1518 1350; x_wconf 81' lang='lat' dir='ltr'><strong>Dampz&#39;erre,</strong></span> <span class='ocrx_word' id='word_1_115' title='bbox 1538 1307 1649 1339; x_wconf 83' lang='lat' dir='ltr'><strong>comte</strong></span> <span class='ocrx_word' id='word_1_116' title='bbox 1666 1301 1710 1338; x_wconf 87' lang='lat' dir='ltr'><strong>de</strong></span> <span class='ocrx_word' id='word_1_117' title='bbox 1726 1301 1912 1346; x_wconf 76' lang='lat' dir='ltr'><strong>Flandre,</strong></span> <span class='ocrx_word' id='word_1_118' title='bbox 1929 1302 1953 1338; x_wconf 78' lang='grc' dir='ltr'><em>ἀ</em></span> 
     </span>
     <span class='ocr_line' id='line_1_15' title="bbox 609 1358 1820 1410; baseline -0.001 -12"><span class='ocrx_word' id='word_1_119' title='bbox 609 1363 838 1398; x_wconf 76' lang='lat' dir='ltr'><strong>reconnaitre</strong></span> <span class='ocrx_word' id='word_1_120' title='bbox 859 1360 955 1397; x_wconf 83' lang='lat' dir='ltr'><strong>Le&#39;on</strong></span> <span class='ocrx_word' id='word_1_121' title='bbox 973 1359 1017 1396; x_wconf 85' lang='lat' dir='ltr'><strong>de</strong></span> <span class='ocrx_word' id='word_1_122' title='bbox 1035 1360 1187 1410; x_wconf 78' lang='lat' dir='ltr'><strong>Fiesque</strong></span> <span class='ocrx_word' id='word_1_123' title='bbox 1205 1372 1340 1396; x_wconf 85' lang='lat' dir='ltr'><strong>comme</strong></span> <span class='ocrx_word' id='word_1_124' title='bbox 1355 1360 1482 1408; x_wconf 68' lang='lat' dir='ltr'><strong>pre&#39;vot</strong></span> <span class='ocrx_word' id='word_1_125' title='bbox 1499 1359 1544 1396; x_wconf 85' lang='lat' dir='ltr'><strong>de</strong></span> <span class='ocrx_word' id='word_1_126' title='bbox 1559 1358 1820 1397; x_wconf 62' lang='lat' dir='ltr'><strong>Sirim-Donat.</strong></span> 
     </span>
    </p>
   </div>
   <div class='ocr_carea' id='block_1_6' title="bbox 449 1563 1987 2424">
    <p class='ocr_par' dir='ltr' id='par_1_6' title="bbox 449 1563 1986 2025">
     <span class='ocr_line' id='line_1_16' title="bbox 496 1563 1983 1616; baseline 0.001 -14"><span class='ocrx_word' id='word_1_127' title='bbox 496 1566 642 1603; x_wconf 81' lang='lat' dir='ltr'><strong>Edisius</strong></span> <span class='ocrx_word' id='word_1_128' title='bbox 664 1565 887 1607; x_wconf 68' lang='lat' dir='ltr'><strong>Maletellus„</strong></span> <span class='ocrx_word' id='word_1_129' title='bbox 905 1564 1107 1600; x_wconf 86' lang='lat' dir='ltr'><strong>canonicus</strong></span> <span class='ocrx_word' id='word_1_130' title='bbox 1125 1563 1415 1608; x_wconf 71' lang='lat' dir='ltr'><strong>Cameracensis,</strong></span> <span class='ocrx_word' id='word_1_131' title='bbox 1435 1569 1610 1601; x_wconf 84' lang='lat' dir='ltr'><strong>executor</strong></span> <span class='ocrx_word' id='word_1_132' title='bbox 1627 1578 1694 1615; x_wconf 90' lang='lat' dir='ltr'><strong>per</strong></span> <span class='ocrx_word' id='word_1_133' title='bbox 1711 1565 1843 1602; x_wconf 90' lang='lat' dir='ltr'><strong>Sedem</strong></span> <span class='ocrx_word' id='word_1_134' title='bbox 1862 1566 1983 1616; x_wconf 85' lang='lat' dir='ltr'><strong>Apos-</strong></span> 
     </span>
     <span class='ocr_line' id='line_1_17' title="bbox 450 1622 1984 1674; baseline 0.001 -13"><span class='ocrx_word' id='word_1_135' title='bbox 450 1624 595 1661; x_wconf 88' lang='lat' dir='ltr'><strong>tolicam</strong></span> <span class='ocrx_word' id='word_1_136' title='bbox 615 1624 812 1674; x_wconf 84' lang='lat' dir='ltr'><strong>deputatus</strong></span> <span class='ocrx_word' id='word_1_137' title='bbox 831 1635 904 1659; x_wconf 91' lang='lat' dir='ltr'><strong>una</strong></span> <span class='ocrx_word' id='word_1_138' title='bbox 918 1635 1003 1659; x_wconf 92' lang='lat' dir='ltr'><strong>cum</strong></span> <span class='ocrx_word' id='word_1_139' title='bbox 1022 1622 1225 1673; x_wconf 81' lang='lat' dir='ltr'><strong>venerabili</strong></span> <span class='ocrx_word' id='word_1_140' title='bbox 1245 1623 1283 1658; x_wconf 91' lang='lat' dir='ltr'><strong>in</strong></span> <span class='ocrx_word' id='word_1_141' title='bbox 1302 1622 1450 1659; x_wconf 83' lang='lat' dir='ltr'><strong>Christo</strong></span> <span class='ocrx_word' id='word_1_142' title='bbox 1469 1628 1571 1673; x_wconf 89' lang='lat' dir='ltr'><strong>patre</strong></span> <span class='ocrx_word' id='word_1_143' title='bbox 1589 1636 1631 1659; x_wconf 88' lang='lat' dir='ltr'><strong>ac</strong></span> <span class='ocrx_word' id='word_1_144' title='bbox 1650 1623 1804 1660; x_wconf 89' lang='lat' dir='ltr'><strong>domino</strong></span> <span class='ocrx_word' id='word_1_145' title='bbox 1822 1623 1866 1661; x_wconf 87' lang='lat' dir='ltr'><strong>G.</strong></span> <span class='ocrx_word' id='word_1_146' title='bbox 1876 1624 1984 1666; x_wconf 84' lang='lat' dir='ltr'><strong>Sabi—</strong></span> 
     </span>
     <span class='ocr_line' id='line_1_18' title="bbox 450 1681 1984 1733; baseline 0 -13"><span class='ocrx_word' id='word_1_147' title='bbox 450 1683 566 1720; x_wconf 89' lang='lat' dir='ltr'><strong>niensi</strong></span> <span class='ocrx_word' id='word_1_148' title='bbox 585 1682 1043 1733; x_wconf 32' lang='lat' dir='ltr'><strong>episcopotssacrosanctae</strong></span> <span class='ocrx_word' id='word_1_149' title='bbox 1061 1681 1250 1718; x_wconf 84' lang='lat' dir='ltr'><strong>Romanae</strong></span> <span class='ocrx_word' id='word_1_150' title='bbox 1265 1681 1449 1718; x_wconf 83' lang='lat' dir='ltr'><strong>Ecclesiae</strong></span> <span class='ocrx_word' id='word_1_151' title='bbox 1463 1682 1641 1718; x_wconf 85' lang='lat' dir='ltr'><strong>cardinali</strong></span> <span class='ocrx_word' id='word_1_152' title='bbox 1659 1687 1695 1719; x_wconf 92' lang='lat' dir='ltr'><strong>et</strong></span> <span class='ocrx_word' id='word_1_153' title='bbox 1709 1683 1984 1720; x_wconf 81' lang='lat' dir='ltr'><strong>venerabilibus</strong></span> 
     </span>
     <span class='ocr_line' id='line_1_19' title="bbox 453 1739 1986 1790; baseline 0 -11"><span class='ocrx_word' id='word_1_154' title='bbox 453 1742 579 1779; x_wconf 88' lang='lat' dir='ltr'><strong>multis</strong></span> <span class='ocrx_word' id='word_1_155' title='bbox 611 1741 692 1777; x_wconf 90' lang='lat' dir='ltr'><strong>aliis</strong></span> <span class='ocrx_word' id='word_1_156' title='bbox 724 1754 836 1790; x_wconf 90' lang='lat' dir='ltr'><strong>super</strong></span> <span class='ocrx_word' id='word_1_157' title='bbox 866 1739 1079 1789; x_wconf 89' lang='lat' dir='ltr'><strong>provisione</strong></span> <span class='ocrx_word' id='word_1_158' title='bbox 1119 1740 1213 1775; x_wconf 84' lang='lat' dir='ltr'><strong>sacta</strong></span> <span class='ocrx_word' id='word_1_159' title='bbox 1244 1739 1447 1776; x_wconf 82' lang='lat' dir='ltr'><strong>venerabili</strong></span> <span class='ocrx_word' id='word_1_160' title='bbox 1482 1740 1563 1777; x_wconf 92' lang='lat' dir='ltr'><strong>viro</strong></span> <span class='ocrx_word' id='word_1_161' title='bbox 1593 1740 1747 1778; x_wconf 87' lang='lat' dir='ltr'><strong>domino</strong></span> <span class='ocrx_word' id='word_1_162' title='bbox 1773 1742 1912 1779; x_wconf 88' lang='lat' dir='ltr'><strong>Leonio</strong></span> <span class='ocrx_word' id='word_1_163' title='bbox 1935 1742 1986 1779; x_wconf 72' lang='lat' dir='ltr'><strong>‘de</strong></span> 
     </span>
     <span class='ocr_line' id='line_1_20' title="bbox 450 1798 1986 1850; baseline 0 -12"><span class='ocrx_word' id='word_1_164' title='bbox 450 1801 570 1838; x_wconf 86' lang='lat' dir='ltr'><strong>Flisco</strong></span> <span class='ocrx_word' id='word_1_165' title='bbox 585 1800 631 1836; x_wconf 91' lang='lat' dir='ltr'><strong>de</strong></span> <span class='ocrx_word' id='word_1_166' title='bbox 649 1798 903 1850; x_wconf 85' lang='lat' dir='ltr'><strong>praepositura</strong></span> <span class='ocrx_word' id='word_1_167' title='bbox 923 1798 1124 1848; x_wconf 82' lang='lat' dir='ltr'><strong>Brugensis</strong></span> <span class='ocrx_word' id='word_1_168' title='bbox 1138 1798 1333 1844; x_wconf 75' lang='lat' dir='ltr'><strong>ecclesiae,</strong></span> <span class='ocrx_word' id='word_1_169' title='bbox 1351 1799 1595 1837; x_wconf 74' lang='lat' dir='ltr'><strong>&#39;fornacensis</strong></span> <span class='ocrx_word' id='word_1_170' title='bbox 1614 1800 1803 1850; x_wconf 82' lang='lat' dir='ltr'><strong>dyocesis,</strong></span> <span class='ocrx_word' id='word_1_171' title='bbox 1821 1801 1986 1838; x_wconf 90' lang='lat' dir='ltr'><strong>auctori-</strong></span> 
     </span>
     <span class='ocr_line' id='line_1_21' title="bbox 452 1856 1985 1910; baseline 0.001 -14"><span class='ocrx_word' id='word_1_172' title='bbox 452 1864 523 1896; x_wconf 86' lang='lat' dir='ltr'><strong>tate</strong></span> <span class='ocrx_word' id='word_1_173' title='bbox 541 1858 743 1908; x_wconf 89' lang='lat' dir='ltr'><strong>apostolica</strong></span> <span class='ocrx_word' id='word_1_174' title='bbox 763 1857 946 1893; x_wconf 87' lang='lat' dir='ltr'><strong>universis</strong></span> <span class='ocrx_word' id='word_1_175' title='bbox 965 1856 1172 1907; x_wconf 57' lang='lat' dir='ltr'><strong>episcopis2</strong></span> <span class='ocrx_word' id='word_1_176' title='bbox 1194 1857 1429 1907; x_wconf 64' lang='lat' dir='ltr'><strong>praepositis,</strong></span> <span class='ocrx_word' id='word_1_177' title='bbox 1449 1857 1615 1905; x_wconf 78' lang='lat' dir='ltr'><strong>decanis,</strong></span> <span class='ocrx_word' id='word_1_178' title='bbox 1640 1859 1856 1906; x_wconf 77' lang='lat' dir='ltr'><strong>abbatibus,</strong></span> <span class='ocrx_word' id='word_1_179' title='bbox 1881 1860 1985 1910; x_wconf 88' lang='lat' dir='ltr'><strong>prio-</strong></span> 
     </span>
     <span class='ocr_line' id='line_1_22' title="bbox 450 1914 1984 1968; baseline 0 -13"><span class='ocrx_word' id='word_1_180' title='bbox 450 1918 568 1963; x_wconf 65' lang='lat' dir='ltr'><strong>ribus‚</strong></span> <span class='ocrx_word' id='word_1_181' title='bbox 587 1915 756 1967; x_wconf 88' lang='lat' dir='ltr'><strong>plebanis</strong></span> <span class='ocrx_word' id='word_1_182' title='bbox 766 1944 774 1959; x_wconf 74' lang='grc'><em>,</em></span> <span class='ocrx_word' id='word_1_183' title='bbox 789 1914 1027 1952; x_wconf 88' lang='lat' dir='ltr'><strong>ecclesiarum</strong></span> <span class='ocrx_word' id='word_1_184' title='bbox 1046 1915 1254 1951; x_wconf 87' lang='lat' dir='ltr'><strong>rectoribus</strong></span> <span class='ocrx_word' id='word_1_185' title='bbox 1269 1928 1311 1952; x_wconf 87' lang='lat' dir='ltr'><strong>ac</strong></span> <span class='ocrx_word' id='word_1_186' title='bbox 1325 1915 1405 1952; x_wconf 90' lang='lat' dir='ltr'><strong>aliis</strong></span> <span class='ocrx_word' id='word_1_187' title='bbox 1422 1917 1589 1966; x_wconf 88' lang='lat' dir='ltr'><strong>personis</strong></span> <span class='ocrx_word' id='word_1_188' title='bbox 1604 1917 1860 1955; x_wconf 87' lang='lat' dir='ltr'><strong>ecclesiasticis</strong></span> <span class='ocrx_word' id='word_1_189' title='bbox 1875 1931 1984 1968; x_wconf 87' lang='lat' dir='ltr'><strong>prae-</strong></span> 
     </span>
     <span class='ocr_line' id='line_1_23' title="bbox 449 1973 1572 2025; baseline -0.001 -12"><span class='ocrx_word' id='word_1_190' title='bbox 449 1981 569 2014; x_wconf 83' lang='lat' dir='ltr'><strong>sentes</strong></span> <span class='ocrx_word' id='word_1_191' title='bbox 586 1975 724 2011; x_wconf 87' lang='lat' dir='ltr'><strong>litteras</strong></span> <span class='ocrx_word' id='word_1_192' title='bbox 738 1973 874 2011; x_wconf 90' lang='lat' dir='ltr'><strong>visuris</strong></span> <span class='ocrx_word' id='word_1_193' title='bbox 888 1973 1043 2010; x_wconf 89' lang='lat' dir='ltr'><strong>salutem</strong></span> <span class='ocrx_word' id='word_1_194' title='bbox 1063 1973 1102 2010; x_wconf 90' lang='lat' dir='ltr'><strong>in</strong></span> <span class='ocrx_word' id='word_1_195' title='bbox 1123 1973 1284 2010; x_wconf 89' lang='lat' dir='ltr'><strong>Domino</strong></span> <span class='ocrx_word' id='word_1_196' title='bbox 1297 1975 1572 2025; x_wconf 87' lang='lat' dir='ltr'><strong>sempiternam.</strong></span> 
     </span>
    </p>

    <p class='ocr_par' dir='ltr' id='par_1_7' title="bbox 451 2033 1987 2424">
     <span class='ocr_line' id='line_1_24' title="bbox 500 2033 1984 2086; baseline 0.001 -15"><span class='ocrx_word' id='word_1_197' title='bbox 500 2035 592 2071; x_wconf 87' lang='lat' dir='ltr'><strong>Cum</strong></span> <span class='ocrx_word' id='word_1_198' title='bbox 612 2033 865 2070; x_wconf 82' lang='lat' dir='ltr'><strong>sanctissimus</strong></span> <span class='ocrx_word' id='word_1_199' title='bbox 884 2037 988 2083; x_wconf 85' lang='lat' dir='ltr'><strong>pater</strong></span> <span class='ocrx_word' id='word_1_200' title='bbox 1005 2037 1040 2069; x_wconf 86' lang='lat' dir='ltr'><strong>et</strong></span> <span class='ocrx_word' id='word_1_201' title='bbox 1057 2033 1236 2069; x_wconf 89' lang='lat' dir='ltr'><strong>dominus</strong></span> <span class='ocrx_word' id='word_1_202' title='bbox 1253 2033 1431 2071; x_wconf 84' lang='lat' dir='ltr'><strong>dominus</strong></span> <span class='ocrx_word' id='word_1_203' title='bbox 1455 2034 1676 2072; x_wconf 84' lang='lat' dir='ltr'><strong>Bonel&#39;acius</strong></span> <span class='ocrx_word' id='word_1_204' title='bbox 1700 2048 1794 2086; x_wconf 87' lang='lat' dir='ltr'><strong>papa</strong></span> <span class='ocrx_word' id='word_1_205' title='bbox 1815 2040 1984 2081; x_wconf 89' lang='lat' dir='ltr'><strong>octavus,</strong></span> 
     </span>
     <span class='ocr_line' id='line_1_25' title="bbox 451 2091 1987 2142; baseline 0 -11"><span class='ocrx_word' id='word_1_206' title='bbox 451 2094 643 2131; x_wconf 87' lang='lat' dir='ltr'><strong>attendens</strong></span> <span class='ocrx_word' id='word_1_207' title='bbox 661 2091 815 2142; x_wconf 84' lang='lat' dir='ltr'><strong>grandia</strong></span> <span class='ocrx_word' id='word_1_208' title='bbox 834 2091 1031 2141; x_wconf 85' lang='lat' dir='ltr'><strong>probitatis</strong></span> <span class='ocrx_word' id='word_1_209' title='bbox 1050 2092 1180 2128; x_wconf 85' lang='lat' dir='ltr'><strong>merita</strong></span> <span class='ocrx_word' id='word_1_210' title='bbox 1199 2092 1338 2142; x_wconf 92' lang='lat' dir='ltr'><strong>quibus</strong></span> <span class='ocrx_word' id='word_1_211' title='bbox 1357 2092 1478 2130; x_wconf 89' lang='lat' dir='ltr'><strong>dictus</strong></span> <span class='ocrx_word' id='word_1_212' title='bbox 1503 2093 1726 2130; x_wconf 88' lang='lat' dir='ltr'><strong>venerabilis</strong></span> <span class='ocrx_word' id='word_1_213' title='bbox 1751 2093 1808 2130; x_wconf 87' lang='lat' dir='ltr'><strong>vir</strong></span> <span class='ocrx_word' id='word_1_214' title='bbox 1827 2093 1987 2132; x_wconf 86' lang='lat' dir='ltr'><strong>Leonius</strong></span> 
     </span>
     <span class='ocr_line' id='line_1_26' title="bbox 452 2150 1987 2202; baseline 0.001 -13"><span class='ocrx_word' id='word_1_215' title='bbox 452 2153 497 2189; x_wconf 93' lang='lat' dir='ltr'><strong>de</strong></span> <span class='ocrx_word' id='word_1_216' title='bbox 517 2153 544 2188; x_wconf 85' lang='lat' dir='ltr'><strong>F</strong></span> <span class='ocrx_word' id='word_1_217' title='bbox 548 2152 654 2195; x_wconf 70' lang='lat' dir='ltr'><strong>fisco,</strong></span> <span class='ocrx_word' id='word_1_218' title='bbox 674 2150 906 2200; x_wconf 87' lang='lat' dir='ltr'><strong>praepositus</strong></span> <span class='ocrx_word' id='word_1_219' title='bbox 926 2150 1127 2200; x_wconf 85' lang='lat' dir='ltr'><strong>Brugensis</strong></span> <span class='ocrx_word' id='word_1_220' title='bbox 1139 2179 1148 2196; x_wconf 42' lang='lat'><em>5</em></span> <span class='ocrx_word' id='word_1_221' title='bbox 1168 2150 1308 2200; x_wconf 88' lang='lat' dir='ltr'><strong>pollere</strong></span> <span class='ocrx_word' id='word_1_222' title='bbox 1321 2150 1546 2194; x_wconf 35' lang='lat' dir='ltr'><strong>dinoscitur!</strong></span> <span class='ocrx_word' id='word_1_223' title='bbox 1562 2152 1856 2202; x_wconf 86' lang='lat' dir='ltr'><strong>praeposituram</strong></span> <span class='ocrx_word' id='word_1_224' title='bbox 1870 2153 1987 2190; x_wconf 88' lang='lat' dir='ltr'><strong>eccle-</strong></span> 
     </span>
     <span class='ocr_line' id='line_1_27' title="bbox 452 2208 1987 2261; baseline 0.001 -14"><span class='ocrx_word' id='word_1_225' title='bbox 452 2211 526 2247; x_wconf 89' lang='lat' dir='ltr'><strong>siae</strong></span> <span class='ocrx_word' id='word_1_226' title='bbox 557 2208 775 2259; x_wconf 50' lang='lat' dir='ltr'><strong>Brugensis5</strong></span> <span class='ocrx_word' id='word_1_227' title='bbox 809 2209 1053 2246; x_wconf 88' lang='lat' dir='ltr'><strong>Tornacensis</strong></span> <span class='ocrx_word' id='word_1_228' title='bbox 1084 2209 1274 2258; x_wconf 80' lang='lat' dir='ltr'><strong>dyocesis,</strong></span> <span class='ocrx_word' id='word_1_229' title='bbox 1304 2209 1424 2246; x_wconf 92' lang='lat' dir='ltr'><strong>eidem</strong></span> <span class='ocrx_word' id='word_1_230' title='bbox 1456 2223 1541 2246; x_wconf 88' lang='lat' dir='ltr'><strong>cum</strong></span> <span class='ocrx_word' id='word_1_231' title='bbox 1573 2211 1749 2248; x_wconf 88' lang='lat' dir='ltr'><strong>omnibus</strong></span> <span class='ocrx_word' id='word_1_232' title='bbox 1772 2211 1923 2261; x_wconf 86' lang='lat' dir='ltr'><strong>juribus</strong></span> <span class='ocrx_word' id='word_1_233' title='bbox 1952 2217 1987 2248; x_wconf 90' lang='lat' dir='ltr'><strong>et</strong></span> 
     </span>
     <span class='ocr_line' id='line_1_28' title="bbox 453 2266 1986 2319; baseline 0.001 -14"><span class='ocrx_word' id='word_1_234' title='bbox 453 2267 683 2319; x_wconf 86' lang='lat' dir='ltr'><strong>pertinentiis</strong></span> <span class='ocrx_word' id='word_1_235' title='bbox 702 2266 778 2303; x_wconf 88' lang='lat' dir='ltr'><strong>suis</strong></span> <span class='ocrx_word' id='word_1_236' title='bbox 798 2267 1014 2313; x_wconf 71' lang='lat' dir='ltr'><strong>contulerit,</strong></span> <span class='ocrx_word' id='word_1_237' title='bbox 1040 2267 1246 2318; x_wconf 86' lang='lat' dir='ltr'><strong>providerit</strong></span> <span class='ocrx_word' id='word_1_238' title='bbox 1263 2271 1299 2304; x_wconf 85' lang='lat' dir='ltr'><strong>et</strong></span> <span class='ocrx_word' id='word_1_239' title='bbox 1315 2267 1519 2306; x_wconf 87' lang='lat' dir='ltr'><strong>investierit</strong></span> <span class='ocrx_word' id='word_1_240' title='bbox 1535 2269 1582 2306; x_wconf 91' lang='lat' dir='ltr'><strong>de</strong></span> <span class='ocrx_word' id='word_1_241' title='bbox 1599 2269 1755 2315; x_wconf 72' lang='lat' dir='ltr'><strong>eisdem,</strong></span> <span class='ocrx_word' id='word_1_242' title='bbox 1773 2282 1816 2306; x_wconf 86' lang='lat' dir='ltr'><strong>ac</strong></span> <span class='ocrx_word' id='word_1_243' title='bbox 1832 2282 1986 2313; x_wconf 78' lang='lat' dir='ltr'><strong>venera·-</strong></span> 
     </span>
     <span class='ocr_line' id='line_1_29' title="bbox 452 2325 1986 2377; baseline 0.001 -14"><span class='ocrx_word' id='word_1_244' title='bbox 452 2327 519 2364; x_wconf 91' lang='lat' dir='ltr'><strong>bili</strong></span> <span class='ocrx_word' id='word_1_245' title='bbox 547 2326 586 2362; x_wconf 93' lang='lat' dir='ltr'><strong>in</strong></span> <span class='ocrx_word' id='word_1_246' title='bbox 613 2325 760 2362; x_wconf 85' lang='lat' dir='ltr'><strong>Christo</strong></span> <span class='ocrx_word' id='word_1_247' title='bbox 781 2325 877 2374; x_wconf 88' lang='lat' dir='ltr'><strong>patri</strong></span> <span class='ocrx_word' id='word_1_248' title='bbox 903 2338 945 2361; x_wconf 88' lang='lat' dir='ltr'><strong>ac</strong></span> <span class='ocrx_word' id='word_1_249' title='bbox 966 2325 1120 2362; x_wconf 90' lang='lat' dir='ltr'><strong>domino</strong></span> <span class='ocrx_word' id='word_1_250' title='bbox 1147 2325 1357 2363; x_wconf 87' lang='lat' dir='ltr'><strong>Sabiniensi</strong></span> <span class='ocrx_word' id='word_1_251' title='bbox 1377 2326 1553 2377; x_wconf 86' lang='lat' dir='ltr'><strong>episcopo</strong></span> <span class='ocrx_word' id='word_1_252' title='bbox 1571 2331 1607 2364; x_wconf 89' lang='lat' dir='ltr'><strong>et</strong></span> <span class='ocrx_word' id='word_1_253' title='bbox 1627 2327 1856 2364; x_wconf 83' lang='lat' dir='ltr'><strong>thesaurario</strong></span> <span class='ocrx_word' id='word_1_254' title='bbox 1874 2326 1986 2364; x_wconf 87' lang='lat' dir='ltr'><strong>Baio-</strong></span> 
     </span>
     <span class='ocr_line' id='line_1_30' title="bbox 454 2382 1983 2424; baseline 0.001 -1"><span class='ocrx_word' id='word_1_255' title='bbox 454 2385 552 2424; x_wconf 82' lang='lat' dir='ltr'><strong>censi</strong></span> <span class='ocrx_word' id='word_1_256' title='bbox 570 2397 612 2421; x_wconf 89' lang='lat' dir='ltr'><strong>ac</strong></span> <span class='ocrx_word' id='word_1_257' title='bbox 631 2383 739 2420; x_wconf 91' lang='lat' dir='ltr'><strong>nobis</strong></span> <span class='ocrx_word' id='word_1_258' title='bbox 755 2382 926 2420; x_wconf 88' lang='lat' dir='ltr'><strong>similiter</strong></span> <span class='ocrx_word' id='word_1_259' title='bbox 943 2383 1019 2421; x_wconf 91' lang='lat' dir='ltr'><strong>suis</strong></span> <span class='ocrx_word' id='word_1_260' title='bbox 1038 2384 1169 2422; x_wconf 88' lang='lat' dir='ltr'><strong>litteris</strong></span> <span class='ocrx_word' id='word_1_261' title='bbox 1187 2384 1332 2421; x_wconf 87' lang='lat' dir='ltr'><strong>dederit</strong></span> <span class='ocrx_word' id='word_1_262' title='bbox 1350 2384 1390 2421; x_wconf 90' lang='lat' dir='ltr'><strong>in</strong></span> <span class='ocrx_word' id='word_1_263' title='bbox 1407 2385 1591 2423; x_wconf 87' lang='lat' dir='ltr'><strong>mandatis</strong></span> <span class='ocrx_word' id='word_1_264' title='bbox 1613 2389 1656 2422; x_wconf 90' lang='lat' dir='ltr'><strong>ut</strong></span> <span class='ocrx_word' id='word_1_265' title='bbox 1673 2398 1741 2422; x_wconf 87' lang='lat' dir='ltr'><strong>nos</strong></span> <span class='ocrx_word' id='word_1_266' title='bbox 1758 2385 1816 2422; x_wconf 85' lang='lat' dir='ltr'><strong>vel</strong></span> <span class='ocrx_word' id='word_1_267' title='bbox 1832 2385 1909 2422; x_wconf 91' lang='lat' dir='ltr'><strong>duo</strong></span> <span class='ocrx_word' id='word_1_268' title='bbox 1925 2387 1983 2424; x_wconf 91' lang='lat' dir='ltr'><strong>vel</strong></span> 
     </span>
    </p>
   </div>
   <div class='ocr_carea' id='block_1_7' title="bbox 2154 133 2184 2440">
    <p class='ocr_par' dir='ltr' id='par_1_8' title="bbox 2154 133 2184 2440">
     <span class='ocr_line' id='line_1_31' title="bbox 2154 133 2184 2440; baseline 0 0"><span class='ocrx_word' id='word_1_269' title='bbox 2154 133 2184 2440; x_wconf 95' lang='lat' dir='ltr'><strong> </strong></span> 
     </span>
    </p>
   </div>
   <div class='ocr_carea' id='block_1_8' title="bbox 2179 2734 2184 3038">
    <p class='ocr_par' dir='ltr' id='par_1_9' title="bbox 2179 2734 2184 3038">
     <span class='ocr_line' id='line_1_32' title="bbox 2179 2734 2184 2768; baseline 0 0"><span class='ocrx_word' id='word_1_270' title='bbox 2179 2734 2184 2768; x_wconf 73' lang='lat'>1</span> 
     </span>
     <span class='ocr_line' id='line_1_33' title="bbox 2180 2780 2184 2863; baseline 0 0"><span class='ocrx_word' id='word_1_271' title='bbox 2180 2780 2184 2863; x_wconf 65' lang='grc' dir='ltr'>ἕ</span> 
     </span>
     <span class='ocr_line' id='line_1_34' title="bbox 2180 2866 2184 2900; baseline 0 0"><span class='ocrx_word' id='word_1_272' title='bbox 2180 2866 2184 2900; x_wconf 76' lang='grc' dir='ltr'><strong><em>ι</em></strong></span> 
     </span>
     <span class='ocr_line' id='line_1_35' title="bbox 2180 2902 2184 2928; baseline 0 0"><span class='ocrx_word' id='word_1_273' title='bbox 2180 2902 2184 2928; x_wconf 89' lang='grc'>1</span> 
     </span>
     <span class='ocr_line' id='line_1_36' title="bbox 2180 2930 2184 2973; baseline 0 0"><span class='ocrx_word' id='word_1_274' title='bbox 2180 2930 2184 2973; x_wconf 77' lang='grc' dir='ltr'>Ι</span> 
     </span>
     <span class='ocr_line' id='line_1_37' title="bbox 2180 2993 2184 3038; baseline 0 0"><span class='ocrx_word' id='word_1_275' title='bbox 2180 2993 2184 3038; x_wconf 72' lang='grc' dir='ltr'><strong>Ξ</strong></span> 
     </span>
    </p>
   </div>
  </div>
 </body>
</html>
