2184 3074
757 356 919 395 CODEX
944 357 1192 396 DUNENSIS.
1694 359 1740 396 27

204 475 304 512 dicto
321 475 502 512 canonico
524 475 570 512 de
596 474 794 526 recognitis
818 474 1044 512 satisfaciant
1071 479 1337 525 competenter,
1363 475 1531 526 alioquin
1563 475 1681 526 ipsos,
1710 475 1739 513 si

204 533 279 570 sint
295 533 524 584 presbyterI‚
541 533 776 584 suspendatis
793 537 830 570 et
846 533 938 570 alios
959 533 1288 571 excommunicetis
1312 534 1392 571 sine
1414 534 1566 571 alterius
1587 547 1742 585 exspec-

203 592 352 640 tatione,
365 591 546 639 mandati,
560 592 644 629 ilios
657 604 745 629 vero
763 591 828 643 qui
849 591 1077 642 negaverint,
1092 591 1209 629 citetis
1224 593 1470 643 peremptorie
1487 606 1611 630 coram
1632 592 1741 630 nobis

204 652 391 690 Cameraci
411 652 458 690 ad
476 652 575 690 diem
594 665 658 690 seu
677 652 755 690 dies
774 657 1022 704 competentes
1041 652 1087 689 ad
1104 653 1331 689 voluntatem
1353 653 1478 690 latoris
1492 652 1740 704 praesentium

203 704 228 748 a'
241 710 349 748 vobis
366 710 645 762 praefigendum
664 724 728 749 seu
746 711 1020 762 praefigendus.
1039 711 1139 748 dicto
1156 711 1336 749 canonico
1354 724 1598 762 responsuros
1616 718 1651 748 et
1664 710 1740 761 juri

203 773 387 820 quantum
405 769 604 807 debuerint
621 770 818 821 parituros.
838 770 937 818 Quid
957 770 1044 807 inde
1062 770 1220 807 feceritis
1238 770 1284 807 de
1299 771 1516 808 nominibus
1529 770 1742 815 citatorum,

206 826 253 865 de
273 827 347 865 diei
367 840 432 865 seu
456 827 602 865 dierum
629 828 963 879 assignationibus,
989 832 1026 865 et
1048 828 1078 865 si
1104 828 1169 879 qui
1193 829 1243 866 ob
1269 829 1339 865 hoc
1363 842 1402 866 se
1427 827 1741 866 excommunicari

206 887 447 938 promiserint
464 892 500 925 et
517 888 669 926 nomina
688 887 1096 926 excommunicatorum
1116 888 1224 925 nobis
1242 888 1401 926 fideliter
1417 889 1638 926 rescribatis.

922 1002 1024 1014 -οοο-

923 1135 1033 1174 xvu.

615 1252 775 1302 deonse
801 1265 850 1289 au
876 1252 1109 1290 mandement
1128 1253 1332 1302 precedent.
1366 1255 1369 1260 ”

250 1445 475 1485 Discretioni
488 1449 630 1483 vestrae
646 1445 816 1497 significo
835 1446 938 1497 quod
957 1446 1174 1484 mandatum
1190 1451 1352 1484 vestrum
1370 1447 1477 1496 juxta
1497 1453 1660 1486 tenorem
1679 1450 1743 1487 Iit-

204 1511 366 1544 terarum
384 1504 524 1556 quibus
542 1503 633 1542 haec
651 1518 753 1542 meae
771 1504 912 1542 litterae
934 1510 1023 1542 sunt
1040 1505 1193 1552 infixae,
1212 1519 1294 1543 sum
1314 1506 1528 1557 diligentius
1546 1512 1743 1556 executus,

205 1564 430 1616 requirendo
448 1564 625 1601 sciliceta
645 1564 707 1601 tali
735 1568 771 1601 et
794 1564 994 1602 confitente
1016 1578 1054 1602 se
1079 1564 1179 1602 dicto
1205 1565 1385 1602 canonico
1413 1566 1451 1602 in
1475 1571 1573 1603 tanta
1597 1580 1741 1604 summa

205 1625 335 1670 teneri,
350 1636 465 1674 quare
478 1623 651 1661 eumdem
665 1623 811 1669 monui,
827 1627 908 1669 etc.‚
923 1623 1030 1660 talem
1048 1637 1135 1660 vero
1149 1625 1369 1674 requisitum
1386 1629 1422 1661 et
1436 1638 1510 1661 non
1532 1625 1740 1662 consessum

201 1682 311 1720 citavi
330 1681 579 1733 peremptorie
600 1694 724 1718 coram
747 1681 854 1718 vobis
880 1681 926 1718 ad
951 1681 1049 1718 diem
1076 1683 1203 1727 talem,
1232 1687 1311 1728 etc„
1330 1682 1493 1720 inhibito
1513 1683 1612 1720 dicto
1631 1684 1742 1721 citato

202 1754 248 1777 ne
267 1740 304 1777 in
323 1739 421 1777 dicta
440 1753 548 1777 causa
568 1753 691 1777 coram
711 1739 811 1777 dicto
829 1739 970 1777 decano
990 1740 1145 1778 ulterius
1164 1741 1350 1791 procedat.

913 1990 1040 2028 XVIII.

203 2105 436 2144 Mandement
457 2106 501 2144 de
525 2106 678 2158 l'e'veque
699 2107 743 2144 de
765 2108 943 2158 Tournay
960 2108 1095 2158 relatis
1108 2108 1130 2145 ἀ
1153 2108 1189 2145 Ia
1206 2108 1444 2145 de'limitation
1462 2107 1525 2145 des
1543 2109 1739 2157 paroisse&

253 2326 427 2345 .......
445 2299 513 2337 Dei
530 2301 647 2351 gratia
664 2301 907 2340 Tornacensis
925 2302 1137 2353 episcopus,
1154 2301 1337 2338 universis
1355 2301 1582 2352 presbyteris
1600 2301 1739 2352 dyoce-

205 2357 256 2395 sis
268 2357 512 2396 Tornacensis
526 2358 572 2395 ad
585 2371 681 2409 quos
695 2365 904 2410 praesentes
923 2360 1063 2397 Iitterae
1081 2359 1317 2411 pervenerint
1333 2361 1488 2397 salutem
1510 2361 1546 2396 in
1566 2360 1738 2397 Domino.

256 2414 476 2454 Sollicitudo
490 2429 557 2454 nos
571 2422 760 2455 ammonet
771 2418 884 2456 officii
899 2418 1091 2469 pastoralis
1106 2423 1148 2455 ut
1161 2431 1229 2469 pro
1243 2418 1420 2468 qualitate
1435 2418 1599 2455 Iocorum
1615 2422 1650 2455 et
1663 2418 1741 2455 dis-

208 2473 322 2510 tantia
339 2486 381 2511 ac
399 2475 662 2513 numerositate
683 2477 813 2527 populi
840 2477 1041 2515 Iimitemus
1066 2477 1280 2527 parrochias
1305 2490 1401 2528 quac
1427 2490 1501 2514 non
1524 2481 1611 2514 suut
1632 2477 1740 2514 certis
