2184 3074
443 324 512 361 198
994 317 1156 355 CODEX
1181 317 1428 356 DUNENSIS.

441 454 552 491 supra
587 438 785 489 colligatis,
817 441 852 473 et
883 435 1117 472 medietatem
1144 434 1263 470 dictae
1294 434 1410 484 partis
1441 434 1607 471 decimae
1634 435 1672 472 in
1698 436 1981 475 Resurrectione

440 498 609 544 Domini,
624 502 658 534 et
673 490 783 533 aliam
799 494 1033 532 medietatem
1053 493 1091 530 in
1110 493 1202 530 festo
1217 492 1398 530 Omnium
1417 493 1640 540 Sanctorum
1658 494 1834 544 proximo
1851 496 1982 534 subse-

442 562 578 608 quente
597 555 705 592 nobis
724 553 823 604 apud
840 552 1003 589 Parisius
1017 551 1227 601 assignetis,
1243 555 1279 587 et
1293 551 1346 588 sic
1360 563 1459 587 anno
1473 551 1638 588 secundo
1653 551 1795 589 biennii
1811 553 1982 600 totidem,

442 618 523 654 loco
542 620 577 652 et
595 614 763 652 terminis
783 611 998 657 antedictis7
1016 615 1052 647 et
1070 610 1156 647 filiis
1180 610 1310 647 vestris
1337 610 1376 646 in
1397 610 1497 647 dicto
1519 623 1634 661 regno
1652 623 1721 661 pro
1740 615 1818 648 toto
1836 612 1893 648 vel
1915 625 1983 663 pro

442 680 545 726 parte
562 674 747 710 dictorum
772 674 1022 722 proventuum
1049 668 1294 705 existentibus
1320 668 1414 705 detis
1446 667 1484 704 in
1517 669 1720 715 mandatis,
1747 670 1982 718 auctoritate,

442 733 553 770 modo
580 736 615 768 et
644 732 763 767 forma
792 729 931 779 quibus
963 731 1132 764 nostrum
1161 727 1380 763 mandatum
1413 726 1593 777 recipitis,
1624 731 1666 764 ut
1691 732 1835 778 partem
1863 728 1983 766 dictae

441 791 606 828 decimae
636 789 808 837 colligere
835 791 870 823 et
900 785 1009 822 nobis
1040 785 1227 835 assignare
1257 797 1333 821 non
1364 785 1555 831 omittant,
1586 791 1698 835 prout
1729 786 1900 837 superius
1931 791 1985 824 est

443 861 669 900 expressum.
702 845 867 882 Scientes
904 843 1008 894 quod
1037 843 1067 881 si
1098 843 1138 880 in
1167 842 1380 894 praemissis
1412 842 1670 880 inobedientes
1697 835 1892 882 extiteritis
1926 845 1984 882 vel

444 907 610 944 fraudem
629 905 793 955 aliquam
809 903 983 948 feceritis,
1004 902 1034 940 si
1049 906 1202 952 propter
1216 901 1433 951 hujusmodi
1448 901 1635 938 defectum
1652 915 1717 939 seu
1731 902 1901 940 fraudem
1917 916 1986 941 nos

444 967 500 1003 vel
519 979 584 1003 vos
606 978 626 1001 a
648 963 835 1014 regalibus
859 961 1056 1011 contigerit
1083 961 1122 997 in
1148 960 1276 1011 aliquo
1302 960 1507 1006 molestari7
1533 973 1601 998 nos
1627 961 1694 1011 qui
1723 960 1763 997 in
1789 961 1858 998 hac
1883 967 1987 1012 parte

445 1037 573 1062 sumus
591 1036 659 1073 pro
673 1021 779 1058 vobis
793 1020 947 1070 obligati
967 1024 1004 1056 et
1019 1019 1247 1056 defensionis
1261 1019 1403 1069 clipeus
1422 1019 1634 1066 constituti,
1649 1019 1679 1056 si
1695 1032 1842 1057 necesse
1857 1020 1987 1067 fuerit,

445 1085 543 1121 bona
568 1087 687 1120 vestra
714 1094 783 1131 pro
815 1085 956 1131 quanto
987 1079 1194 1117 defeceritis
1221 1078 1360 1116 eisdem
1390 1079 1577 1129 regalibus
1602 1091 1852 1130 exponemus,
1877 1084 1913 1117 et
1938 1093 1985 1117 ne

446 1156 557 1193 super
575 1140 791 1191 hujusmodi
811 1140 976 1177 mandati
995 1140 1111 1177 nostri
1135 1141 1344 1190 receptione
1367 1140 1406 1176 in
1425 1140 1552 1191 aliquo
1572 1141 1667 1178 tueri
1685 1140 1856 1192 possitis7
1878 1141 1985 1179 vobis

446 1200 630 1237 universis
652 1204 687 1236 et
704 1198 860 1248 singulis
883 1198 1155 1236 districtissime
1173 1197 1424 1248 praecipimus
1450 1203 1492 1235 ut
1512 1211 1588 1236 una
1611 1211 1697 1236 cum
1715 1198 1839 1248 sigillo
1858 1203 1986 1237 nostro

446 1260 565 1310 sigilla
582 1262 718 1304 vestra7
738 1258 794 1294 vel
809 1257 952 1307 priores
965 1257 1094 1303 vestri,
1114 1257 1144 1294 si
1159 1270 1224 1294 vos
1243 1256 1396 1294 abbates
1409 1257 1605 1308 contigerit
1619 1257 1761 1303 abesse,
1777 1262 1985 1307 praesentes

446 1318 761 1368 quandocumque
779 1316 885 1353 vobis
903 1320 1155 1366 praesentatae
1173 1315 1313 1352 fuerint
1325 1344 1334 1362 ,
1353 1316 1560 1366 apponatis.
1579 1316 1734 1361 Datum,
1754 1320 1820 1353 etc.

1137 1584 1296 1622 CXXIII.

816 1703 900 1738 Don
918 1701 962 1738 de
980 1701 1090 1738 liores
1108 1713 1157 1738 au
1176 1701 1379 1737 monestere
1396 1699 1440 1737 de
1462 1699 1623 1738 lesan.

496 1895 622 1932 Vestra
642 1895 787 1931 noverit
805 1895 1023 1931 universitas
1042 1894 1145 1945 quod
1163 1907 1231 1945 ego
1254 1905 1523 1944 recognoscens
1542 1905 1601 1929 me
1621 1892 1660 1929 in
1679 1891 1808 1928 multis
1825 1891 1987 1942 plurima

447 1948 624 1991 beneficia
647 1954 843 2004 recepisse,
874 1953 984 1990 etiam
1015 1953 1112 1991 ultra
1138 1967 1262 1990 meum
1291 1953 1483 1998 meritum7
1511 1951 1558 1988 ab
1583 1951 1717 1989 abbate
1742 1955 1777 1987 et
1802 1954 1988 1987 conventu

446 2013 597 2059 talibus,
623 2017 659 2050 et
684 2013 759 2050 imo
786 2013 875 2063 quia
903 2025 979 2050 non
1005 2026 1158 2063 possum
1181 2012 1227 2049 ad
1254 2025 1428 2062 praesens
1458 2010 1548 2062 ipsis
1577 2010 1780 2061 rependere
1802 2009 1921 2046 vicem
1949 2008 1986 2045 in

447 2072 659 2122 pecuniaria
678 2072 899 2122 quantitate⁷
918 2072 1021 2122 quod
1039 2085 1192 2122 possum
1209 2071 1324 2117 facio,
1340 2071 1456 2108 libros
1474 2082 1576 2107 meos
1596 2069 1796 2106 canonicos
1813 2072 1849 2105 et
1861 2067 1988 2104 civiles

447 2143 511 2167 seu
531 2131 681 2180 legales,
705 2143 790 2167 cum
822 2131 978 2168 summis
997 2130 1186 2181 plurimis,
1211 2130 1258 2166 de
1281 2130 1420 2180 quibus
1442 2127 1614 2165 videlicet
1639 2127 1745 2164 libris
1772 2131 1808 2164 et
1832 2125 1988 2163 summis

448 2190 586 2225 mentio
605 2189 646 2225 fit
665 2189 703 2225 in
722 2189 852 2226 cedula
870 2189 1127 2239 praesentibus
1149 2188 1221 2226 hiis
1239 2201 1401 2239 appensa
1414 2216 1424 2234 ,
1451 2186 1590 2224 intuitu
1618 2185 1764 2236 pietatis
1784 2184 1934 2221 divinae
1953 2188 1989 2220 et

447 2248 754 2285 remunerationis
773 2248 968 2298 cujusdam
986 2248 1102 2298 gratia
1114 2277 1123 2294 ‚
1142 2251 1178 2285 et
1193 2247 1242 2284 ob
1262 2247 1334 2284 mei
1353 2246 1572 2283 memoriam
1587 2243 1880 2282 conservandam
1899 2256 1987 2293 per-

446 2309 558 2354 petuo
582 2317 602 2341 a
628 2306 827 2355 praedictis
852 2307 990 2344 abbate
1011 2311 1047 2344 et
1076 2310 1281 2353 conventu,
1311 2306 1482 2352 confero,
1511 2304 1560 2341 do
1588 2308 1624 2341 et
1647 2303 1748 2340 dono
1769 2300 1989 2351 simpliciter

445 2367 597 2414 propter
608 2364 728 2401 Deum
746 2365 989 2414 possidendos
1012 2370 1048 2402 et
1066 2365 1259 2403 habendos
1277 2378 1346 2415 pro
1369 2377 1441 2401 usu
1459 2362 1736 2414 praedictorum
1749 2359 1797 2397 de
1817 2358 1987 2404 Thosan‚

447 2422 518 2459 hoc
536 2422 648 2459 modo
666 2427 708 2459 ut
725 2436 870 2473 semper
887 2429 1081 2462 serventur
1103 2424 1150 2462 ab
1174 2424 1281 2474 ipsis7
1309 2436 1377 2460 nec
1408 2422 1618 2459 alienentur
1636 2421 1676 2457 in
1694 2423 1884 2470 posterum
1907 2417 1987 2454 ullo
