2184 3074
693 280 855 320 CODEX
880 281 1124 322 DUNENSlS.
1636 286 1709 324 455

178 395 441 447 supponendo,
467 409 543 435 non
575 397 811 436 obstantibus
832 398 1021 450 aliquibus
1047 398 1197 447 litteris,
1224 400 1478 448 citationibus,
1510 402 1707 440 inhibitio-

177 453 290 492 nibus
306 458 372 492 aut
386 454 469 493 aliis
485 455 775 507 quibuscunque
792 469 812 494 a
832 457 941 494 nobis
968 456 1006 494 in
1029 458 1257 496 contrarium
1285 459 1508 511 impetratis,
1526 474 1611 498 cum
1630 474 1704 498 non

177 512 371 551 credamus
383 525 425 551 ea
442 526 488 551 ex
507 518 632 552 nostra
650 515 856 552 concientia
870 528 1079 562 emanasse,
1092 516 1211 554 donec
1224 517 1331 556 dictis
1349 518 1530 569 religiosis
1547 519 1594 557 de
1606 519 1706 569 judi-

173 576 256 610 cato
277 571 389 610 fuerit
404 573 648 620 satisfactum,
671 586 758 611 cum
782 574 970 626 liquidum
988 588 1058 626 pro
1076 575 1249 627 illiquido
1272 589 1348 614 non
1365 577 1498 615 debeat
1515 579 1703 616 retardari.

870 697 995 712 φ

877 840 992 878 0001.

217 953 452 992 Mandement
468 954 521 992 du
540 954 658 1006 doyen
679 955 722 993 de
745 955 881 1007 l’dqlise
905 956 949 994 de
972 957 1244 1004 Notre·Dame,
1266 959 1290 996 ἀ
1317 959 1508 1011 Tournay,
1524 960 1660 1012 relatis

507 1027 586 1052 aux
599 1014 797 1066 privile-qm
815 1015 867 1054 du
885 1018 1087 1054 manascere
1106 1016 1150 1054 de
1173 1017 1368 1055 Baudeloo.

214 1207 385 1246 Decanus
407 1208 582 1246 ecclesiae
606 1209 740 1246 Beatae
760 1208 895 1246 Mariae
911 1209 1154 1247 Tornacensis
1173 1210 1435 1261 subdelegatus
1454 1224 1474 1248 a
1493 1211 1696 1249 reverendo

165 1266 319 1304 domino
335 1295 482 1304 ......
497 1267 632 1304 abbate
650 1267 774 1305 Sancti
792 1268 946 1305 Auberti
961 1268 1247 1314 Cameracensis,
1261 1269 1389 1319 judice
1402 1269 1569 1321 delegato
1587 1283 1698 1321 super

165 1325 443 1362 conservatione
459 1325 739 1377 privilegiorum
759 1340 779 1363 a
798 1326 891 1364 Sede
908 1326 1118 1378 Apostolica
1136 1327 1261 1364 abbati
1281 1331 1316 1365 et
1334 1328 1531 1366 conventui
1552 1342 1695 1366 monas—

164 1382 246 1424 terii
267 1383 314 1420 de
330 1383 471 1421 Bodelo
483 1412 493 1431 ,
511 1384 763 1422 Cisterciensis
782 1384 942 1431 ordinis,
960 1385 1204 1423 Tornacensis
1222 1385 1409 1435 dyocesis,
1429 1386 1659 1424 indultorum
1673 1400 1692 1424 a

162 1442 316 1480 domino
346 1457 442 1495 papa
470 1443 576 1490 dato,
605 1444 788 1482 universis
815 1449 851 1481 et
879 1445 1034 1495 singulis
1053 1444 1361 1483 christianitatum
1388 1446 1553 1491 decanis,
1570 1445 1694 1483 archi-

161 1500 392 1552 presbiteris,
424 1501 655 1552 presbiteris,
683 1503 820 1540 curatis
855 1503 1053 1550 investitis,
1085 1503 1299 1554 capellanis,
1327 1504 1473 1541 vicariis
1497 1509 1533 1541 et
1564 1517 1692 1541 eorum

160 1559 259 1597 vices
276 1559 509 1610 gerentibus,
533 1561 792 1612 cujuscunque
816 1561 985 1611 dyocesis
1007 1562 1179 1605 existant,
1202 1563 1429 1613 caeterisque
1451 1562 1692 1600 ecclesiarum

159 1618 365 1656 rectoribus
382 1619 430 1656 ad
446 1632 541 1671 quos
566 1633 739 1671 praesens
758 1620 973 1658 mandatum
991 1621 1215 1671 pervenerit,
1234 1622 1388 1659 salutem
1407 1622 1446 1659 in
1470 1622 1641 1659 Domino.

207 1676 435 1714 Auctoritate
459 1677 506 1714 ab
530 1677 664 1715 abbate
689 1679 902 1729 supradicto
929 1678 1037 1717 nobis
1064 1679 1102 1716 in
1127 1679 1195 1716 hac
1216 1684 1318 1730 parte
1342 1679 1557 1726 commissa,
1586 1679 1689 1716 vobis

158 1734 334 1772 omnibus
362 1739 399 1772 et
416 1735 573 1787 singulis
597 1740 724 1774 tenore
748 1736 996 1787 praesentium
1020 1737 1152 1775 damus
1179 1738 1217 1774 in
1241 1738 1440 1784 mandatis,
1462 1751 1527 1775 vos
1553 1742 1589 1775 et
1606 1751 1689 1775 ves·

158 1797 258 1830 trum
283 1793 488 1844 quemlibet
516 1806 629 1845 super
654 1794 725 1832 hoc
746 1795 933 1835 monendo
959 1796 997 1833 in
1024 1795 1096 1834 hiis
1122 1797 1268 1848 scriptis
1294 1797 1432 1847 primo,
1459 1796 1623 1834 secundo
1652 1802 1688 1833 et

157 1850 282 1897 tertio,
300 1850 371 1888 sub
386 1863 505 1902 poena
526 1852 779 1903 suspensionis
798 1858 833 1891 et
850 1855 1244 1892 excommunicationis
1266 1868 1378 1906 quam
1398 1855 1436 1892 in
1451 1868 1516 1892 vos
1534 1855 1685 1892 serimus

157 1908 196 1946 in
225 1909 296 1947 hiis
322 1914 358 1947 ct
384 1909 599 1959 hujusmodi
631 1911 837 1949 monitione
862 1913 1061 1963 praemissa
1092 1926 1156 1951 vos
1187 1913 1376 1950 incurrere
1406 1913 1577 1950 volumus
1605 1913 1685 1963 ipso

156 1967 264 2014 facto,
281 1967 311 2005 si
330 1968 546 2006 mandatum
561 1973 742 2016 nostrum,
766 1969 881 2008 immo
900 1971 1024 2022 potius
1053 1972 1297 2022 apostolicum
1320 1971 1553 2022 neglexeritis
1570 1970 1685 2007 adim—

155 2026 275 2077 plere,
307 2031 490 2078 quatenus
522 2041 651 2066 omnes
681 2029 764 2067 illos
793 2043 888 2081 quos
915 2031 1009 2068 lator
1038 2031 1285 2081 praesentium
1320 2030 1425 2067 vobis
1458 2029 1682 2074 nominabit,

155 2084 289 2122 totiens
306 2085 478 2135 quotiens
496 2099 609 2137 super
636 2087 707 2124 hoc
733 2088 875 2125 fueritis
898 2089 1084 2139 requisiti,
1110 2089 1306 2139 diligenter
1323 2094 1359 2126 et
1375 2088 1445 2126 suh
1472 2087 1683 2124 testimonio

155 2143 376 2192 competenti
409 2144 589 2182 moneatis
618 2149 661 2182 ut
690 2144 785 2182 infra
810 2151 949 2196 septem
983 2146 1061 2184 dies
1094 2151 1177 2197 post
1202 2151 1359 2184 vestram
1392 2145 1634 2182 monitionem
1661 2158 1680 2182 a

153 2200 331 2238 molestiis
349 2206 385 2238 et
403 2202 549 2252 injuriis
567 2203 856 2255 quibuscunque
877 2218 969 2255 quas
987 2205 1175 2242 exhibitor
1198 2205 1445 2256 praesentium
1467 2204 1573 2242 vobis
1593 2204 1681 2241 inti-

152 2258 282 2306 mabit,
296 2265 438 2297 cessent
455 2260 602 2311 penitus
617 2266 650 2299 et
669 2262 861 2308 desistant,
876 2263 1051 2314 ipsosque
1068 2263 1259 2313 religiosos
1278 2263 1445 2300 libertate
1464 2276 1529 2300 sua
1548 2267 1584 2299 et
1602 2263 1679 2312 pri-

151 2317 295 2368 vilegiis
312 2318 366 2355 uti
381 2323 417 2355 et
434 2319 549 2356 libere
561 2320 723 2370 gaudere
740 2322 969 2371 permittant,
985 2321 1199 2372 eisdemque
1213 2321 1392 2372 religiosis
1407 2321 1454 2358 de
1472 2319 1677 2357 commissis

153 2381 401 2427 competenter
417 2377 642 2415 satisfaciant
661 2394 668 2415 :
684 2379 850 2430 alioquin
870 2380 968 2430 ipsos
987 2380 1253 2427 malefactores,
1269 2380 1297 2418 si
1316 2380 1438 2417 clerici
1458 2379 1513 2416 vel
1533 2378 1679 2430 presbi-

1485 2439 1532 2476 55
