2184 3074
487 320 558 358 446
1038 319 1197 357 CODEX
1226 318 1469 357 DUNENSIS.

1191 481 1321 520 CCCV.

488 599 756 650 L'archeveque
780 599 825 635 de
853 599 972 636 Reims
997 610 1177 647 convoque
1201 610 1253 635 un
1278 597 1413 635 concile
1432 598 1645 647 provincial
1673 599 1694 635 ἁ
1727 598 1846 637 Sentis
1871 600 1950 650 asin
1975 601 2020 638 de

890 655 1077 705 s’occuper
1097 656 1148 692 du
1162 657 1294 704 proces
1311 655 1373 693 des
1395 655 1622 705 Templiers„

533 851 737 896 Romu-tus,
771 848 1024 886 misericordia
1057 848 1200 893 divina,
1238 848 1430 886 Remensis
1461 848 1762 901 archiepiscopus
1776 879 1785 897 ,
1815 851 2018 889 venerabili

485 908 586 947 fratri
618 912 744 946 nostro
765 908 808 944 G.
833 907 988 944 domino
1009 906 1138 944 eadem
1160 906 1276 957 gratia
1304 906 1479 957 episcopo
1503 907 1775 955 Suessionensi,
1801 909 1956 946 salutem
1983 914 2019 949 et

484 968 664 1005 sinceram
683 967 722 1003 in
741 965 904 1003 Domino
920 965 1120 1003 caritatem.

531 1025 699 1063 Salvator
724 1028 849 1061 noster
875 1024 913 1061 in
941 1023 1048 1072 cujus
1068 1022 1210 1060 ditione
1232 1027 1365 1060 cuncta
1390 1027 1478 1061 sunt
1497 1024 1637 1074 posita,
1662 1024 1864 1063 immensae
1887 1026 2017 1076 provi..

482 1084 627 1122 dentiae
652 1082 935 1134 paterfamilias,
954 1081 1056 1119 horis
1080 1081 1154 1118 diei
1178 1081 1308 1128 variis,
1324 1082 1514 1133 operarios
1537 1095 1624 1120 suos
1649 1082 1750 1120 misit
1771 1083 1810 1120 in
1837 1096 2014 1132 messem,

483 1148 518 1181 et
544 1142 629 1179 licet
654 1141 753 1178 idem
779 1153 976 1191 supremus
1005 1139 1185 1190 agricola,
1211 1143 1311 1177 sator
1337 1139 1525 1177 bonorum
1551 1140 1720 1178 omnium
1747 1145 1783 1178 et
1810 1142 2016 1192 plantator,

483 1213 612 1251 agrum
632 1199 761 1236 mundi
781 1198 893 1248 hujus
911 1198 1107 1249 diligenter
1124 1199 1313 1245 excolens,
1333 1198 1371 1235 in
1390 1211 1433 1236 eo
1451 1199 1689 1236 seminaverit
1705 1212 1830 1237 semen
1856 1199 2016 1249 Βοιιιιυ,

484 1258 657 1296 inimicus
677 1257 790 1294 homo
809 1261 932 1294 tamen
951 1256 1141 1294 invenitur
1164 1256 1202 1294 in
1228 1270 1272 1294 eo
1299 1257 1611 1308 superseminasse
1636 1258 1812 1295 vitiorum
1837 1258 2018 1305 zizaniam

483 1322 518 1354 et
535 1329 703 1354 errorum
722 1320 763 1353 ut
780 1329 821 1353 ea
838 1315 956 1365 magis
974 1315 1108 1352 deflere
1125 1315 1233 1352 liceat
1249 1328 1362 1366 quam
1388 1329 1539 1353 narrare
1551 1344 1560 1362 ,
1587 1315 1763 1366 idemque
1786 1329 1874 1367 ager
1893 1316 2018 1368 potine

483 1387 644 1412 crescere
674 1374 844 1412 videatur
868 1374 915 1411 ad
939 1374 1063 1425 ignem
1087 1387 1199 1425 quam
1225 1374 1411 1411 albescere
1435 1374 1647 1411 inveniatur
1669 1374 1716 1411 ad
1734 1387 1901 1412 messem.
1919 1375 2018 1419 Haec

482 1438 604 1470 autem
620 1433 866 1483 singularium
887 1446 1129 1483 personarum
1149 1434 1304 1470 fratrum
1330 1432 1473 1469 ordinis
1496 1432 1640 1483 Templi
1665 1431 1861 1483 nephanda
1882 1436 1919 1473 et
1943 1435 2018 1471 cri·-

483 1491 582 1528 mina
606 1491 877 1542 perhorrenda,
899 1491 1073 1528 videlicet
1096 1491 1301 1541 apostasiae
1327 1490 1495 1528 haereses
1519 1494 1556 1527 et
1578 1503 1740 1536 errores,
1763 1490 1801 1526 in
1826 1490 2016 1540 publicam

484 1549 671 1586 notionem
698 1548 875 1596 deducta,
894 1549 1088 1586 manifeste
1111 1549 1319 1594 declarant,
1346 1552 1382 1585 et
1410 1548 1495 1585 licet
1518 1552 1646 1585 contra
1668 1547 1868 1586 nonnullos
1893 1561 1940 1587 ex
1964 1548 2017 1586 eis

482 1608 700 1645 diffinitivae
723 1608 941 1654 sententiae,
960 1612 1033 1645 tam
1054 1608 1253 1658 apostolica
1273 1606 1490 1645 auctoritate
1516 1606 1626 1643 nobis
1649 1606 1687 1643 in
1708 1605 1777 1643 hac
1794 1610 1898 1657 parte
1914 1618 2018 1644 com-

482 1667 592 1705 missa
618 1680 730 1718 quam
753 1672 878 1705 nostra
901 1667 1206 1718 metropolitana,
1226 1667 1264 1703 in
1282 1666 1501 1717 provinciali
1521 1665 1679 1703 concilio
1697 1665 1799 1716 quod
1817 1664 2015 1702 Silvanecti

481 1739 565 1763 cum
581 1725 858 1763 venerabilibus
873 1726 1050 1763 fratribus
1064 1725 1306 1776 suffraganeis
1321 1724 1456 1762 nostris
1470 1724 1739 1761 celebravimus
1752 1723 1828 1761 sint
1841 1724 2017 1774 prolatae,

481 1784 634 1835 quidam
652 1788 774 1821 tamen
792 1798 837 1821 ex
856 1784 908 1821 eis
928 1784 1008 1821 illas
1027 1784 1246 1835 apostasias,
1265 1783 1432 1821 haereses
1450 1787 1486 1819 et
1504 1795 1646 1820 errores
1666 1795 1686 1819 a
1712 1781 1899 1833 principio
1920 1786 2016 1820 tota-

480 1842 564 1879 liter
581 1846 809 1892 negaverunt
826 1847 862 1879 et
879 1842 1002 1880 adhuc
1020 1843 1059 1879 in
1082 1843 1276 1893 negatione
1295 1841 1511 1892 hujusmodi
1530 1841 1708 1878 continue
1725 1841 1966 1892 perstiterunt
1981 1845 2017 1878 et

480 1900 602 1937 adhuc
615 1906 871 1951 perseverant:
893 1906 1020 1939 contra
1037 1915 1132 1953 quos
1147 1907 1182 1939 ct
1198 1902 1288 1939 alios
1308 1901 1440 1938 harum
1458 1901 1652 1938 haeresum
1671 1905 1706 1937 et
1722 1912 1891 1937 errorum
1910 1911 2016 1936 com·

481 1959 593 2009 plices
615 1959 782 1996 nondum
804 1960 954 1996 suerunt
972 1960 1220 1997 absolutoriae
1237 1960 1294 1996 vel
1313 1958 1664 2009 condempnatoriae
1687 1957 1890 1995 sententiae
1910 1956 2015 2006 juxta

480 2017 589 2054 nobis
615 2017 771 2053 formam
793 2017 964 2054 traditam
985 2018 1250 2068 promulgatae.
1270 2017 1527 2054 Convertimus
1546 2020 1733 2067 praeterea
1751 2020 1899 2052 nostrae
1924 2028 2015 2052 con-

479 2075 712 2112 siderationis
731 2075 858 2113 oculos
876 2080 969 2126 quot
986 2080 1022 2112 et
1038 2076 1188 2126 quantis
1206 2075 1380 2113 ecclesiae
1398 2079 1434 2112 et
1450 2087 1628 2125 personae
1642 2073 1908 2111 ecclesiasticae
1927 2086 2015 2111 nos·

480 2137 556 2169 trae
574 2133 765 2171 Remensis
785 2134 999 2184 provinciae
1017 2135 1278 2185 opprimantur
1295 2133 1590 2184 gravaminibus,
1606 2132 1803 2183 pressuris,
1820 2131 1967 2181 injuriis
1979 2136 2015 2169 et

479 2194 709 2243 aerumpnis,
724 2194 886 2244 qualiter
900 2195 1054 2245 insuper
1067 2209 1193 2232 earum
1211 2197 1306 2243 jura,
1319 2194 1505 2231 libertates
1523 2198 1559 2230 et
1577 2192 1829 2229 immunitates
1848 2196 1884 2228 et
1896 2190 2014 2242 privi-

479 2250 570 2300 legia
601 2253 865 2290 conculcentur
895 2258 1006 2303 prout
1036 2254 1275 2304 multipharia
1303 2253 1497 2304 publicant
1527 2255 1744 2303 argumenta
1765 2266 1771 2287 :
1805 2250 1896 2287 haec
1921 2251 2011 2287 dum

478 2309 611 2346 mentis
638 2315 784 2346 nostrae
812 2316 1095 2361 praesentantur
1122 2312 1336 2358 obtutibus,
1367 2311 1413 2348 ad
1445 2315 1543 2348 tanta
1574 2308 1790 2347 discrimina
1815 2307 2010 2345 relevanda

478 2367 638 2417 suspirat
655 2368 824 2414 affectus,
838 2370 937 2407 zelus
956 2371 1184 2416 accenditur„
1199 2371 1350 2421 spiritus
1369 2370 1552 2407 anxiatur.
1571 2368 1664 2405 Cum
1682 2371 1805 2404 autem
1825 2370 1861 2402 et
1876 2365 2010 2402 suffra-

478 2425 602 2475 ganeis
622 2427 756 2463 nostris
774 2422 971 2476 praedictis
990 2428 1235 2479 singularium
1257 2441 1501 2479 personarum
1519 2428 1676 2464 fratrum
1697 2423 1839 2471 ordinis
1863 2423 2007 2474 Templi
