2184 3074
737 339 898 378 CODEX
924 341 1169 380 DUNENSlS.
1648 342 1718 379 ¹65

183 457 374 507 praelatis,
406 456 626 508 capellanis,
657 456 840 506 collegiis,
870 457 1116 495 conventibus
1143 457 1415 504 Cisterciensis,
1449 458 1717 503 Cluniacensis,

184 514 578 561 Praemonstratensis,
601 514 724 553 Sancti
760 515 951 552 Benedicti
986 520 1022 552 et
1055 515 1179 552 Sancti
1211 516 1428 566 Augustini,
1456 516 1718 561 cartusiensis,

181 571 531 611 Grandimontensis
550 577 594 626 ‘et
620 573 779 610 aliorum
805 573 998 619 ordinum,
1025 586 1168 610 necnon
1194 574 1399 624 prioribus,
1419 574 1719 625 praeceptoribus

181 635 217 668 et
233 631 422 682 magistris
438 629 679 681 hospitalium
699 631 824 668 Sancti
852 631 1035 670 Johannis
1060 632 1395 679 Jherosolimitani,
1423 633 1620 670 domorum
1647 633 1719 669 mi-

181 691 282 728 litiae
306 691 471 743 Templi,
501 691 729 742 caeterisque
747 692 925 729 omnibus
954 693 1122 743 personis
1148 693 1402 731 ecclesiasticis
1426 693 1655 730 secularibus
1684 696 1719 727 et

181 749 435 800 regularibus,
461 751 642 801 exemptis
665 755 701 787 et
726 763 801 788 non
825 752 1026 802 exemptis,
1049 765 1116 803 per
1137 765 1291 802 regnum
1315 752 1491 790 Franciae
1512 751 1720 789 constitutis

182 805 414 846 decrevimus
433 808 710 860 implorandum
731 814 772 847 ut
790 809 1007 859 hujusmodi
1036 815 1203 848 nostrum
1231 810 1456 848 desiderium
1479 810 1569 861 ipsis
1586 815 1622 847 et
1639 810 1720 847 aliis

183 867 258 902 tam
276 865 385 912 utile,
403 870 479 903 tam
493 866 643 904 salubre
658 867 776 917 possit
792 867 844 904 eis
863 867 1132 905 auxiliantibus
1146 868 1302 905 feliciter
1317 869 1524 920 adimpleri.

231 923 378 972 Quibus
397 924 574 962 omnibus
593 925 631 962 in
650 925 948 963 consideratione
973 925 1144 963 adductis
1165 931 1208 963 et*
1219 939 1332 977 super
1349 926 1419 964 hoc
1436 940 1520 964 cum
1545 927 1720 964 fratribus

183 982 319 1021 nostris
337 983 606 1021 deliberatione
619 984 837 1035 praehabita
869 984 1056 1035 diligenti,
1085 985 1131 1022 de
1158 985 1323 1036 ipsorum
1354 986 1509 1023 consilio
1539 986 1719 1022 decimam

182 1045 432 1091 proventuum
458 1047 494 1079 et
511 1042 726 1079 reddituum
749 1042 1082 1080 ecclesiasticorum
1110 1043 1212 1094 regni
1233 1043 1412 1093 praedicti
1431 1043 1538 1093 juxta
1564 1044 1721 1080 taxatio-

183 1111 269 1136 nem
285 1098 332 1136 de
353 1099 444 1150 ipsis
460 1100 592 1137 factam
613 1113 680 1151 pro
698 1100 874 1138 solvenda
891 1100 1033 1138 decima
1052 1101 1184 1138 Terrae
1197 1101 1352 1138 Sanctae
1366 1101 1534 1138 subsidio
1547 1101 1720 1152 deputata

184 1156 223 1194 in
238 1157 397 1195 concilio
413 1157 655 1209 Lugdunensi
672 1172 739 1209 per
751 1159 947 1196 biennium
962 1172 981 1195 a
996 1159 1088 1196 festo
1103 1159 1310 1196 Nativitatis
1325 1159 1540 1196 Dominicae
1550 1159 1721 1210 proximo

183 1220 362 1253 venturae
381 1217 527 1254 inantea
553 1217 827 1255 numerandum
854 1218 1031 1255 duximus
1055 1218 1340 1255 concedendam.
1362 1219 1482 1266 Quam
1514 1218 1588 1268 regi
1614 1230 1721 1268 prae-

185 1273 286 1311 dicto
300 1274 339 1310 in
358 1279 520 1325 quatuor
538 1275 784 1326 infrascriptis
802 1275 971 1313 terminis
989 1276 1163 1313 volumus
1181 1275 1349 1312 exhiberi
1370 1291 1377 1311 :
1395 1276 1516 1326 primo
1533 1275 1722 1322 videlicet,

186 1344 273 1369 cum
299 1332 397 1370 dicta
426 1338 573 1371 moneta
605 1334 651 1371 ad
683 1334 899 1383 hujusmodi
927 1335 1089 1372 valorem
1118 1338 1154 1371 et
1191 1334 1338 1385 pondus
1367 1334 1513 1371 redacta
1546 1334 1722 1384 expendi,

186 1395 222 1428 et
241 1392 314 1429 alia
346 1393 501 1443 perdere
532 1394 686 1444 incipiet
706 1407 859 1432 cursum
890 1408 1020 1440 suum,
1051 1395 1216 1433 secundo
1246 1395 1333 1433 inde
1361 1396 1406 1432 ad
1441 1409 1523 1442 sex,
1556 1403 1590 1433 et
1618 1396 1723 1433 tertio

185 1454 323 1488 extunc
348 1451 394 1488 ad
426 1453 518 1490 alios
547 1454 634 1499 sex,
660 1458 794 1504 quarto
824 1456 912 1491 vero
941 1454 1079 1491 abinde
1104 1455 1150 1491 ad
1173 1455 1263 1492 alios
1294 1468 1358 1492 sex
1386 1467 1526 1493 menses
1553 1456 1723 1506 proximo

187 1510 450 1549 numerandos.
471 1511 651 1563 lpsosque
668 1526 734 1564 per
750 1513 839 1550 alias
860 1518 1003 1551 nostras
1021 1514 1158 1551 litteras
1177 1515 1392 1551 monuimus
1410 1519 1545 1551 attente
1562 1519 1598 1552 et
1614 1514 1725 1551 affec-

186 1572 292 1606 tuose
306 1570 536 1620 rogavimus,
555 1571 774 1608 mandantes
791 1571 930 1609 eisdem
945 1577 980 1610 et
995 1573 1032 1609 in
1050 1573 1302 1610 remissionem
1323 1574 1578 1624 peccaminum
1597 1573 1726 1623 injun-

187 1631 313 1678 gentes
350 1633 392 1665 ut
423 1628 494 1679 ipsi
529 1630 575 1667 ad
610 1630 827 1679 hujusmodi
862 1631 1073 1668 subsidium
1108 1631 1144 1668 in
1182 1632 1253 1669 hoc
1282 1633 1438 1669 articulo
1472 1632 1725 1670 exhibendum

189 1686 374 1736 promptis
395 1679 529 1725 studiis
547 1693 767 1739 exurgentes
785 1693 821 1725 et
846 1702 942 1726 onus
961 1689 1175 1739 hujusmodi
1203 1690 1255 1727 eis
1286 1691 1500 1741 impositum
1526 1691 1564 1727 in
1591 1690 1726 1728 virtute

188 1745 387 1796 patientiae
413 1752 619 1798 portantes,
642 1748 780 1785 dictam
807 1748 988 1786 decimam
1016 1762 1084 1800 per
1106 1749 1202 1786 idem
1224 1749 1419 1786 biennium
1437 1750 1489 1787 sic
1508 1749 1725 1795 liberaliter,

187 1803 291 1841 omni
309 1803 527 1843 difficultate
545 1811 730 1852 cessante,
748 1806 890 1843 solvere
909 1811 1040 1844 curent
1061 1807 1163 1857 quod
1182 1807 1228 1844 de
1248 1807 1457 1845 obedientia
1479 1811 1512 1844 et
1532 1808 1726 1845 devotione

188 1868 365 1914 tanquam
392 1864 663 1903 benedictionis
682 1865 749 1902 filii
773 1865 1042 1909 commendari,
1061 1871 1301 1918 nostramque
1322 1871 1357 1903 et
1374 1866 1478 1905 Sedis
1494 1867 1725 1918 Apostolicae

187 1921 344 1972 gratiam
366 1934 408 1959 ac
426 1922 515 1959 dicti
540 1923 635 1974 regis
661 1923 861 1974 principis,
886 1936 1014 1960 eorum
1040 1924 1203 1962 savorem
1226 1929 1261 1961 et
1284 1924 1570 1962 benivolentiam
1591 1924 1724 1961 exinde

189 1978 334 2028 possint
366 1980 519 2018 uberius
550 1981 775 2031 promereri,
811 1994 886 2019 non
919 1982 1154 2019 obstantibus
1185 1982 1473 2032 quibuscunque
1507 1982 1723 2033 privilegiis,

189 2036 430 2086 indulgentiis
443 2042 480 2075 et
492 2038 624 2076 litteris
637 2039 775 2077 eisdem
788 2045 852 2076 aut
861 2053 990 2077 eorum
1013 2040 1202 2091 aliquibus
1218 2045 1282 2077 aut
1295 2041 1537 2091 dignitatibus
1555 2041 1612 2078 vel
1627 2041 1723 2078 ordi-

191 2094 303 2132 nibus
329 2107 394 2132 seu
418 2096 508 2134 locis
533 2097 700 2148 ipsorum
724 2098 944 2148 generaliter
966 2098 1023 2134 vel
1047 2098 1254 2148 specialiter
1274 2098 1344 2135 sub
1369 2099 1499 2149 quavis
1526 2099 1642 2137 forma
1667 2100 1722 2137 vel

193 2154 435 2204 conceptione
449 2155 649 2192 verborum
663 2155 711 2193 ab
726 2156 854 2193 eadem
874 2156 968 2193 Sede
983 2156 1183 2202 concessis,
1202 2169 1268 2207 per
1284 2157 1430 2206 quaein
1444 2157 1577 2195 nostris
1593 2158 1723 2195 litteris

194 2223 270 2248 non
284 2224 455 2261 expressa
470 2213 526 2250 vel
542 2214 703 2251 totaliter
717 2227 792 2251 non
811 2215 946 2251 inserta
965 2214 1114 2251 effeetus
1126 2214 1373 2264 impositionis
1389 2218 1426 2251 et
1439 2215 1634 2253 solutionis
1647 2216 1722 2252 ‹lic-

196 2273 253 2306 tae
271 2269 436 2306 decimae
453 2270 627 2321 impediri
646 2273 764 2309 valeat
776 2273 833 2309 vel
852 2272 1011 2319 differri,
1030 2278 1063 2309 et
1081 2272 1127 2308 de
1144 2271 1299 2322 quibus,
1315 2285 1523 2322 quorumve
1532 2274 1722 2311 tenoribus

195 2328 242 2365 de
258 2327 373 2365 verbo
387 2327 434 2364 ad
447 2329 603 2366 verbum
618 2343 660 2367 ac
674 2330 835 2380 propriis
846 2343 1088 2381 personarum
1103 2334 1138 2366 et
1152 2329 1317 2366 locorum
1331 2329 1496 2380 ipsorum
1507 2331 1722 2370 nominibus

202 2386 240 2423 in
259 2386 397 2423 eisdem
418 2386 548 2424 litteris
566 2388 701 2425 nostris
719 2388 844 2438 plena,
863 2401 1032 2439 expressa
1061 2392 1097 2424 et
1119 2387 1287 2438 specialis
1310 2388 1448 2425 mentio
1471 2389 1518 2426 sit
1539 2388 1719 2427 habenda.

246 2444 438 2481 Caeterum
467 2445 618 2483 clericos
650 2446 731 2483 illos
765 2446 812 2483 ad
843 2447 1128 2497 praestationem
1159 2445 1276 2496 ipsius
1307 2445 1472 2483 decimae
1503 2447 1616 2483 teneri
1649 2461 1722 2486 non
