2184 3074
763 317 926 355 CODEX
952 317 1197 356 DUNENSlS.
1679 320 1746 356 ¹57

211 435 248 470 et
278 433 401 471 locum
431 433 468 471 in
504 433 613 471 dictis
643 433 774 470 litteris
805 433 1091 484 comprehensos
1121 433 1319 470 Silvanecti
1349 439 1603 485 compareant,
1635 449 1746 485 super

210 492 367 542 negotiis
385 491 432 529 de
457 491 597 542 quibus
624 491 662 528 in
693 491 803 529 dictis
830 491 960 528 litteris
988 492 1030 528 {it
1056 492 1212 536 mentio,
1241 492 1447 538 tractaturi,
1478 498 1514 529 et
1542 493 1677 530 curetis
1703 506 1744 529 ae

208 549 350 588 faciatis
363 550 465 601 quod
492 563 590 588 unus
617 549 798 588 discretus
826 550 989 587 decanus
1016 550 1072 587 vel
1100 550 1195 587 alius
1226 550 1272 587 de
1304 550 1592 600 parrochialium
1625 551 1743 588 ecele-

208 608 347 646 siarum
375 608 582 646 rectoribus
605 607 942 657 arcliidyaeonatus
969 608 1186 659 Brugensis‚
1210 621 1278 659 pro
1303 621 1342 645 se
1364 613 1400 645 et
1423 608 1504 645 aliis
1526 622 1611 646 cum
1636 622 1742 646 man·

206 662 310 712 dato,
340 679 451 717 quem
487 665 590 703 citari
619 666 868 717 praecipimus
899 670 934 703 et
961 666 1180 704 mandamus
1211 666 1349 703 ibidem
1377 667 1486 704 dictis
1511 666 1572 703 die
1600 672 1636 704 et
1662 668 1742 704 loeo

206 728 418 776 compareat
429 724 538 774 juxta
552 724 735 762 dictarum
752 725 1017 762 continentiam
1034 725 1252 762 litterarum.
1271 725 1384 762 Nobis
1397 725 1488 776 quid
1503 725 1590 762 inde
1604 726 1740 763 sactum

206 783 337 829 fuerit,
356 782 498 834 liquide
516 783 770 820 rescribentes.

256 841 392 878 Datum
407 854 506 878 anno
520 841 690 888 Domini,
705 847 772 878 ete.

911 1089 1032 1126 XClV.

204 1206 420 1245 Guillaume
441 1210 465 1251 ¹,
495 1205 583 1244 abbe'
604 1207 666 1244 des
683 1208 832 1251 Dunes,
857 1219 1042 1256 approuve
1072 1206 1294 1243 l'alie'nalion
1321 1206 1365 1243 de
1390 1208 1546 1244 cer-mins
1575 1206 1672 1244 biens
1697 1207 1741 1243 do

341 1264 503 1315 l'abbaye
527 1265 571 1302 de
599 1264 747 1303 Thosan
768 1277 868 1314 pour
883 1277 1004 1315 payer
1027 1264 1077 1302 les
1097 1264 1206 1302 denes
1232 1265 1275 1301 de
1299 1277 1336 1301 ce
1361 1267 1563 1302 monaster-e
1584 1267 1606 1302 ¹.

254 1459 442 1498 Universis
456 1463 666 1510 praesentes
681 1459 819 1496 litteras
840 1458 1060 1510 inspecturis
1072 1487 1080 1503 .,
1101 1459 1212 1495 frater
1230 1457 1442 1495 willelmus
1455 1487 1463 1503 2
1485 1458 1606 1494 dictus
1624 1458 1737 1495 abbas

204 1517 250 1556 de
263 1518 384 1557 Dunis
395 1548 404 1566 ,
420 1519 575 1556 salutem
594 1523 630 1556 et
643 1518 806 1555 veritatis
827 1517 996 1555 notitiam
1012 1517 1216 1554 clariorem.

253 1575 379 1614 Vestra
395 1577 540 1614 noverit
553 1577 773 1614 universitas
788 1577 889 1628 quod
910 1590 994 1613 cum
1014 1576 1171 1612 dilectus
1189 1574 1349 1612 coabbas
1373 1579 1496 1611 noster
1512 1574 1558 1611 ‹le
1575 1574 1737 1618 Tliosan,

203 1635 252 1672 ob
279 1635 372 1672 aeris
401 1635 511 1672 alieni
535 1630 813 1686 oppressionem
837 1647 913 1685 quo
939 1634 1054 1685 ipsius
1079 1633 1362 1684 opprimebatur
1387 1632 1554 1677 ecelesia,
1579 1637 1614 1669 et
1640 1632 1738 1669 uude

203 1693 260 1731 sui
277 1693 477 1735 creditores
496 1693 679 1744 urgebant
695 1692 831 1730 cotidie
849 1706 868 1729 a
879 1688 1014 1729 'nostro
1027 1691 1187 1742 generali
1204 1690 1381 1740 capitum,
1402 1690 1592 1727 humiliter
1608 1696 1738 1742 postu-

204 1753 312 1790 lasset
337 1756 378 1789 ut
404 1764 488 1788 eum
516 1751 709 1788 manifesta
737 1755 772 1788 et
799 1764 933 1801 urgens
966 1750 1117 1787 instaret
1143 1748 1309 1786 solvendi
1342 1748 1553 1795 necessita&
1586 1762 1651 1786 nec
1682 1763 1736 1786 res

203 1809 359 1848 mobiles
387 1814 508 1847 essent
535 1809 572 1846 in
597 1809 694 1846 (licta
723 1809 874 1846 eeclesia
898 1808 1092 1846 commode
1123 1807 1338 1844 vendendae
1355 1820 1451 1857 quae
1478 1807 1522 1843 ad
1551 1812 1734 1844 tantorum

201 1868 415 1906 debitorum
430 1868 716 1905 satisfactionem
737 1868 949 1905 sufficerent
968 1871 1237 1917 competenter7
1256 1865 1326 1902 sibi
1348 1865 1472 1902 liceret
1491 1866 1736 1915 possessiones

202 1939 290 1964 suae
307 1926 480 1964 ecclesiae
494 1925 571 1963 sive
591 1931 704 1963 terras
720 1926 864 1977 aliquas
885 1925 1008 1962 minus
1029 1924 1137 1961 utiles
1157 1929 1192 1960 et
1210 1923 1325 1974 magis
1343 1927 1501 1960 remotas
1524 1923 1685 1960 vendere
1703 1930 1737 1961 et

201 1984 652 2027 distrahermearumdem
673 1984 832 2035 pretium
854 1986 891 2021 in
910 1984 1095 2021 dictorum
1116 1984 1338 2020 solutionem
1358 1981 1568 2017 debitorum
1589 1982 1736 2031 penitus

202 2041 466 2089 convertendo,
486 2042 660 2093 idemque
681 2042 886 2093 capitulum
907 2042 1014 2079 nobis
1039 2040 1254 2091 hujusmodi
1282 2039 1472 2090 negotium
1491 2039 1734 2089 commisisset

202 2101 239 2138 in
258 2100 422 2152 plenaria
440 2100 583 2138 ordinis
602 2105 780 2152 potestate
799 2116 806 2137 :
829 2114 914 2147 nos,
933 2098 1208 2137 venerabilibus
1227 2097 1395 2149 patribus
1417 2096 1462 2132 de
1481 2096 1668 2142 valcellis,
1688 2098 1733 2134 de

200 2159 454 2206 Claromonte,
479 2159 525 2197 de
548 2160 674 2197 Laude
696 2165 731 2197 et
757 2160 802 2197 de
831 2160 970 2197 Bodelo
991 2159 1153 2196 dominis
1178 2156 1376 2194 abbatibus
1400 2155 1507 2192 nobis
1529 2156 1733 2206 adjunctis.

202 2217 247 2255 ad
277 2217 413 2255 dictam
439 2222 592 2268 propter
621 2215 691 2256 hoc
717 2218 908 2256 ecelesiam
939 2217 1183 2269 personaliter
1207 2214 1420 2251 accedentes
1451 2227 1493 2250 ac
1520 2213 1734 2263 hujusmodi

202 2275 350 2327 negotio
382 2275 610 2313 intendendo
638 2277 814 2323 sollicite,
845 2277 922 2313 vias
951 2275 1186 2327 exquirentes
1215 2277 1250 2310 et
1282 2271 1412 2308 modos
1439 2285 1506 2322 per
1531 2285 1626 2322 quos
1660 2272 1735 2323 ipsa

241 2395 249 2410 ¹
271 2394 424 2421 Guinnunu·
435 2395 467 2421 de
481 2395 567 2426 llulst,
579 2395 648 2421 abbe
661 2396 709 2422 des
722 2395 813 2421 Dunes
824 2395 856 2421 ἀι-
871 2394 943 2420 1505
1034 2394 1043 2408 ²
1064 2394 1153 2426 νομὴ.
1168 2393 1228 2427 plus
1243 2391 1307 2417 haut
1322 2391 1347 2416 lc
1362 2396 1391 2416 n·
1407 2389 1563 2416 Lxxxvn.

201 2439 215 2467 a
231 2440 310 2467 1517.

1545 2473 1588 2508 18
