2184 3074
734 337 897 377 CODEX
920 339 1166 379 DUNENSIS.
1669 349 1717 386 95

183 452 242 490 fici
273 452 499 492 intimemus.
530 454 627 492 Hinc
653 459 707 492 est
731 455 834 506 quod
858 455 966 492 vobis
993 456 1169 493 omnibus
1194 461 1230 493 et
1254 457 1410 508 singulis
1439 459 1717 500 christianitatis

180 511 328 549 decanis
349 511 387 548 in
406 511 552 550 civitate
574 517 610 550 et
635 512 785 564 dyocesi
808 513 1033 551 'fornacensi
1057 515 1267 552 constitutis
1296 517 1353 553 vel
1382 530 1510 555 eorum
1532 519 1630 557 vices
1655 533 1720 571 ge-

180 569 364 615 rentibus,
388 570 459 608 sub
483 583 603 621 poena
627 570 881 622 suspensionis
904 575 940 608 et
965 572 1362 611 excommunicationis
1385 588 1498 626 quam
1527 577 1563 614 in
1592 591 1657 615 vos
1685 583 1721 615 et

179 633 343 666 vestrum
370 628 577 680 quemlibet
600 642 695 680 quos
719 629 766 667 ad
789 629 861 666 hoc
886 629 1097 667 faciendum
1127 644 1194 681 per
1219 637 1429 682 praesentes
1453 647 1649 674 monemus
1678 637 1715 673 in

181 685 253 724 hiis
278 686 425 737 scriptis
447 699 595 724 exnunc
621 691 662 724 ut
688 690 825 725 extunc
849 688 1093 738 proferimus,
1112 688 1160 735 si,
1178 689 1281 740 quod
1299 690 1412 737 absit,
1438 692 1476 728 in
1499 694 1717 732 executione

180 744 343 782 mandati
363 744 618 782 inobedientes
641 745 802 792 fueritis,
819 745 985 782 districtc
1002 746 1266 797 praecipiendo
1288 749 1509 787 mandamus
1532 757 1717 802 quatenus

180 803 218 840 in
237 803 478 840 decanatibus
496 803 627 841 vestris
646 804 827 841 moneatis
851 804 1009 841 sollicite
1027 808 1063 841 et
1079 809 1216 842 attente
1238 819 1313 843 non
1332 813 1523 859 exemptos
1546 810 1715 857 abbates,

179 861 407 913 praepositos
422 866 458 898 et
469 861 628 900 decanos
641 862 886 913 personaliter
900 863 971 900 sub
986 875 1105 913 poena
1118 866 1527 913 excommunicationis,
1542 869 1716 919 capitula,

179 921 331 972 collegia
345 925 381 958 et
395 924 599 959 conventus
611 921 683 959 sub
698 934 817 972 poena
833 921 1020 959 interdicti
1035 926 1071 959 et
1085 935 1152 973 per
1165 928 1424 974 procuratores
1439 926 1602 977 legitime
1616 929 1717 967 insti-

177 984 275 1018 tutos
299 983 335 1017 et
355 979 569 1026 instructos,
592 979 752 1030 priores,
770 980 979 1030 capellanos
1003 984 1038 1017 et
1055 981 1146 1017 alios
1165 982 1402 1020 ecclesiarum
1421 988 1599 1032 rectores,
1618 999 1717 1037 quo-

178 1051 326 1089 cunque
340 1037 491 1075 nomine
504 1042 735 1075 censeantur.
749 1038 950 1089 Exemptos
963 1051 1052 1075 vero
1066 1038 1402 1088 exhortationibus,
1411 1044 1716 1092 persuasionibus

177 1100 213 1134 et
242 1095 450 1146 monitoriis
480 1095 653 1147 precibus
684 1096 900 1147 requiratis,
933 1096 1174 1147 interpelletis
1206 1102 1241 1134 et
1267 1097 1307 1135 in
1332 1103 1515 1149 quantum
1547 1103 1715 1152 poteritis

178 1154 361 1192 inducatis
377 1158 562 1206 quatenus
584 1154 630 1191 ad
654 1154 783 1192 feriam
808 1154 978 1206 quintam
999 1184 1006 1191 .
1027 1184 1035 1191 .
1058 1185 1064 1191 .
1087 1184 1094 1191 .
1122 1168 1222 1192 nunc
1247 1155 1461 1204 instantem,
1486 1171 1599 1208 quam
1626 1160 1715 1210 ipsis

177 1225 253 1250 non
271 1212 452 1264 exemptis
470 1213 540 1264 pro
563 1212 739 1250 omnibus
761 1212 929 1250 terminis
955 1213 1203 1264 peremptorie
1226 1214 1470 1265 assignamus,
1497 1217 1596 1268 apud
1621 1218 1716 1256 Tor-

177 1283 310 1308 naeum
337 1271 376 1308 in
402 1270 554 1308 ecclesia
579 1270 805 1308 Tornacensi
833 1276 1073 1322 compareant
1095 1284 1219 1308 coram
1247 1272 1356 1309 nobis
1375 1285 1488 1323 super
1503 1275 1715 1324 praemissis

176 1333 212 1366 et
227 1329 517 1380 praemissorum
536 1328 692 1379 singulis
711 1341 731 1366 a
749 1328 856 1366 vobis
874 1328 926 1366 eis
945 1329 1146 1380 publicatis
1164 1334 1200 1366 et
1223 1330 1269 1366 ad
1292 1342 1421 1366 eorum
1442 1331 1610 1368 notitiam
1629 1346 1715 1384 per-

175 1386 315 1434 ductis,
333 1386 546 1438 responsuri
574 1386 683 1424 nobis
706 1386 753 1423 de
779 1391 937 1438 quant0,
963 1387 1064 1438 quali
1088 1391 1124 1424 et
1145 1388 1297 1438 quando
1320 1388 1520 1425 subvenire
1545 1389 1715 1427 subsidio

174 1445 405 1484 decreverint
423 1445 657 1483 sanctissimo
680 1445 776 1496 patri
801 1450 927 1483 nostro
946 1446 983 1482 in
1002 1450 1106 1484 tanto
1124 1447 1350 1485 necessitatis
1369 1447 1526 1485 articulo
1545 1453 1658 1498 prout
1675 1449 1714 1486 in

175 1503 429 1555 superioribus
446 1508 501 1542 est
518 1517 746 1556 expressum.
759 1503 982 1544 ,Intimantes
1011 1504 1150 1542 eisdem
1177 1518 1253 1542 non
1276 1507 1456 1556 exemptis
1482 1506 1586 1557 quod
1612 1507 1642 1544 si
1666 1507 1713 1544 ad

175 1562 399 1613 praedictam
423 1562 521 1600 diem
548 1562 774 1601 sufficienter
804 1576 879 1601 non
910 1564 1207 1615 comparuerint,
1227 1570 1355 1603 contra
1381 1578 1444 1602 eos
1469 1565 1714 1615 procedemus

174 1625 286 1672 prout
303 1621 498 1659 dictaverit
514 1621 607 1659 ordo
622 1621 736 1672 juris,
754 1621 937 1673 exemptis
959 1623 1062 1673 quod
1084 1636 1214 1660 eorum
1238 1623 1543 1675 ingratitudinem
1567 1637 1713 1662 summo

174 1678 342 1729 pontifici
367 1679 624 1717 rescribemus.
644 1679 718 1718 Vos
743 1684 865 1717 autem
894 1694 979 1718 cum
1006 1681 1205 1732 praedictis
1231 1695 1307 1719 non
1333 1681 1514 1733 exemptis
1540 1681 1586 1718 ad
1614 1682 1712 1719 diem

174 1737 394 1788 assignatam
413 1737 483 1775 sub
502 1751 621 1789 poena
640 1738 896 1790 suspensionis
914 1743 951 1776 et
968 1740 1366 1778 excommunicationis
1389 1740 1634 1791 personaliter
1655 1741 1715 1778 in-

175 1795 320 1833 tersitis.
351 1795 392 1832 ln
423 1795 572 1847 signum
596 1809 685 1834 vero
711 1797 935 1848 receptionis
963 1797 1079 1836 nostri
1108 1799 1272 1836 mandati
1298 1797 1557 1850 praesentibus
1582 1798 1713 1836 litteris

175 1853 294 1904 sigilla
319 1858 440 1892 vestra
465 1855 680 1905 apponatis,
706 1859 742 1893 et
763 1856 856 1907 quid
881 1869 994 1908 super
1018 1857 1202 1894 contentis
1227 1858 1266 1895 in
1290 1857 1430 1895 eisdem
1457 1855 1615 1893 feceritis
1641 1857 1712 1894 sub

175 1911 304 1962 poenis
323 1912 516 1950 antedictis
537 1913 646 1951 nobis
663 1927 730 1965 per
747 1918 885 1952 vestras
904 1918 1069 1965 patentes
1089 1915 1229 1953 litteras
1247 1915 1469 1954 rescribatis.
