2184 3074
457 246 529 283 596
1004 245 1166 283 CODEX
1191 246 1438 286 DUNENSIS.

455 362 491 395 et
516 359 603 396 tales
626 373 753 396 eorum
779 361 980 397 confratres
1003 373 1070 410 pro
1095 361 1284 398 canonicis
1308 375 1346 398 se
1366 367 1531 412 gerentes
1555 364 1698 414 eligunt
1715 365 1754 402 in
1772 366 1982 416 episcopos,

455 429 550 466 quos
569 417 679 453 iidem
698 421 952 467 praeceptores
969 422 1004 453 et
1019 418 1148 454 fratres
1167 418 1346 456 mandant
1361 420 1408 456 de
1426 420 1502 457 suis
1516 422 1766 460 confratribus
1779 423 1983 473 eligendoe,

455 474 559 510 electi
583 488 686 521 vero,
713 475 834 511 taliter
854 475 958 521 falsa,
985 475 1099 511 immo
1117 476 1239 513 verius
1265 477 1546 515 confirmatione
1569 479 1693 530 aliqua
1720 493 1795 518 non
1817 481 1984 528 obtenta,

454 532 492 568 in
521 533 712 582 episcopos
740 546 778 569 se
804 533 945 569 faciunt
970 533 1194 579 consecrari,
1219 535 1360 572 nullam
1379 535 1627 574 obedientiam
1641 538 1791 588 Rigensi
1813 539 1986 576 ecclesiae

454 591 620 627 locorum
642 591 836 641 metropoli
860 590 1050 636 facientes,
1072 590 1109 627 in
1128 591 1285 630 residuis
1303 597 1424 630 autem
1443 594 1716 633 cathedralibus
1731 596 1849 634 tribus
1867 597 1984 634 eccle-

454 649 517 686 siis
535 649 751 686 vacantibus
770 649 969 686 intrudunt
993 663 1168 700 personas
1191 664 1283 701 quas
1306 652 1456 699 volunt,
1480 653 1591 690 etiam
1620 654 1744 692 minus
1768 655 1916 705 dignas,
1938 655 1984 692 de

453 707 591 757 quibus
611 721 676 756 per
691 707 877 757 potentiae
893 720 979 744 suae
995 707 1154 744 abusum
1174 708 1390 746 electionem
1405 710 1546 749 faciunt
1559 711 1736 749 celebrari
1750 725 1793 749 ac
1808 713 1855 749 de
1871 713 1983 751 modo

455 771 490 803 et
513 767 629 803 forma
655 767 876 803 electionum
902 766 1116 816 hujusmodi
1140 767 1241 804 nulla
1266 768 1538 806 examinatione
1560 770 1775 820 praemissa,
1794 784 1861 821 per
1879 776 1984 809 ante-

455 824 572 861 dictos
598 825 726 861 fratres
749 825 807 861 sui
835 825 976 862 ordinis
1000 839 1068 876 pro
1091 826 1275 877 episcopis
1299 841 1338 864 se
1354 821 1524 878 *gerentes
1549 829 1682 866 electos
1705 829 1919 879 hujusmodi
1945 831 1983 868 in

455 884 646 934 episcopos
675 884 816 921 faciunt
845 885 1072 931 consecrari,
1105 886 1229 923 omnia
1260 887 1357 924 bona
1388 887 1601 925 earumdem
1629 889 1865 926 ecclesiarum
1890 903 1990 940 quae

455 943 616 992 insignes
639 948 907 980 consueverant
930 944 1065 981 habere
1086 945 1278 995 pontifices
1297 959 1381 982 cum
1401 947 1671 997 sollempnibus
1692 947 1882 998 capit-ulis,
1899 947 1982 985 latis

455 1006 490 1038 et
519 1002 660 1051 magnis
691 1002 927 1039 facultatibus
956 1007 991 1039 et
1016 1003 1224 1041 redditibus
1250 1004 1507 1042 habundantes
1536 1006 1698 1056 propriis
1727 1006 1876 1051 usibus,
1906 1018 1982 1043 non

454 1058 594 1108 absque
616 1059 823 1109 pernicioso
843 1060 1055 1097 earumdem
1078 1061 1314 1098 ecclesiarum
1337 1062 1554 1113 dispendio,
1571 1063 1772 1100 enormiter
1790 1063 1982 1114 applican-

454 1116 520 1161 do,
539 1130 651 1167 seque
668 1122 709 1154 ut
726 1117 879 1155 liberius
899 1119 935 1155 in
960 1119 1185 1168 praedictam
1208 1121 1442 1171 metropolim
1469 1126 1504 1158 et
1532 1121 1720 1167 ecclesias,
1747 1126 1982 1172 caeterosque

453 1176 633 1226 praelatos
651 1180 686 1212 et
704 1176 830 1214 fideles
849 1177 1124 1227 provinciarum
1144 1182 1180 1215 et
1197 1179 1359 1228 partium
1378 1179 1591 1216 carumdem
1615 1179 1761 1216 valeant
1781 1179 1982 1227 deservire,

454 1248 657 1284 eorumque
675 1235 916 1280 munitiones,
935 1240 1071 1282 castra,
1088 1241 1217 1283 terras,
1234 1237 1513 1286 jurisdictiones
1531 1243 1568 1275 et
1581 1238 1666 1288 J‘ura
1687 1239 1860 1289 propriae
1877 1238 1983 1276 subi-

454 1291 557 1328 ciunt
574 1292 722 1338 ditioni,
742 1293 879 1330 eisdem
899 1294 1051 1344 paganis
1070 1308 1231 1345 nequam
1250 1296 1432 1333 amicitiae
1451 1296 1597 1333 foedere
1615 1297 1784 1334 unientes
1798 1310 1840 1334 ac
1857 1297 1984 1347 publi·

454 1363 538 1387 cum
575 1351 626 1387 cis
665 1352 840 1389 adversus
875 1353 993 1390 dictos
1028 1353 1154 1391 fideles
1193 1354 1446 1404 impendentes
1478 1355 1660 1392 auxilium
1675 1384 1684 1399 ,
1717 1356 1913 1393 consilium
1947 1359 1983 1393 et

454 1410 636 1456 savorem,
665 1412 821 1457 serrum,
849 1425 969 1458 arma,
997 1426 1112 1463 equos
1137 1417 1173 1450 et
1199 1414 1269 1450 alia
1296 1414 1624 1451 mercimoniorum
1649 1427 1782 1464 genera
1804 1428 1871 1464 per
1887 1426 1982 1464 quae

455 1468 542 1505 dicti
567 1470 698 1519 pagani
719 1470 845 1507 fideles
867 1470 1014 1507 eosdem
1041 1471 1182 1521 possint
1207 1471 1375 1508 acerbius
1401 1472 1637 1522 impugnare,
1663 1471 1831 1508 vendunt
1856 1476 1891 1508 et
1917 1484 1983 1522 per

446 1527 544 1576 ⁴alios
565 1528 673 1564 vendi
693 1529 931 1578 permittunt3
950 1529 1127 1579 quodque
1143 1529 1292 1579 gravius
1310 1535 1380 1576 est,
1400 1530 1512 1566 iidem
1527 1535 1782 1580 praeceptores
1800 1534 1835 1566 et
1852 1530 1981 1567 fratres

456 1598 530 1621 non
557 1587 676 1622 solum
704 1600 724 1623 a
751 1587 882 1623 vicinis
911 1587 1094 1624 frontibus
1125 1587 1339 1624 eorumdem
1365 1600 1593 1638 paganorum
1624 1588 1661 1624 in
1687 1587 1825 1638 quibus
1854 1591 1981 1624 contra

455 1643 602 1680 illorum
625 1644 793 1681 incursus
812 1645 1026 1682 debuissent
1044 1658 1082 1682 se
1101 1658 1249 1681 murum
1265 1645 1491 1682 defensionis
1505 1658 1710 1695 opponere,
1726 1645 1763 1681 in
1780 1645 1983 1681 detrimen—

454 1706 531 1738 tum
552 1702 716 1739 lidelium
740 1708 985 1749 recesserunt,
1006 1704 1069 1740 sed
1090 1703 1279 1754 quoddam
1301 1709 1461 1740 castrum
1486 1704 1651 1753 ejusdem
1673 1703 1842 1754 Rigensis
1867 1704 1984 1740 eccle-

453 1760 527 1797 siae
545 1761 681 1797 cisdcm
704 1762 855 1811 paganis
881 1775 948 1811 pro
972 1766 1068 1799 certa
1095 1762 1301 1812 quantitate
1326 1762 1505 1812 pecuniae
1528 1762 1798 1807 venundantes,
1827 1775 1982 1811 regnum

454 1818 606 1855 Plochet
624 1822 645 1865 ¹,
664 1820 764 1868 quod
784 1821 974 1870 quondam
993 1834 1056 1857 rex
1076 1820 1290 1857 Plochensis
1308 1820 1354 1857 ad
1373 1821 1484 1857 fidem
1502 1820 1639 1857 Christi
1661 1832 1875 1865 conversus,
1894 1832 1983 1869 pro-

454 1877 523 1913 lem
545 1891 617 1913 non
639 1877 777 1915 habens
795 1879 1014 1928 legitimam,
1034 1879 1151 1916 eidem
1172 1879 1320 1929 Rigensi
1341 1880 1514 1916 ecclesiae
1534 1879 1740 1916 contulerat
1754 1891 1820 1928 pro
1838 1877 1982 1915 animae

452 1948 539 1971 suae
557 1936 690 1980 salute,
709 1936 816 1973 dict-is
834 1938 986 1987 paganis
1009 1951 1084 1974 non
1113 1938 1254 1988 absque
1275 1938 1419 1987 jactura
1446 1937 1696 1974 multitudinis
1723 1937 1982 1973 innumerosae

452 1993 634 2039 fidelium,
654 1993 884 2031 dimiserunt.
905 1995 1019 2044 Cujus
1037 1995 1229 2032 occasione
1248 1996 1342 2032 duae
1359 1996 1583 2046 sollempnes
1598 1994 1771 2031 ecclesiae
1788 1993 1981 2031 cathedra-

452 2052 522 2098 les,
541 2052 754 2090 Gelovensis
772 2055 783 2072 ²
809 2054 980 2091 videlicet
1001 2059 1036 2091 et
1061 2054 1308 2092 Rutlienensis
1336 2054 1509 2091 ecclesiae
1534 2053 1774 2091 consistentes
1803 2052 1840 2088 in
1868 2065 1981 2102 regno

453 2110 640 2160 praedicto
661 2112 819 2148 totaliter
836 2117 924 2148 sunt
942 2113 1101 2158 deletae,
1120 2113 1258 2163 quibus
1277 2117 1395 2150 castro
1414 2117 1449 2149 et
1462 2124 1575 2162 regno
1589 2110 1635 2147 ad
1651 2123 1781 2147 manus
1795 2110 1980 2147 dictorum

454 2169 661 2206 infidelium
687 2170 808 2207 taliter
834 2171 1033 2217 devolutis,
1052 2172 1140 2209 dicti
1162 2172 1294 2222 pagani
1313 2186 1331 2208 a
1352 2173 1472 2208 fronte
1488 2170 1692 2208 confinium
1715 2169 1870 2220 repulsis
1889 2169 1983 2205 fide-

455 2227 551 2263 libus
567 2240 735 2277 magnam
751 2233 892 2278 partem
908 2229 1090 2266 dictarum
1107 2230 1402 2280 provinciarum,
1419 2234 1507 2266 tunc
1521 2228 1688 2265 fidelium
1703 2227 1980 2263 multitudinem

492 2357 500 2370 ¹
524 2356 564 2381 On
580 2357 611 2382 lit
625 2357 689 2383 dans
705 2358 837 2392 Dlugoss:
852 2360 984 2386 Ploczcch.
1306 2360 1316 2374 ⁸
1338 2359 1379 2387 0³
1394 2360 1424 2385 lit
1438 2359 1504 2385 dans
1520 2359 1631 2393 Dlugoss
1644 2366 1651 2384 ι
1663 2357 1828 2383 laoniensis.
