2184 3074
475 286 548 324 4²6
1027 284 1189 322 CODEx
1215 283 1460 323 DUNENSIS.

1152 447 1333 486 CCXCIV.

475 569 621 606 Plainle
645 567 689 605 de
708 567 866 605 certaim
884 564 1065 615 reliyieuae
1087 564 1110 601 ἁ
1129 562 1242 601 l'abbe'
1263 562 1306 601 de
1320 591 1453 600 ......
1472 575 1524 601 au
1544 563 1641 614 sajet
1659 562 1723 600 des
1745 563 1929 602 wamiam
1945 564 2012 614 qun·

824 630 907 662 sont
919 623 1027 674 faites
1041 636 1142 673 pour
1158 622 1361 673 s'emparer
1377 622 1421 660 de
1440 621 1540 661 leurs
1557 620 1667 660 biens.

526 820 650 858 Abbas
676 848 854 857 .......
881 819 984 865 talis,
1010 823 1248 856 conservator
1269 818 1550 869 privilegiorum
1574 817 1699 854 abbati
1718 816 1950 854 Cistereiensi
1971 820 2009 854 et

476 878 599 915 abbati
616 878 875 916 Clarevallensi
894 882 1074 915 eteorum
1094 877 1339 914 coabbatibus
1356 881 1392 914 et
1409 875 1654 914 conventibus
1671 875 1855 913 universis
1872 874 2010 912 Cisten-

474 936 607 974 ciensis
624 936 766 974 ordinis
784 950 804 974 a
824 936 919 973 Sede
937 936 1149 987 Apostolica
1168 935 1421 982 indultorum,
1439 934 1616 972 omnibus
1631 933 1849 979 abbatibus,
1870 932 2009 984 priori-

475 995 561 1042 bus,
575 995 910 1045 archipresbiteris,
924 994 1072 1040 curatis,
1086 993 1313 1045 presbiteris,
1326 993 1490 1040 vicariis,
1505 991 1705 1043 capellanis
1718 995 1896 1029 eteorum
1909 990 2007 1029 vices

475 1054 706 1105 gerentibus,
725 1054 984 1104 cujuscunque
1001 1053 1170 1103 dyocesis
1189 1053 1362 1099 existant,
1378 1052 1424 1089 ad
1438 1064 1531 1102 quos
1546 1054 1754 1102 praesentes
1768 1048 1910 1088 litterae
1921 1061 2008 1100 per·

476 1113 645 1150 venerint
661 1113 816 1150 salutem
835 1113 874 1150 in
893 1113 1055 1150 Domino
1073 1117 1109 1150 et
1126 1112 1309 1150 mandatis
1327 1111 1469 1148 domini
1488 1123 1605 1162 papae
1621 1110 1778 1147 firmiter
1794 1109 1956 1147 obedire.

526 1171 579 1208 Ex
598 1176 701 1222 parte
718 1171 901 1209 dictorum
922 1172 1181 1222 religiosorum
1199 1176 1236 1208 et
1251 1171 1503 1222 procuratoris
1519 1183 1648 1207 eorum
1672 1169 1782 1206 nobis
1805 1173 1860 1206 est
1883 1168 2008 1219 gravi-

478 1234 531 1267 ter
548 1231 812 1282 conquerendo
835 1235 1080 1268 monstratum
1101 1230 1204 1281 quod
1227 1231 1365 1268 multae
1385 1242 1578 1280 personae,
1601 1233 1676 1265 tam
1694 1227 1876 1265 seculares
1892 1239 2006 1277 quam

475 1289 757 1335 ecclesiasticae,
777 1289 897 1326 Deum
918 1303 1004 1340 prae
1017 1290 1134 1326 oculis
1154 1302 1229 1326 non
1247 1289 1442 1336 habentes,
1457 1288 1496 1324 in
1515 1287 1723 1324 animarum
1737 1298 1888 1324 suarum
1904 1285 2006 1337 peri-

476 1347 618 1393 culum,
639 1347 759 1386 dictae
780 1348 884 1386 Sedis
905 1348 1138 1399 Apostolicae
1169 1351 1423 1398 contemptum
1454 1351 1491 1383 et
1519 1345 1734 1383 scandalum
1756 1344 2005 1395 plurimorum

477 1407 684 1453 notorium,
704 1407 887 1444 dictorum
908 1407 1184 1458 religiosorum,
1204 1405 1531 1451 monasteriorum,
1549 1404 1803 1441 membrorum
1821 1407 1858 1439 et
1876 1414 2006 1453 perso-

477 1479 608 1503 narum
626 1466 792 1516 ejusdem
811 1466 952 1504 ordinis
964 1467 1217 1517 subjectorum
1230 1464 1503 1520 praejudicium
1518 1467 1554 1500 et
1568 1474 1786 1513 gravamen,
1800 1474 1842 1498 ac
1857 1460 1894 1498 in
1909 1459 2007 1510 juris

478 1524 651 1574 injuriam
670 1530 705 1562 et
718 1525 910 1572 offensam,
930 1525 1078 1571 domos,
1094 1530 1207 1561 terras
1217 1553 1226 1570 ,
1240 1522 1366 1560 vineas
1376 1552 1385 1569 ,
1398 1526 1502 1573 prata
1512 1550 1521 1568 ,
1534 1533 1701 1565 nemora,
1716 1519 1862 1566 salices,
1876 1531 2007 1569 aquas,

477 1587 622 1632 stagna,
637 1583 776 1620 vivaria
789 1613 798 1628 ,
816 1597 948 1634 pecora
971 1597 1036 1620 seu
1057 1582 1249 1628 animalia,
1275 1585 1462 1619 custumas
1476 1609 1485 1626 ,
1509 1591 1657 1625 census,
1676 1582 1897 1628 proventus,
1922 1576 2009 1614 red·

477 1640 594 1686 ditus,
621 1646 764 1687 ventas,
789 1642 930 1688 laudes,
961 1641 1196 1686 elemosinas,
1226 1639 1370 1685 debita,
1401 1639 1487 1675 data
1511 1642 1547 1675 et
1568 1638 1686 1688 legata
1709 1649 1805 1687 quae
1829 1649 1875 1673 ex
1898 1639 2009 1686 testa-

477 1699 609 1736 mentis
629 1699 885 1737 decedentium
909 1700 1047 1738 eisdem
1078 1698 1259 1750 religiosis
1289 1697 1415 1734 relicta
1444 1700 1533 1734 sunt
1553 1699 1590 1732 et
1606 1695 1806 1745 legatas*
1820 1694 1892 1731 alia
1910 1693 2008 1730 bona

477 1757 661 1794 dictorum
694 1759 971 1810 religiosorum,
1003 1757 1311 1796 monasteriorum
1342 1769 1385 1793 ac
1410 1755 1665 1792 membrorum
1695 1749 1834 1791 eiffle'm
1860 1751 2009 1802 subjec-

479 1821 620 1863 torum,
648 1830 889 1867 personarum
917 1823 952 1855 et
977 1817 1173 1854 hominum
1189 1829 1343 1854 suorum
1369 1814 1523 1852 mobilia
1543 1818 1579 1850 et
1605 1811 1810 1850 immobilia
1837 1811 2012 1849 nituntur

478 1875 524 1912 de
541 1875 601 1912 die
621 1875 659 1912 in
683 1876 780 1913 diem
805 1877 1047 1914 irreverenter
1070 1875 1264 1921 invadere,
1289 1874 1432 1920 saisire,
1452 1885 1582 1923 capere
1600 1875 1636 1909 et
1652 1875 1830 1908 arrestare
1850 1882 1893 1907 ae
1911 1868 2008 1906 deti-

481 1948 580 1979 nere,
598 1939 634 1971 et
650 1940 823 1973 arrestata
845 1940 881 1972 et
900 1935 1023 1973 saisita
1036 1965 1044 1981 ,
1073 1939 1198 1986 capta,
1222 1934 1369 1971 detenta
1387 1933 1570 1970 violenter
1585 1930 1768 1976 detinere,
1789 1934 1826 1966 et
1841 1928 1931 1966 alias
1949 1928 2009 1965 in-

474 1993 591 2042 jurias
618 1993 795 2044 irrogare,
824 1995 923 2045 ipsos
951 1993 1139 2045 fatigando
1167 1994 1358 2031 laboribus
1387 1997 1423 2030 et
1447 1991 1635 2042 expensis,
1661 1993 1788 2026 contra
1816 1987 2010 2038 privilegia

478 2051 615 2089 eisdem
637 2053 834 2103 religiosis,
858 2053 1089 2091 monasteriis
1113 2058 1149 2090 et
1168 2052 1344 2090 membris
1365 2065 1386 2088 a
1404 2050 1590 2102 praedicta
1608 2048 1701 2087 Sede
1719 2045 1932 2098 Apostolica
1949 2046 2010 2083 in-

477 2111 579 2147 dulta
599 2116 734 2148 temere
751 2112 945 2149 veniendo.
963 2113 1056 2149 Cum
1077 2112 1190 2163 igitur
1211 2125 1279 2148 nos
1297 2110 1436 2147 eisdem
1457 2107 1638 2159 religiosis
1654 2107 1797 2157 ubique
1814 2110 1851 2142 et
1869 2105 1907 2142 in
1925 2117 2009 2142 om-

479 2169 589 2206 nibus
616 2170 784 2207 assistere
811 2170 1001 2220 religionis
1020 2171 1104 2220 jura
1129 2169 1327 2206 defendere
1354 2172 1564 2213 teneamur,
1583 2170 1625 2202 ut
1649 2164 1720 2215 ipsi
1746 2163 1908 2214 religiosi
1927 2167 2010 2199 tan-

477 2241 588 2278 quam
611 2229 740 2265 atletac
762 2228 898 2265 Christi
921 2228 992 2278 ipsi
1014 2228 1177 2265 Domino
1202 2228 1349 2264 valeant
1376 2226 1538 2277 quietius
1566 2228 1602 2261 et
1623 2221 1793 2259 devotius
1820 2220 2008 2263 famulari,

477 2285 751 2336 majestatisque
774 2287 978 2323 Dominum
1001 2286 1192 2323 sinceriter
1211 2285 1396 2331 venerari,
1421 2288 1456 2321 et
1472 2288 1514 2320 ut
1531 2283 1720 2320 discursus
1739 2292 1867 2317 eorum
1885 2277 2007 2329 possi-

478 2356 561 2380 mus
580 2347 798 2394 restringere
816 2350 852 2381 et
870 2344 998 2394 poenis
1016 2358 1144 2381 eorum
1163 2357 1205 2380 ac
1224 2343 1416 2380 laboribus
1433 2341 1647 2386 subvenire,
1665 2338 1772 2376 vobis
1791 2342 1827 2374 et
1842 2341 2006 2374 vestrum

480 2401 650 2448 cuilibet,
667 2403 714 2439 ita
732 2403 834 2452 quod
854 2404 945 2440 alter
962 2408 1124 2440 vestrum
1145 2404 1298 2440 alterum
1318 2415 1392 2438 non
1412 2404 1612 2451 exspectet,
1631 2398 1702 2435 sub
1719 2409 1838 2447 poena
1852 2408 2009 2446 suspen-
