2184 3074
777 242 936 280 ‹Jonssx
969 242 1210 280 DUNENSlS.
1665 245 1729 281 3:5¹

861 397 1084 436 ccxxviii.

608 517 748 554 Letlres
765 516 809 553 de
823 517 918 566 pais?
935 521 967 552 el
985 515 1029 553 de
1046 515 1326 553 reconciliatione.

249 702 412 740 Salutem
430 707 466 740 et
482 701 665 752 quicquid
685 701 797 738 totius
816 700 1088 738 benivolentiae
1107 705 1225 750 potest
1247 699 1282 736 in
1305 699 1490 737 humanae
1508 700 1733 738 conditionis

197 762 324 801 animo
342 760 621 814 comprehendi.

245 820 339 858 Cum
358 819 396 857 in
417 818 530 857 domo
543 823 661 856 vestra
675 818 880 856 honorifice
893 817 1029 869 recepti
1048 817 1228 855 fuerimus
1243 817 1457 855 multotiens
1473 831 1538 855 nos
1553 822 1587 855 et
1601 819 1731 865 nostri7

195 883 348 930 propter
373 877 475 929 quod
502 877 608 915 vobis
633 881 668 914 et
690 876 821 914 vestris
846 875 892 912 ad
924 875 1126 926 gratiarum
1153 875 1316 913 actiones
1340 889 1359 912 a
1385 875 1494 913 nobis
1525 882 1580 913 est
1602 877 1733 914 merito

194 936 481 988 assurgendum,
499 935 668 973 dolemus
687 934 925 972 vehementer
946 934 1048 984 quod
1068 939 1186 972 vestra
1207 939 1305 972 mota
1324 939 1378 972 est
1395 934 1572 972 serenitas
1596 940 1632 972 et
1655 940 1735 972 tur-

193 996 279 1034 bata
302 1008 415 1046 super
440 994 564 1031 verbis
589 993 784 1043 cujusdam
807 992 979 1030 monachi
1009 992 1123 1030 nostri
1154 992 1219 1043 qui
1249 1006 1369 1044 nuper
1386 992 1486 1044 apud
1507 1006 1571 1030 vos
1591 993 1679 1038 fuit3
1699 999 1731 1030 et

193 1053 337 1093 utinam
357 1066 432 1090 non
442 1046 594 1098 suisset,
615 1065 682 1089 nec
700 1052 810 1089 verba
830 1051 1045 1103 protulisset
1063 1064 1131 1102 pro
1149 1051 1288 1102 quibus
1308 1056 1465 1089 vestram
1485 1052 1731 1090 sinceritatem

194 1111 335 1159 turbari
356 1111 510 1163 contigit
529 1124 594 1148 seu
616 1110 775 1148 moveri!
796 1110 854 1148 Ab
873 1109 980 1148 initio
1011 1110 1110 1147 enim
1134 1110 1324 1147 doluimus
1351 1115 1386 1146 et
1413 1109 1537 1147 adhuc
1564 1110 1733 1148 dolemus

194 1171 296 1223 quod
319 1183 487 1222 unquam
506 1169 552 1206 de
574 1169 698 1215 vobis,
726 1168 855 1206 amicis
884 1168 1019 1206 nostris
1048 1168 1204 1214 intimis,
1230 1168 1342 1206 verba
1369 1182 1466 1219 quae
1491 1181 1556 1206 vos
1586 1182 1733 1207 movere

193 1235 383 1282 poterant,
406 1233 646 1267 emerserunt.
673 1228 769 1266 Sane
790 1241 875 1265 eum
895 1228 934 1265 in
953 1227 1131 1265 cordibus
1158 1228 1293 1265 nostris
1312 1241 1387 1265 non
1407 1227 1454 1265 sit
1474 1227 1617 1279 aliquid
1646 1242 1732 1266 ran-

193 1289 305 1335 coris,
321 1288 401 1335 sed,
420 1288 516 1326 sicut
533 1287 637 1326 decet
654 1286 808 1334 amicos,
824 1287 937 1324 totius
954 1286 1226 1324 benivolentiae
1243 1299 1361 1337 purus
1379 1287 1548 1332 affectus,
1562 1286 1733 1325 dilectio·

193 1358 277 1385 nem
296 1351 454 1385 vestram
472 1346 676 1397 rogandam
695 1345 873 1382 duximus
892 1344 1025 1382 affeetu
1043 1357 1120 1395 quo
1138 1357 1338 1395 possumus
1360 1345 1532 1395 ampliori
1548 1350 1732 1396 quatenus

192 1407 314 1444 omnis
338 1418 450 1456 super
471 1404 542 1442 hoc
565 1409 680 1442 cesset
701 1408 737 1441 et
754 1403 919 1440 discedat
943 1403 1174 1449 animorum5
1195 1403 1224 1440 si
1243 1417 1340 1454 quae
1363 1403 1489 1448 suerit,
1517 1403 1731 1441 commotio.

193 1469 229 1502 et
247 1464 369 1502 omnis
394 1463 666 1514 redintegretur
683 1462 784 1512 pacis
802 1466 838 1498 et
856 1461 1018 1498 caritatis
1037 1461 1133 1498 inter
1151 1475 1218 1498 nos
1233 1461 1380 1510 *affectio
1392 1491 1400 1507 .,
1419 1462 1609 1512 cupientes
1630 1462 1729 1513 quod

193 1523 387 1575 pristinam
411 1523 457 1560 de
480 1522 587 1560 nobis
618 1522 733 1559 immo
763 1521 940 1571 majorem
972 1521 1146 1558 fiduciam
1175 1521 1338 1558 habeatis
1373 1521 1409 1557 in
1440 1521 1730 1571 quibuscunque

193 1596 392 1634 possumus
417 1587 538 1619 vestro
563 1581 794 1632 beneplacito
820 1580 1016 1618 deservire.
1036 1580 1116 1617 Non
1144 1580 1242 1617 enim
1270 1594 1400 1617 sumus
1428 1580 1598 1617 harundo
1622 1586 1731 1617 vento

194 1642 347 1692 agitata,
377 1654 442 1678 nee
461 1653 589 1678 sumus
609 1640 697 1677 tales
715 1639 838 1690 quoad
862 1639 989 1675 flatum
1010 1639 1157 1690 linguae
1175 1639 1286 1676 unius
1305 1638 1515 1676 occasiones
1533 1652 1730 1689 queramus

193 1700 363 1738 recedere
381 1700 427 1736 ab
445 1699 574 1736 amicis
590 1698 654 1749 qui
675 1698 760 1735 estis
779 1711 863 1743 vos7
884 1710 950 1734 nee
969 1697 1136 1748 oportuit
1154 1698 1439 1735 satisfactionem
1459 1711 1478 1733 a
1498 1697 1604 1734 vohis
1623 1698 1730 1734 nobis

195 1758 373 1810 promitti.
392 1758 562 1795 Valeatis.

909 1825 1002 1832 >—.-.

873 1946 1061 1984 ccxxix.

300 2056 439 2093 Lellres
468 2055 510 2092 de
534 2055 729 2105 fraternile'
753 2061 785 2092 et
810 2054 1062 2092 d’association
1089 2054 1133 2090 de
1155 2055 1298 2102 prieres
1325 2053 1514 2090 accordefes
1542 2065 1620 2088 amr

726 2113 921 2151 chanoines
947 2112 991 2150 de
1018 2141 1196 2149 .......

243 2298 280 2336 Si
300 2298 518 2349 quicunque
536 2297 582 2334 de
598 2297 738 2348 populo
757 2297 959 2334 christiano
984 2301 1155 2333 tenentur
1180 2294 1337 2332 invicem
1357 2293 1511 2344 diligere
1527 2298 1564 2329 ct
1583 2292 1727 2329 instan-

192 2362 248 2394 ter
273 2356 463 2394 intendere
493 2356 537 2393 ad
565 2362 715 2394 mutuae
740 2357 867 2394 salutis
896 2357 1122 2407 profectun1‚
1150 2355 1232 2391 illos
1266 2353 1396 2404 procul
1432 2352 1549 2389 dubio
1581 2352 1617 2388 in
1656 2352 1726 2388 hoc
