2184 3074
458 263 530 300 208
1010 261 1173 299 CODEX
1198 261 1448 299 DUNENSlS.

460 380 708 431 indulgentias
728 380 846 416 dictae
874 379 979 415 Sedis
1007 392 1026 415 a
1054 379 1301 428 praestatione
1318 379 1533 428 hujusmodi
1562 386 1818 430 procuratores
1858 382 1996 418 immu-

461 452 541 485 nes,
569 440 668 490 ipsos
699 439 958 488 cujuscunque
987 437 1063 474 sint
1087 437 1249 483 ordinis„
1278 437 1504 475 conditionis
1527 443 1590 475 aut
1616 439 1726 476 ctiam
1745 439 1935 490 dignitatis
1953 453 1998 476 ex

461 501 564 547 parte
589 501 713 533 nostra
737 496 874 541 citetis⁷
902 495 1067 545 praefixo
1094 495 1183 545 ipsis
1209 495 1370 532 termino
1396 496 1646 546 peremptorio
1672 497 1896 548 competenti
1921 510 1998 548 quo
2032 499 2034 501 ’

461 569 528 605 per
545 569 582 592 se
599 555 655 591 vel
676 568 742 604 per
759 557 1017 604 procuratores
1031 553 1198 602 ydoneos
1218 566 1303 590 cum
1322 553 1462 591 eisdem
1481 554 1684 605 privilegiis
1703 560 1739 593 et
1755 555 1999 607 indulgentiis

463 617 702 663 compareant
719 624 843 648 coram
867 611 975 648 nobis
999 611 1131 647 facturi
1150 615 1186 647 et
1210 611 1393 661 recepturi
1415 625 1528 662 super
1546 611 1617 650 lioc
1633 613 1736 664 quod
1751 613 1896 663 justitia
1913 627 1999 651 sua-

463 672 575 708 debit.
597 670 701 706 Diem
722 674 844 706 autem
863 668 1049 708 citationis
1065 668 1281 718 hujusmodi
1300 673 1336 706 et
1354 670 1507 707 nomina
1523 670 1633 708 citata
1651 671 1760 709 nobis
1779 685 1845 723 per
1863 676 2000 710 vestras

464 729 601 765 litteras
632 733 797 764 tenorem
830 726 1062 763 continentes
1095 731 1327 776 praesentem
1358 741 1471 778 quam
1503 729 1577 766 cito
1607 730 1802 767 commode
1831 730 1999 781 poteritis

464 786 635 822 intimare
661 785 811 831 curetis,
842 785 1051 835 processuri
1079 789 1208 822 contra
1236 785 1336 835 ipsos
1363 786 1410 823 ad
1436 787 1666 824 exactionem
1693 788 2000 838 procurationum

464 845 645 894 ipsarum„
667 844 758 890 nisi7
779 848 962 894 quantum
994 843 1168 881 videbitis
1196 844 1412 890 convenire,
1443 850 1527 896 post
1554 845 1771 896 hujusmodi
1799 847 1999 883 terminum

463 907 714 953 exspectatum
735 907 878 939 nostras
896 902 943 938 ad
959 915 1024 939 vos
1042 902 1089 938 de
1107 902 1341 940 absolutione
1358 917 1425 941 sua
1439 917 1460 941 a
1478 904 1725 954 praestatione
1743 909 2001 955 procuratores

466 961 680 1011 hujusmodi
701 961 839 998 litteras
858 961 1092 1010 reportarint.
1115 961 1272 1008 Datum,
1293 966 1360 999 etc.

512 1019 702 1056 Johannes
735 1018 989 1055 misericordia
1017 1018 1164 1065 divina,
1191 1023 1271 1065 etc„
1298 1019 1433 1057 dilecto
1463 1021 1597 1058 clerico
1625 1021 1667 1059 N.
1695 1022 1899 1059 venerabili
1923 1022 2004 1060 viro

467 1077 529 1114 tali
549 1077 705 1124 salutem
731 1077 770 1114 in
794 1077 968 1114 Domino.
990 1077 1083 1114 Cum
1102 1091 1170 1128 pro
1195 1078 1432 1129 imponendis
1453 1093 1495 1117 ac
1517 1081 1626 1118 etiam
1652 1081 1844 1132 exigendis
1869 1081 2004 1119 nostris

468 1136 692 1186 pecuniariis
712 1136 1041 1187 procurationibus
1058 1149 1124 1174 vos
1138 1137 1184 1174 ad
1195 1137 1415 1175 Remensem
1431 1143 1466 1175 et
1483 1139 1573 1176 alias
1592 1139 1757 1177 civitates
1775 1144 1810 1176 et
1828 1139 2004 1190 dyoceses

467 1195 659 1232 Remensis
677 1195 892 1245 provinciae
917 1208 1003 1232 cum
1028 1200 1207 1246 potestate
1230 1196 1340 1246 plena
1363 1196 1567 1250 deputandi
1590 1198 1804 1236 collectores
1827 1211 2006 1250 procura-

468 1254 611 1290 tionum
635 1253 851 1303 hujusmodi
871 1254 1182 1300 transmittamus‚
1199 1260 1242 1292 ut
1258 1256 1499 1293 commissum
1520 1256 1734 1307 diligentiae
1751 1261 1893 1294 vestrae
1917 1269 2007 1308 pro-

467 1311 702 1348 curationum
717 1313 931 1349 earumdem
949 1313 1139 1364 negotium
1161 1315 1198 1351 in
1218 1315 1503 1353 mansuetudine
1521 1329 1606 1352 cum
1621 1316 1875 1354 misericordia
1892 1329 2006 1367 quam

467 1370 627 1408 libenter
644 1372 682 1408 in
703 1373 838 1409 nostris
852 1373 1110 1423 amplexamur
1127 1374 1271 1411 actibus
1290 1375 1490 1425 procedere
1506 1375 1694 1422 videatur,
1714 1376 1904 1413 universas
1921 1389 2008 1426 per-

465 1443 574 1468 sonas
591 1444 684 1482 quas
710 1432 800 1469 latas
820 1445 839 1469 a
857 1432 965 1469 vobis
983 1433 1040 1469 vel
1061 1433 1134 1470 illis
1152 1447 1245 1484 quas
1264 1435 1570 1484 procurationum
1590 1435 1865 1486 praedictarum
1882 1435 2004 1485 depu-

468 1489 592 1527 tabitis
606 1485 832 1537 collectores,
842 1491 1036 1528 occasione
1049 1492 1355 1542 procurationum
1370 1493 1585 1530 earumdem
1608 1492 2007 1531 excommunicationis

468 1549 666 1586 sententias
685 1549 875 1587 incurrere
898 1550 1112 1601 contigerit,
1133 1555 1218 1601 post
1237 1551 1417 1602 integram
1435 1552 1722 1589 satisfactionem
1745 1552 1791 1589 de
1809 1551 1883 1589 illis
1899 1551 2008 1589 exhi-

469 1606 583 1643 bitam
600 1607 706 1656 juxta
734 1608 891 1644 formam
910 1608 1095 1646 Ecclesiae
1112 1609 1331 1646 absolvendi
1349 1613 1386 1647 et
1402 1623 1488 1647 cum
1509 1610 1603 1656 illis,
1622 1610 1652 1648 si
1676 1610 1799 1647 clerici
1818 1610 1958 1647 suerint
1973 1612 2009 1646 et

467 1665 520 1701 sic
547 1665 648 1716 ligati
670 1667 794 1703 forsan
819 1679 894 1703 non
917 1667 1165 1704 abstinuerint
1192 1680 1212 1704 a
1231 1667 1372 1705 divinis
1394 1668 1527 1705 officiis
1552 1667 1815 1719 dispensandi‚
1837 1660 2008 1718 injuncto

441 1715 444 1718 Δ
467 1724 518 1761 eis
532 1725 634 1774 quod
649 1725 816 1762 videritis
834 1725 1124 1777 injungendum,
1145 1731 1218 1764 tam
1239 1719 1345 1765 robis
1361 1741 1476 1779 quam
1493 1728 1692 1778 praedictis
1714 1741 1781 1779 per
1804 1740 1870 1766 vos
1889 1727 2008 1777 depu-

467 1782 551 1819 tatis
570 1782 832 1820 collectoribus
858 1784 1006 1834 plenam
1030 1785 1294 1831 concedimus,
1318 1786 1536 1824 auctoritate
1560 1799 1636 1837 qua
1655 1787 1861 1837 fungimur,
1884 1789 2008 1836 potes-

470 1844 591 1877 tatem.
611 1842 766 1888 Datum,
785 1847 852 1879 etc.
