2184 3074
754 245 915 284 (tonEx
942 245 1188 284 DUNENSlS.
1675 248 1748 287 305

899 419 1052 460 cxmv.

312 539 398 575 Acte
414 537 561 587 d’appel
577 538 742 588 interjetd
755 537 984 588 par-devant
1001 537 1033 575 Ie
1045 551 1143 588 pape
1160 552 1210 576 au
1228 551 1314 576 nom
1331 538 1375 576 de
1393 539 1432 576 la
1449 551 1638 577 commune

401 595 403 597 ’
576 595 620 633 de
638 596 783 646 Bruqes
800 602 923 634 contre
942 596 1098 647 l'eveque
1115 597 1161 634 de
1183 597 1374 647 Tournay.

251 783 290 820 ln
310 783 462 820 nomine
477 782 637 828 Donini.,
661 795 780 820 amen.
802 783 909 820 Anno
935 782 1102 833 ejusdem
1132 784 1183 820 Mo
1197 784 1300 821 CCC‘·
1313 782 1364 829 ΙΙ,
1392 783 1597 821 indictione
1620 784 1740 834 prima

201 841 262 878 die
287 840 443 892 septima
470 841 606 878 mensis
631 841 838 878 decembris
866 841 1104 892 pontificatus
1131 841 1275 879 domini
1303 841 1492 879 Bonel'acii
1521 854 1638 892 papae
1662 841 1739 879 Vlll

200 912 299 937 anno
325 899 427 944 vlu,
450 899 629 938 Michael'
652 928 785 937 ......
803 900 975 946 clericus,
1005 905 1225 951 procurator
1251 900 1642 951 burgimagistrorum,
1660 913 1741 937 sca-

200 957 395 1004 binorum,
414 958 602 1009 totiusque
627 958 906 996 communitatis
923 959 1033 996 villae
1051 959 1267 1009 Brugensis5
1288 963 1330 996 ut
1347 963 1491 996 constat
1511 972 1576 1010 per
1602 959 1739 996 litteras

199 1015 320 1067 sigillo
345 1017 562 1054 eorumdem
580 1017 776 1068 sigillatas,
801 1030 963 1069 quarum
983 1022 1089 1055 tenor
1106 1018 1340 1063 subnotatur,
1370 1018 1407 1054 in
1434 1018 1639 1068 praesentia
1667 1019 1737 1055 mei

201 1075 334 1112 notarii
352 1075 514 1126 publici,
529 1076 754 1128 testiumque
773 1076 1071 1128 subscriptorum
1090 1076 1137 1114 ad
1157 1077 1228 1114 hoc
1245 1076 1453 1127 specialiter
1470 1081 1685 1114 vocatorum
1704 1082 1737 1114 et

199 1137 411 1182 rogatorum
430 1133 673 1184 personaliter
694 1135 936 1180 constitutus,
954 1134 1106 1172 nomine
1131 1134 1390 1185 procuratorio
1406 1139 1442 1171 et
1461 1147 1528 1184 pro
1547 1135 1740 1185 burgima-

195 1190 336 1242 gistris,
356 1190 518 1229 scabinis
536 1204 578 1229 ac
595 1192 861 1230 communitate
877 1192 1091 1243 praedictis,
1109 1191 1310 1243 quamdam
1328 1192 1416 1229 fecit
1436 1192 1736 1242 provocationem

197 1261 262 1286 seu
276 1249 560 1300 appellationem
581 1250 619 1287 in
638 1251 785 1301 scriptis
803 1250 958 1288 modum
974 1251 1040 1301 qui
1059 1251 1230 1301 sequitur
1245 1250 1496 1287 continentem
1515 1266 1522 1286 ;

244 1306 340 1354 Quia
359 1308 583 1346 reverendus
602 1312 706 1359 pater
731 1308 907 1346 dominus
925 1308 1086 1354 Guidd',
1106 1308 1174 1346 Dei
1201 1308 1318 1359 gratia
1346 1307 1567 1344 venerabilis
1591 1308 1733 1345 Torna-

196 1364 314 1402 censis
331 1365 545 1416 episcopus,
564 1379 628 1404 seu
647 1366 726 1416 ejus
744 1367 872 1404 vicarii
902 1380 1031 1404 omnes
1055 1367 1215 1404 decanos
1241 1366 1557 1403 christianitatum
1579 1366 1617 1402 in
1639 1371 1733 1403 terra

195 1421 392 1460 Flandriae
409 1424 607 1462 existentes
625 1438 746 1476 nuper
767 1426 1027 1463 relaxaverunt
1044 1430 1079 1463 et
1097 1426 1144 1463 ab
1163 1425 1287 1463 officio
1313 1438 1466 1462 suorum
1486 1425 1731 1462 decanatuum

195 1481 471 1531 suspenderunt
488 1495 530 1519 ac
558 1483 679 1533 sigilla
706 1484 847 1534 quibus
875 1484 928 1522 uti
957 1484 1218 1522 consueverint
1243 1484 1279 1520 in
1307 1484 1383 1520 suis
1403 1483 1644 1520 decanatibus
1661 1483 1731 1520 sibi

194 1538 350 1576 Tornaci
370 1541 567 1578 transmitti
587 1542 876 1589 mandaverunt,
910 1543 1010 1593 ipsos
1027 1543 1187 1580 decanos
1206 1542 1394 1579 monendo
1420 1555 1482 1578 seu
1509 1541 1651 1578 moneri
1678 1541 1732 1578 sa-

195 1597 326 1634 ciendo
344 1603 386 1636 ut
402 1598 498 1636 infra
515 1605 658 1637 cert-um
686 1605 833 1651 tempus
851 1601 897 1637 ad
918 1600 989 1638 hoc
1006 1601 1214 1652 praefixum
1233 1600 1303 1637 sub
1322 1613 1462 1650 poenae
1480 1599 1732 1650 suspensionis

195 1660 231 1692 et
247 1656 456 1694 amissionis
479 1671 632 1695 suorum
655 1658 923 1696 beneficiorum
948 1659 1147 1710 praedictis
1172 1659 1249 1696 suis
1275 1658 1459 1695 mandatis
1484 1662 1672 1708 parerent,
1697 1663 1731 1694 ct

194 1714 356 1764 populus
374 1719 491 1752 terrae
510 1716 704 1754 Flandriae
723 1717 803 1754 sine
821 1722 968 1767 pastore
985 1722 1049 1754 aut
1067 1717 1164 1754 vices
1183 1717 1265 1766 ejus
1281 1721 1430 1767 gerente
1444 1716 1642 1753 salubriter
1656 1715 1730 1765 regi

195 1777 369 1823 nequeat,
388 1787 456 1811 nec
473 1774 680 1812 adinvicem
696 1776 972 1813 communicare
990 1779 1027 1812 et
1044 1779 1196 1826 propter
1210 1775 1353 1825 justum
1371 1780 1510 1811 metum
1529 1774 1593 1824 qui
1613 1779 1729 1824 potest

191 1835 228 1867 et
244 1830 354 1868 debet
379 1832 510 1869 cadere
537 1833 574 1870 in
600 1838 810 1871 constantes
836 1839 872 1871 et
897 1834 1042 1871 viarum
1062 1834 1226 1884 pericula
1244 1846 1286 1870 ac
1303 1846 1473 1883 guerram
1494 1833 1675 1869 notoriam
1694 1837 1729 1868 et

193 1889 424 1927 manifestam
443 1903 539 1941 quae
550 1891 696 1940 jamdiu
717 1891 788 1929 fuit
804 1896 840 1929 et
853 1891 976 1929 adhuc
991 1896 1045 1929 est
1059 1892 1155 1928 inter
1167 1891 1411 1941 Francigenas
1426 1896 1460 1927 et
1474 1891 1728 1928 Flandrenses.

193 1960 302 1984 nemo
331 1949 443 1986 totius
468 1950 666 1988 comitatus
693 1950 932 1988 Flandrensis
955 1955 1106 2002 propter
1128 1950 1369 1995 beneficium,
1387 1949 1457 1986 sibi
1485 1949 1665 1999 impartiri
1692 1954 1725 1985 et

194 2006 359 2056 impendi
387 2007 418 2044 si
443 2007 624 2059 indigeat,
650 2008 866 2046 habendum
893 2013 928 2046 et
957 2009 1252 2059 impetrandum,
1271 2007 1381 2044 etiam
1405 2012 1556 2057 propter
1581 2007 1726 2044 bannos

193 2065 482 2104 matrimoniales
506 2067 553 2104 de
574 2068 742 2118 personis
766 2073 1026 2105 extraneorum
1050 2068 1296 2105 decanatuum
1319 2071 1354 2103 ct
1386 2066 1649 2116 dyocliesium,
1677 2068 1724 2104 ita

191 2123 294 2172 quod
311 2136 439 2160 secure
455 2125 502 2161 ad
519 2125 899 2176 sollempnizationem
926 2126 1250 2163 matrimoniorum
1269 2124 1419 2175 procedi
1441 2130 1562 2174 potest
1583 2125 1726 2162 baben-

190 2180 257 2218 dos
274 2186 310 2218 et
327 2182 595 2232 impetramus,
614 2185 717 2234 quod
743 2198 852 2235 saepe
868 2184 1050 2235 contingit
1075 2184 1113 2221 in
1136 2183 1236 2220 dicto
1261 2184 1438 2219 comitatu
1461 2188 1495 2219 ct
1519 2183 1726 2233 specialiter

191 2240 285 2277 infra
299 2240 426 2277 villam
437 2241 664 2292 Brugensem
679 2246 715 2279 et
728 2243 954 2280 territorium
969 2242 1135 2292 ejusdem
1150 2254 1191 2278 ac
1206 2241 1285 2278 lieri
1302 2245 1356 2278 est
1372 2246 1603 2286 consuetum,
1612 2242 1722 2278 etiam

228 2361 234 2376 ¹
258 2361 466 2388 Probablcmcnt
479 2362 572 2388 Michcl
587 2362 622 2388 As
635 2363 779 2389 clokeitos.
895 2363 904 2378 ³
917 2363 969 2389 Gui
979 2363 1012 2389 de
1024 2363 1168 2397 Boulogne.
1178 2361 1280 2396 evequc
1292 2362 1325 2387 dc
1334 2359 1472 2394 Tournay.
1483 2361 1516 2387 dc
1530 2360 1596 2386 ¹50¹
1611 2359 1625 2385 ”a
1640 2358 1722 2386 4526.
