2184 3074
746 276 906 315 (JODEX
927 277 1180 330 ,DUNENSIS
1658 282 1730 319 297

195 393 301 443 cujus
319 393 624 444 poenitentiariae
643 406 768 430 euram
783 394 958 443 gerimus,
973 394 1185 444 paternitati
1204 401 1342 433 vestrae
1355 398 1622 435 eonnniittimus
1635 413 1731 450 qua-

195 457 301 490 tenus
315 451 486 490 eumdem
502 451 672 489 abbatem
688 456 724 489 et
741 452 943 489 confratres
961 464 1047 490 suos
1061 452 1108 490 ab
1122 466 1272 491 excessu
1289 454 1504 505 hujusmodi
1524 462 1559 494 et
1577 470 1730 494 excom—

194 510 462 557 municatione,
487 510 517 548 si
544 523 656 561 quam
681 514 834 561 propter
852 509 923 547 hoc
949 509 1204 558 incurrerunt,
1226 512 1334 562 juxta
1361 515 1517 552 formam
1547 516 1729 553 Ecclesiae

193 569 391 608 absolvatis
405 574 441 606 et
454 568 620 620 injuncta
639 568 709 606 sibi
725 568 812 605 inde
826 581 894 619 pro
909 569 1040 620 culpae
1058 569 1170 607 modo
1184 572 1410 621 poenitentia
1425 573 1575 610 salutari
1593 579 1629 611 et
1646 574 1727 611 aliis

193 641 288 679 quae
310 627 358 665 de
377 627 463 678 Jure
489 627 627 665 fuerint
649 626 905 678 injungendis,
931 628 1110 678 quodque
1136 629 1173 665 in
1202 629 1388 668 similibus
1410 631 1457 667 de
1482 637 1624 669 caetero
1652 646 1726 669 non

191 686 389 732 excedant,
407 686 535 737 eisque
557 686 604 723 ad
629 691 791 737 tempus,
810 691 922 737 prout
938 686 1113 737 expedire
1131 687 1316 735 videritis,
1336 703 1354 726 a
1374 703 1526 727 suorum
1551 690 1725 728 ordinum

191 745 451 783 executoribus
469 745 672 796 suspensis,
695 744 845 783 demum
864 745 1153 796 suffragantibus
1176 747 1246 784 sibi
1268 748 1426 792 meritis,
1445 749 1593 799 alioque
1613 763 1726 787 cano-

192 804 276 854 njco
294 817 370 841 non
388 803 577 850 obstante,
595 816 708 854 super
721 803 990 854 irregularitate
1008 817 1052 840 ex
1073 805 1284 855 praemissis
1303 811 1488 843 contracta
1509 807 1728 858 dispensetis

190 863 405 901 auctoritate
423 862 610 914 praedicta
636 861 925 899 misericorditer
946 875 1031 900 cum
1057 863 1215 908 eisdem,
1242 870 1352 914 prout
1375 866 1581 902 secundnm
1608 867 1727 904 Deum

191 921 398 958 animarum
418 933 569 958 suarum
589 920 696 958 saluti
717 919 882 957 videritis
902 920 1088 971 expedire.
1110 921 1263 967 Datum,
1282 928 1349 959 ete.

904 1186 1026 1224 CXCl.

186 1301 399 1352 Dele'yation
419 1302 558 1340 donnde
568 1315 646 1352 par
665 1303 779 1342 Gilles
800 1304 844 1342 de
857 1305 980 1351 Gand,
995 1305 1174 1344 chanoine
1191 1307 1235 1344 de
1254 1308 1444 1357 Toummy„
1455 1322 1553 1358 pom·
1569 1311 1729 1346 receuoir

537 1361 572 1398 Ια
591 1367 692 1399 rente
708 1362 780 1400 due
795 1375 869 1412 par
888 1363 920 1400 le
937 1366 1141 1402 manascere
1158 1365 1202 1402 de
1223 1365 1380 1403 rhosan.

236 1563 423 1601 Universis
450 1570 659 1615 praesentes
682 1566 821 1604 litteras
841 1567 1061 1619 inspecturis
1080 1572 1247 1608 officialis
1266 1573 1509 1611 'tornacensis
1528 1574 1723 1624 episcopa-

187 1625 260 1666 tus7
279 1621 366 1658 sede
383 1627 551 1669 vacante,
569 1623 726 1661 salutem
746 1625 784 1662 in
804 1626 979 1665 Domino.

232 1678 414 1718 Noveritis
428 1693 495 1718 nos
509 1681 647 1720 litteras
658 1695 817 1733 quarum
834 1686 940 1736 copia
954 1687 1206 1739 subsequitur,
1221 1690 1397 1740 sigillatas
1410 1691 1540 1740 sigillis
1554 1691 1720 1728 virorum

185 1737 440 1788 religiosorum
466 1739 611 1777 abbatis
631 1745 672 1778 ‘et
693 1748 898 1781 conventus
922 1745 969 1782 de
986 1746 1154 1793 Thosan,
1182 1760 1255 1785 non
1281 1749 1456 1795 abolitas,
1476 1763 1551 1787 non
1574 1751 1720 1787 cancel-

183 1795 272 1833 latas
295 1809 362 1834 nee
381 1797 418 1833 in
439 1797 563 1848 aliqua
581 1799 637 1836 sui
657 1805 760 1850 parte
778 1802 941 1849 vitiatas,
961 1809 1073 1854 prout
1092 1806 1210 1855 prima
1230 1806 1322 1844 facie
1345 1808 1563 1858 apparebat,
1582 1808 1718 1846 vidisse

181 1857 216 1890 et
233 1854 414 1905 recepisse
433 1855 470 1892 in
491 1856 581 1894 haec
599 1858 732 1895 verba:

230 1912 416 1951 Universis
437 1920 647 1964 praesentes
665 1916 804 1955 litteras
823 1919 1045 1970 inspecturis
1065 1951 1194 1959 ......
1215 1923 1326 1959 frater
1349 1924 1566 1974 Arnulplnus
1592 1925 1713 1963 dictus

179 1970 293 2008 abbas
312 1977 347 2008 et
364 1979 569 2011 conventus
586 1974 633 2012 de
651 1975 815 2023 Thomu,
835 1979 990 2016 salutem
1009 1985 1045 2018 et
1062 1994 1213 2019 noscere
1232 1982 1433 2019 veritatem.
1458 1983 1609 2020 Noverit
1626 1984 1713 2021 uni-

179 2029 328 2067 versitas
347 2035 466 2069 vestra
485 2034 588 2083 quod
605 2047 690 2071 cum
711 2049 778 2073 nos
797 2037 940 2075 ratione
957 2040 1205 2090 quarumdam
1225 2046 1423 2088 terrarum,
1441 2042 1653 2080 reddituum
1677 2049 1711 2080 et

177 2088 396 2138 fundorum,
415 2105 510 2143 quos
527 2093 586 2130 vir
602 2096 824 2134 venerabilis
842 2097 1018 2136 dominus
1039 2100 1210 2151 AEgidius
1229 2101 1275 2137 de
1293 2100 1491 2147 Gandavo‚
1509 2103 1710 2140 canonicus

176 2146 433 2195 'romanensis-J
452 2155 578 2189 nostro
597 2155 821 2192 monasterio
839 2156 984 2194 dudum
1010 2159 1169 2196 contulit
1194 2163 1229 2196 et
1250 2173 1412 2210 quorum
1436 2162 1710 2199 usumfructum

175 2205 220 2241 ad
246 2210 392 2257 tempus
418 2209 590 2256 retinuit,
615 2211 734 2250 eidem
763 2213 801 2251 in
833 2228 956 2252 annua
988 2217 1204 2267 pensatione
1235 2231 1299 2255 seu
1332 2218 1480 2256 redditu
1514 2220 1644 2270 viginti
1675 2226 1710 2257 et

172 2269 309 2315 septem
329 2266 510 2305 librarum
531 2269 793 2310 Parisiensium
812 2275 1074 2313 solvendarum
1096 2290 1213 2327 aequa
1239 2277 1410 2328 portione
1433 2278 1470 2315 in
1490 2279 1582 2316 sesto
1605 2279 1707 2317 Beati

174 2322 334 2362 Bavonis
351 2329 386 2362 et
399 2325 436 2362 in
454 2327 576 2364 medio
591 2329 728 2367 mensis
745 2332 866 2369 martii
882 2333 929 2370 ad
942 2333 1055 2371 vitam
1071 2348 1176 2372 suam
1191 2336 1298 2373 annis
1313 2335 1471 2386 singulis
1486 2342 1705 2381 teneremur,

171 2394 263 2431 quas
281 2382 428 2421 (luobus
447 2387 613 2435 personis
632 2387 679 2425 ab
699 2389 779 2439 ipso
798 2390 835 2427 iu
855 2391 928 2429 vita
947 2405 1012 2430 sua
1041 2394 1277 2431 nominandis
1304 2394 1490 2445 assignare
1514 2396 1633 2445 potuit
1660 2397 1705 2433 ad

1513 2455 1559 2490 58
