2184 3074
726 304 890 346 conssx
916 303 1158 343 DUNENSlS.
1637 306 1710 344 55⁹

177 424 292 461 nostri
310 423 452 460 ordinis
470 427 507 460 et
522 421 785 473 generationis,
808 434 903 472 quos
928 425 970 457 ut
989 424 1131 472 quanto
1153 420 1386 470 gravioribus
1414 420 1706 458 intellexerimus

173 481 312 533 pulsari
343 481 509 532 injuriis,
540 485 642 518 tanto
672 478 1022 530 congruentior-ibus
1052 479 1226 516 remediis
1251 479 1516 517 subveniamus
1549 479 1686 516 eisdem
1698 508 1708 527 ‚

174 540 327 578 dilectos
355 540 392 576 in
419 539 565 577 Christo
588 539 717 576 fratres
741 538 830 575 tales
849 542 885 574 et
908 537 996 574 tales
1016 536 1217 574 monachos
1243 538 1455 574 monasterii
1474 537 1521 575 de
1538 537 1708 583 Thosan,

176 599 290 637 nostri
303 598 447 636 ordinis
461 603 497 637 et
507 596 754 648 generationis
764 625 773 642 ,
786 595 1036 647 praesentium
1051 595 1278 633 exhibitores
1294 596 1499 646 quemlibet
1517 609 1646 634 eorum
1666 597 1704 634 in

174 657 335 695 solidum
355 656 403 694 ita
421 656 523 707 quod
542 668 616 693 non
634 655 682 692 sit
694 655 827 692 melior
843 654 1008 691 conditio
1023 654 1238 705 occupantis
1257 654 1304 691 de
1317 668 1490 705 expresso
1503 660 1539 692 ct
1556 655 1705 706 speciali

174 728 325 753 assensu
347 714 492 752 abbatis
516 718 552 751 et
576 718 778 751 conventus
802 713 848 749 de
872 713 1019 750 Thosan
1047 712 1337 763 praedictorum,
1360 713 1406 750 ad
1434 713 1618 763 agendum
1638 727 1706 764 pro

174 772 278 824 ipsis,
289 785 432 823 suoque
450 771 684 816 monasterio,
703 771 878 822 ipsosque
891 770 1186 818 defendendum,
1200 783 1306 808 veros
1323 775 1358 808 et
1372 771 1555 822 legitimos
1570 784 1707 821 procu-

175 835 313 870 ratores
330 830 608 875 constituimus,
627 830 844 869 ordinamus
862 835 898 868 et
918 830 1073 868 facimus
1095 843 1141 867 ex
1158 834 1261 881 parte
1278 830 1391 869 totius
1410 829 1524 867 nostri
1543 829 1706 874 ordinis,

173 889 389 929 auctoritate
411 889 612 940 apostolica
634 889 846 940 supradicta
865 889 974 927 nobis
997 889 1036 927 in
1055 889 1123 927 hae
1141 893 1244 939 parte
1262 901 1452 935 concessa,
1471 889 1510 926 in
1529 889 1706 926 omnibus

173 947 295 986 causis
322 959 452 985 eorum
477 947 722 997 praesentibus
745 951 782 984 et
805 947 941 984 tuturis
966 947 1076 984 motis
1109 951 1145 984 et
1167 946 1359 984 movendis
1384 946 1432 984 ab
1459 946 1548 996 ipsis
1573 951 1700 983 eontra

172 1005 359 1057 quoslibet
377 1009 442 1043 aut
457 1018 476 1044 a
494 1005 784 1056 quibuscunque
802 1009 929 1042 eontra
948 1017 1028 1050 eos,
1053 1018 1178 1042 eoram
1203 1005 1494 1055 quibuscunque
1507 1004 1700 1054 judicibus

172 1063 427 1103 ecclesiasticis
446 1063 502 1100 vel
524 1063 741 1109 mundanis,
767 1063 1027 1114 cujuscunque
1055 1063 1276 1101 eminentiae
1306 1063 1448 1100 suerint
1472 1062 1550 1100 sive
1571 1067 1704 1108 status,

173 1121 300 1158 dantes
318 1121 456 1158 eisdem
471 1122 774 1172 procuratoribus
791 1122 926 1159 nostris
945 1127 980 1158 et
997 1135 1125 1159 eorum
1144 1122 1300 1172 singulis
1311 1121 1350 1158 in
1365 1121 1526 1158 solidum
1540 1134 1585 1158 ex
1599 1127 1702 1171 parte

174 1179 286 1219 totius
299 1180 414 1218 nostri
429 1180 572 1218 ordinis
586 1180 802 1218 auctoritate
814 1180 1015 1230 apostoliea
1030 1180 1241 1230 supradicta
1261 1184 1476 1230 potestatem
1494 1183 1530 1217 et
1547 1179 1705 1229 speciale

176 1237 391 1276 mandatum
408 1237 539 1288 agendi
559 1238 709 1275 nomine
726 1238 840 1275 nostri
865 1237 1008 1275 ordinis
1036 1242 1146 1287 atque
1168 1242 1294 1275 nostro
1314 1250 1383 1288 pro
1402 1237 1491 1287 ipsis
1513 1237 1645 1274 abbate
1669 1242 1705 1274 et

176 1299 360 1335 conventu
379 1295 425 1332 de
440 1295 587 1333 Thosan
609 1296 807 1346 praedietis
819 1325 829 1342 ,
848 1295 1022 1346 ipsosque
1039 1295 1263 1333 defendendi
1275 1324 1284 1341 a
1299 1295 1451 1343 jurandi
1473 1295 1512 1331 in
1530 1295 1706 1333 omnibus

175 1367 303 1393 eorum
323 1354 442 1392 causis
455 1358 491 1391 et
504 1355 672 1404 negotiis,
685 1355 910 1405 appellandi,
925 1355 1210 1405 appellationem
1225 1353 1486 1404 prosequendi,
1501 1357 1538 1390 et
1551 1353 1706 1403 quibus·

175 1426 324 1464 cunque
353 1413 678 1464 provocationibus
709 1425 775 1450 seu
805 1412 1118 1463 appellationibus
1144 1412 1373 1462 interpositis
1405 1411 1480 1448 sive
1509 1412 1612 1448 factis
1642 1417 1706 1449 aut

174 1471 454 1522 interponendis
470 1485 535 1509 seu
553 1471 731 1509 faciendis
751 1472 976 1514 adhaerendi
999 1485 1066 1522 pro
1089 1471 1159 1517 eis,
1182 1476 1219 1508 et
1239 1471 1363 1508 omnia
1389 1470 1545 1507 faciendi
1572 1484 1667 1520 quae
1685 1484 1705 1507 a

173 1530 271 1568 veris
299 1534 336 1568 et
360 1529 533 1580 legitimis
560 1530 864 1580 procuratoribus
896 1529 974 1567 fieri
1006 1534 1180 1580 possunt,
1202 1533 1405 1580 potuerunt
1434 1533 1470 1565 et
1499 1528 1706 1574 debebunt,

173 1588 314 1626 etiamsi
330 1588 546 1626 mandatum
561 1589 753 1639 requirant
770 1594 834 1625 aut
847 1588 1084 1639 requisierint
1096 1588 1271 1639 speciale,
1290 1593 1325 1624 et
1344 1592 1384 1624 ut
1403 1587 1516 1624 alium
1536 1587 1592 1623 vel
1614 1587 1707 1624 alios

174 1651 430 1696 procuratores
448 1646 536 1683 loeo
562 1646 618 1683 sui
639 1647 866 1684 substituant
883 1647 921 1683 in
944 1646 1155 1697 praemissis
1174 1645 1350 1682 omnibus
1370 1650 1406 1682 et
1432 1645 1588 1695 singulis
1610 1650 1646 1682 et
1662 1658 1704 1682 ea

174 1703 491 1754 contingentibus,
517 1709 553 1740 et
578 1704 775 1742 revocandi
798 1704 1098 1742 substitutionem
1121 1704 1287 1741 eamdem
1310 1703 1483 1754 quotiens
1504 1703 1574 1740 sibi
1599 1703 1705 1740 vide-

173 1761 276 1799 bitur
292 1761 466 1812 expedire
485 1777 492 1798 :
513 1767 633 1799 ratum
656 1762 818 1800 habituri
844 1768 880 1800 et
907 1763 1057 1799 firmum
1084 1762 1266 1812 quicquid
1287 1775 1354 1812 per
1377 1761 1495 1798 dictos
1523 1773 1704 1811 procura·—

174 1825 269 1859 tores
299 1825 363 1857 aut
392 1832 520 1857 eorum
547 1820 752 1870 quemlibet
784 1821 840 1858 vel
869 1820 1111 1858 substitutum
1140 1824 1204 1856 aut
1232 1819 1452 1856 substitutos
1484 1819 1531 1856 ab
1560 1819 1612 1856 eis
1643 1819 1699 1855 vel

173 1890 302 1916 eorum
320 1878 507 1929 quolibet,
527 1879 566 1916 in
582 1879 794 1930 praemissis
812 1879 987 1917 omnibus
1006 1884 1042 1916 et
1057 1878 1233 1928 singulis,
1252 1884 1376 1915 actum
1390 1878 1580 1914 dictumve
1593 1878 1704 1914 fuerit

173 1940 236 1975 aut
257 1936 366 1974 etiam
388 1942 639 1988 procuratum.
662 1937 703 1974 ln
725 1937 831 1987 eujus
851 1937 922 1984 rei,
941 1942 1007 1975 etc.
1028 1938 1100 1975 Nos
1119 1938 1230 1975 etiam
1248 1937 1363 1974 abbas
1384 1941 1420 1973 et
1437 1941 1640 1972 conventus
1657 1936 1703 1972 de

172 1993 319 2033 'rhosan
338 1994 517 2045 praedicti
536 1995 574 2032 in
593 1996 846 2033 testimonium
864 1995 980 2033 nostri
999 2009 1168 2033 assensus
1185 1995 1359 2041 adhibiti,
1378 1999 1490 2045 prout
1508 1994 1703 2044 requirunt

170 2052 311 2091 litterae
339 2053 562 2103 apostolieae
592 2054 843 2105 supradictae,
875 2054 940 2091 has
973 2054 1110 2091 litteras
1140 2067 1215 2092 una
1246 2066 1331 2090 eum
1362 2052 1564 2098 reverendo
1600 2056 1703 2102 patre

173 2116 300 2150 nostro
315 2112 469 2151 domino
480 2142 487 2150 .
503 2142 510 2150 .
529 2142 536 2150 .
553 2142 560 2150 .
579 2114 780 2152 venerabili
795 2113 1054 2151 Claravallensi
1069 2113 1202 2151 abbate
1221 2113 1386 2163 praefato
1403 2111 1580 2150 duximus
1598 2111 1703 2162 sigil-

173 2170 311 2207 landas·
329 2170 467 2209 Datum
482 2183 581 2209 anno
598 2176 635 2209 et
650 2171 711 2208 die
729 2171 900 2222 proximo
918 2171 1150 2221 supradietis.

920 2314 1001 2322 η..-
