2184 3074
747 225 910 263 CODEX
936 224 1180 263 DUNENSIS.
1660 228 1732 265 5¹9

190 343 328 395 poterit
339 356 418 380 esse
435 342 639 393 praesentia
655 341 912 393 multipliciter
926 342 1132 388 fructuosa,
1150 341 1338 379 devotioni
1359 355 1463 388 suae,
1480 356 1564 379 cuin
1581 349 1732 394 propter

190 402 262 440 hoc
283 403 436 453 grandia
457 403 579 454 ipsum
598 402 725 440 subire
743 407 912 453 oporteat
929 415 1040 439 onera
1060 415 1326 452 expensarum,
1352 402 1534 440 decimam
1560 403 1728 440 omnium

189 461 522 498 ecclesiasticorum
542 465 791 511 proventuum
814 459 1030 510 hujusmodi
1049 460 1219 498 subsidio
1233 460 1446 511 deputatam
1467 461 1505 498 in
1524 461 1672 498 civitate
1688 475 1729 497 ac

186 518 335 568 dyocesi
363 518 640 564 Cameracensi,
666 518 704 555 in
738 518 811 555 illis
839 518 1012 555 videlicet
1038 518 1203 569 ipsarum
1225 518 1416 556 civitatum
1451 525 1488 556 et
1509 519 1725 570 dyocesium

189 579 358 630 partibus
387 592 483 630 quae
513 583 602 616 sunt
632 583 733 616 extra
762 591 917 629 regnum
951 579 1126 616 Franciae
1152 579 1388 623 constitutae,
1416 592 1459 616 ac
1485 579 1523 616 in
1550 579 1726 616 omnibus

188 637 294 674 terris
311 637 358 674 de
376 650 490 687 regno
505 637 586 687 ipso
602 649 676 674 non
692 636 950 683 existentibus,
964 650 1058 687 quas
1073 637 1170 674 idem
1190 650 1314 674 comes
1327 642 1362 674 et
1376 637 1509 675 dilecta
1525 637 1563 674 in
1578 637 1725 675 Christo

187 695 263 733 fllia
284 696 420 733 nobilis
439 696 575 733 mulier
597 696 783 733 comitissa
804 696 1016 742 Flandriae,
1038 701 1155 733 mater
1175 696 1270 746 ejus,
1291 696 1327 733 in
1349 697 1613 740 Attrebatensi,
1631 697 1725 734 Tor-

187 754 348 799 nacensi,
364 754 559 792 Leodiensi
579 760 615 792 et
627 755 851 804 Trajectensi
870 755 1094 805 dyocesibus
1112 755 1294 796 obtinent,
1307 768 1373 806 per
1385 768 1449 792 sex
1465 768 1595 800 annos,
1611 761 1723 806 prout

188 813 309 850 extitit
323 813 440 864 ipsius
459 818 575 850 terrae
593 813 804 850 subsidium
825 814 862 850 in
877 813 1038 864 generali
1056 813 1295 863 Lugdunensi
1315 813 1476 850 concilio
1493 827 1724 859 concessum,

188 870 278 908 dum
298 871 410 909 modo
431 871 529 909 idem
549 871 686 909 nobilis
702 877 829 909 votum
845 872 979 914 crucis,
999 871 1035 908 in
1056 871 1245 922 praedicto
1261 872 1418 922 passagii
1439 872 1614 913 termino,
1629 887 1723 923 pen—

187 929 274 967 satis
292 942 380 967 suae
399 929 584 980 potentiae
597 929 756 975 viribus,
771 943 856 966 cum
873 929 1084 966 honorabili
1101 930 1320 967 bellatorum
1341 933 1509 981 equitum
1529 931 1702 968 comitiva
1715 961 1723 968 .

185 987 429 1039 personaliter
459 993 724 1038 prosequatur,
751 1002 818 1038 per
847 1001 931 1024 suas
963 987 1101 1024 litteras
1132 988 1314 1025 concessit
1338 988 1384 1025 de
1414 989 1529 1039 gratia
1561 989 1721 1040 speciali.

186 1045 312 1082 Voluit
338 1058 490 1096 quoque
518 1045 640 1083 dictus
665 1046 925 1096 praedecessor
950 1046 1060 1100 quod·
1081 1050 1247 1097 tempore
1273 1046 1533 1096 assignationis
1559 1047 1724 1085 decimae

184 1109 407 1140 memoratae
421 1103 518 1140 idem
535 1103 672 1141 nobilis
691 1117 729 1140 se
747 1103 886 1155 obliget
905 1110 940 1141 et
958 1104 1185 1141 sufficienter
1201 1110 1328 1142 caveat
1345 1105 1391 1141 ad
1409 1104 1526 1155 ipsius
1541 1105 1723 1142 Ecclesiae

181 1161 409 1199 voluntatem
435 1162 556 1212 quod,
574 1162 624 1208 si,
646 1162 749 1213 quod
772 1162 886 1207 absit,
905 1163 1097 1213 contingat
1118 1162 1287 1199 eumdem
1317 1163 1482 1199 nobilem
1507 1176 1526 1200 a
1546 1176 1722 1214 prosecu-

183 1219 284 1257 tione
309 1220 385 1266 voti
412 1233 499 1257 casu
527 1221 657 1269 mortis
689 1226 753 1259 ant
777 1221 910 1272 quovis
940 1222 1013 1258 alio
1045 1221 1210 1272 legitimo
1242 1221 1510 1271 impedimento
1541 1221 1720 1265 subduci,

182 1278 308 1316 haeres
332 1280 389 1316 vel
414 1292 605 1317 successor
631 1280 748 1330 ipsius
774 1281 1006 1331 praedictum
1033 1286 1162 1318 votum
1189 1294 1275 1317 eum
1304 1280 1520 1330 hujusmodi
1545 1281 1718 1317 comitiva

181 1337 349 1388 equitum
382 1337 602 1375 bellatorum
632 1338 670 1375 in
699 1352 854 1389 persona
885 1339 1036 1390 propria
1063 1344 1278 1389 exequatur.
1303 1339 1340 1375 Si
1376 1352 1461 1375 vero
1492 1339 1720 1389 praedictum

181 1395 375 1433 haeredem
394 1397 451 1433 vel
471 1410 720 1435 successorem
740 1398 787 1435 ab
807 1398 1023 1448 hujusmodi
1050 1399 1268 1435 ex‘ecutione
1286 1399 1361 1435 voti
1381 1412 1610 1449 quocunque
1632 1412 1718 1435 casu

179 1455 235 1492 vel
251 1455 370 1492 modo
379 1456 515 1492 retrahi
532 1457 588 1494 vel
604 1470 746 1494 cessare
759 1458 967 1508 contigerit,
977 1458 1163 1508 praedicta
1182 1458 1324 1494 decima
1340 1458 1480 1508 integre
1493 1458 1538 1494 ad
1554 1458 1717 1495 eamdem

182 1513 385 1551 Romanam
413 1515 604 1552 ecclesiam
631 1521 848 1563 revertatur,
877 1517 1051 1568 idemque
1078 1517 1215 1555 nobilis
1236 1531 1277 1554 ac
1298 1517 1424 1554 haeres
1449 1518 1503 1554 vel
1531 1530 1720 1555 successor

179 1572 332 1623 praefati
352 1572 389 1609 id
408 1573 511 1623 quod
538 1574 584 1610 de
609 1574 797 1624 praedicta
816 1575 959 1611 decima
988 1576 1112 1612 forsan
1137 1581 1200 1612 aut
1226 1575 1391 1624 ejusdem
1411 1575 1548 1612 nobilis
1568 1576 1718 1613 nomine

179 1635 396 1682 perceptum
417 1631 530 1668 fuisse
544 1632 752 1683 contigerit.
763 1633 882 1670 eidem
899 1634 1083 1671 Ecclesiae
1098 1635 1286 1672 Romanae
1299 1634 1418 1684 dictae
1434 1639 1550 1671 terrae
1567 1635 1717 1672 nomin(-

179 1690 332 1728 reddere
362 1696 556 1728 teneantur
581 1692 627 1729 ad
654 1693 890 1742 Apostolicae
921 1694 1026 1731 Sedis
1061 1695 1257 1732 arbitrium
1285 1694 1322 1732 in
1350 1700 1467 1732 terrae
1495 1694 1719 1744 praelibatae

178 1749 387 1799 subsidium
406 1750 709 1788 convertendum.

225 1807 416 1858 Expressit
440 1809 549 1846 etiam
574 1810 760 1859 praefatus
779 1810 1040 1861 praedecessor
1066 1811 1167 1862 quod
1191 1825 1256 1861 per
1279 1811 1553 1848 concessionem
1583 1811 1714 1860 liujus-

179 1866 279 1903 modi
300 1866 458 1916 gratiose
476 1867 576 1904 dicto
593 1869 719 1906 comiti
739 1870 872 1906 factam
892 1870 939 1906 ab
959 1869 1040 1920 ipso
1062 1870 1098 1906 in
1122 1871 1284 1906 savorem
1307 1874 1343 1906 et
1363 1870 1575 1907 subsidium
1597 1870 1716 1906 (lictae

179 1928 294 1961 terrae
320 1938 394 1961 non
418 1926 633 1964 intendebat
657 1940 695 1964 se
717 1928 774 1964 vel
798 1941 982 1965 cameram
1007 1942 1112 1965 suam
1135 1934 1199 1965 aut
1221 1929 1425 1966 Romanam
1448 1928 1663 1971 Ecclesiam,
1683 1928 1712 1965 si

176 1983 344 2020 eumdem
372 1985 544 2022 comitem
572 1986 787 2035 hujusmodi
821 1986 1002 2024 decimam
1032 2000 1262 2037 quoeunque
1291 2000 1377 2023 casu
1410 1987 1465 2022 vel
1499 1986 1610 2022 modo
1639 2000 1711 2023 non

177 2041 313 2078 habere
330 2042 539 2093 contigerit,
559 2045 793 2094 aliquatenus
816 2045 997 2095 obligare,
1017 2059 1058 2082 ae
1081 2045 1348 2082 nichilominus
1367 2045 1565 2081 reservavit
1583 2045 1653 2081 sibi
1674 2050 1712 2082 ut

177 2100 318 2150 absque
335 2101 493 2150 alicujus
511 2103 724 2141 variationis
750 2109 835 2140 nota
859 2104 905 2141 de
928 2104 1114 2155 praedicta
1138 2104 1280 2141 decima
1306 2109 1427 2154 posset
1445 2109 1530 2140 ante
1547 2104 1713 2153 assigna-

177 2159 314 2196 tionem
342 2159 459 2209 ipsius
485 2160 649 2198 decimae
675 2162 924 2200 inchoandam
948 2163 1053 2200 aliter
1075 2163 1265 2204 ordinare.¹
1287 2162 1315 2199 si
1344 2162 1497 2199 forsitan
1519 2175 1563 2198 ex
1587 2162 1710 2212 aliqua

176 2231 285 2255 causa
303 2231 415 2268 quam
437 2224 581 2268 putaret
595 2222 838 2258 necessariam
858 2222 1006 2259 utilitati
1027 2222 1192 2271 ejusdem
1213 2222 1347 2258 Terrae
1365 2222 1518 2258 Sanctae
1539 2221 1712 2271 expedire

176 2276 332 2322 videret,
352 2277 436 2314 licet
454 2291 541 2315 suae
559 2278 776 2317 intentionis
798 2281 970 2317 existeret
994 2285 1034 2317 ut
1057 2281 1154 2317 idem
1180 2294 1322 2325 comcs,
1343 2279 1556 2328 hujusmodi
1586 2293 1711 2327 neees-

178 2335 282 2373 sitate
310 2340 491 2382 cessante,
521 2343 779 2388 assequeretur
803 2339 984 2376 decimam
1015 2339 1278 2389 supradictam.
1306 2339 1467 2376 Demuin
1496 2351 1582 2375 vero
1613 2338 1709 2375 idem
