2184 3074
417 295 492 331 '270
970 291 1131 331 CODEX
1158 293 1224 331 DU
1227 293 1258 330 N
1261 293 1405 331 ENSIS,

1093 463 1236 502 chx!
1242 464 1281 503 V.

417 586 572 623 Incerda'!
587 585 770 634 prononce'
786 589 908 625 concy-‚e
927 583 958 619 le
975 589 1086 620 comte
1105 583 1148 620 de
1161 583 1196 620 F
1196 583 1330 621 landre
1343 586 1411 635 qui
1426 585 1588 635 s'oppose
1605 586 1629 623 ἀ
1646 586 1684 623 la
1691 588 1797 636 prise
1814 587 1858 624 de
1866 600 1956 637 pos-

576 645 713 680 session
731 643 774 679 de
793 642 830 679 Ia
844 643 992 691 pre'vdte'
1008 641 1051 678 de
1067 641 1321 679 saint-Donat
1331 655 1409 692 par
1426 644 1526 681 Le'on
1545 644 1589 682 de
1605 645 1761 696 Fiesque
1777 649 1796 682 ¹.

466 839 613 876 Edisius
628 837 849 883 Marotellusff
861 837 1062 874 canonicus
1073 837 1359 884 Cameracensis,
1369 843 1546 876 executor
1560 853 1634 877 una
1648 853 1734 877 cum
1749 841 1953 878 reverendo

419 900 454 935 in
475 898 621 934 Christo
640 901 743 947 patre
769 895 923 932 domino
943 895 999 940 G.²
1017 895 1084 932 Dei
1111 895 1227 946 gratia
1255 895 1451 933 Sabinensi
1480 898 1656 949 episcopo
1682 912 1725 936 ac
1748 898 1952 936 venerabili

408 959 493 995 'viro
515 957 668 994 domino
687 955 887 1000 Grimerio„
907 954 1136 991 thesaurario
1156 955 1364 1002 Baiocensi‚
1383 969 1496 1006 super
1512 957 1630 1008 gratia
1649 970 1714 995 seu
1737 958 1953 1008 provisione

416 1017 617 1055 venerabili
637 1016 716 1052 viro
729 1015 883 1051 domino
904 1014 1097 1051 Leonardo
1113 1014 1159 1051 de
1176 1015 1298 1052 Flisco
1318 1016 1411 1052 faeta
1436 1017 1654 1055 auctoritate
1677 1017 1879 1068 apostolica
1907 1018 1953 1055 de

416 1075 669 1128 praepositura
690 1073 890 1123 Brugensis
908 1073 1096 1119 ecclesiae,
1124 1073 1368 1110 'romanensis
1391 1074 1577 1124 dyocesis,
1598 1080 1634 1112 et
1656 1075 1735 1125 ejus
1749 1076 1901 1125 juribus
1918 1081 1954 1113 et
1998 1098 2000 1101 ·

417 1133 649 1187 pertinentiis
667 1146 685 1169 a
707 1132 800 1170 Sede
818 1131 1030 1182 Apostolica
1049 1131 1266 1181 deputatus7
1282 1145 1368 1168 cum
1388 1133 1553 1170 clausula
1566 1135 1669 1184 quod
1685 1133 1715 1171 si
1731 1147 1807 1171 non
1822 1147 1953 1172 omnes

415 1200 482 1232 eto.
502 1193 690 1232 Universis
710 1197 745 1228 et
764 1191 920 1242 singulis
947 1191 1161 1237 abbatibus,
1181 1191 1346 1237 decanis7
1366 1187 1603 1243 praepositis,
1633 1193 1822 1244 capitulis,
1850 1193 1954 1243 prio—

416 1255 530 1298 ribus,
546 1251 771 1303 presbiteris,
785 1250 921 1287 curatis
935 1255 970 1286 et
984 1250 1183 1300 capellanis
1198 1263 1238 1286 ac
1253 1250 1334 1287 aliis
1349 1251 1640 1302 quibuscunque
1654 1252 1821 1302 personis
1835 1252 1966 1288 eccle--

415 1310 590 1356 siaslicis,
621 1309 802 1359 religiosis
833 1313 897 1345 aut
927 1308 1173 1354 secularibus,
1202 1322 1268 1358 per
1294 1314 1427 1346 terram
1459 1309 1613 1347 illustris
1640 1310 1710 1346 viri
1737 1309 1879 1347 domini
1908 1309 1951 1346 G.

415 1369 560 1406 comitis
586 1368 782 1405 Flandriae
808 1372 844 1404 et
868 1367 947 1417 ejus
969 1367 1220 1417 jurisdictioni
1255 1368 1459 1418 subjectam
1494 1369 1703 1406 constitutis
1731 1369 1886 1406 salutem
1919 1373 1954 1405 et

417 1428 599 1466 mandatis
618 1427 830 1478 apostolicis
851 1426 1008 1463 firmiter
1025 1426 1189 1463 obedire.

465 1489 558 1524 Cum
590 1485 844 1523 sanctissimus
873 1491 978 1535 pater
1005 1485 1181 1522 dominus
1206 1485 1421 1522 Bonifacius
1447 1485 1575 1522 divina
1599 1485 1833 1536 providentia
1858 1499 1953 1537 papa

417 1547 536 1583 Vlll¹'*.
555 1545 748 1589 attendens
773 1544 928 1595 grandia
955 1543 1151 1594 probitatis
1179 1545 1308 1581 merita
1334 1544 1473 1595 quibus
1500 1544 1621 1581 dictus
1646 1545 1869 1582 venerabilis
1896 1545 1954 1582 vir

415 1606 590 1642 (lominus
618 1604 780 1641 Leonius
808 1603 854 1640 de
880 1603 1021 1646 Flisco„
1049 1602 1250 1653 Brugensis
1280 1603 1530 1653 praepositus,
1560 1603 1700 1653 pollere
1729 1603 1952 1650 dinoscitur,

416 1665 709 1715 praeposituram
727 1662 929 1713 Brugensis
947 1662 1136 1708 ecclesiae,
1154 1662 1396 1699 'fornacensis
1413 1662 1598 1712 dyocesis7
1617 1662 1738 1699 eidem
1756 1658 1962 1699 contulerit·

415 1729 525 1773 alque
544 1722 614 1759 sibi
634 1721 854 1772 providerit,
875 1721 998 1771 ipsum
1018 1721 1218 1758 investiens
1232 1721 1277 1757 de
1291 1721 1419 1757 eadem
1434 1733 1508 1757 una
1523 1733 1609 1763 cum
1622 1720 1789 1770 ejusdem
1802 1721 1953 1770 juribus

415 1782 503 1828 suis,
521 1780 752 1832 pertinentiis
766 1779 967 1826 universis,
982 1792 1023 1816 ac
1037 1779 1241 1816 reverendo
1257 1779 1295 1815 in
1310 1779 1457 1816 Christo
1476 1778 1570 1829 patri
1588 1778 1746 1816 domino*
1757 1778 1952 1816 Sabinensi

414 1841 589 1892 episcopo
615 1843 651 1876 et
676 1838 906 1876 thesaurario
927 1838 1119 1874 Baiocensi
1145 1837 1343 1888 praedictis
1369 1842 1404 1874 et
1430 1837 1538 1874 nobis
1561 1837 1637 1874 suis
1660 1837 1804 1874 dederit
1822 1837 1952 1874 litteris

416 1901 451 1936 in
482 1899 698 1935 mandatum
724 1901 766 1934 ut
793 1910 860 1933 nos
884 1901 948 1933 aut
973 1897 1049 1933 duo
1075 1897 1133 1932 vel
1162 1910 1260 1934 unus
1286 1901 1454 1933 nostrum
1482 1909 1549 1946 per
1573 1909 1640 1933 nos
1666 1900 1730 1932 aut
1754 1895 1868 1932 alium
1887 1908 1952 1932 seu

416 1959 529 1995 alium
548 1957 753 2008 praefatum
772 1956 969 1992 dominum
991 1955 1170 1992 Leonium
1190 1955 1246 1991 vel
1267 1959 1544 2005 procuratorem
1566 1954 1683 2005 ipsius
1701 1953 1781 2004 ejus
1803 1954 1954 1991 nomine

417 2018 453 2054 in
473 2016 702 2066 corporalem
722 2015 992 2065 possessionem
1011 2013 1176 2063 ejusdem
1197 2014 1475 2064 praepositurae
1492 2013 1692 2064 Brugensis
1708 2026 1750 2050 ae
1760 2012 1904 2062 jurium
1917 2016 1954 2049 et

418 2075 724 2126 pertinentiarum
743 2072 910 2122 ejusdem
930 2072 1191 2108 induceremus
1210 2071 1428 2108 auctoritate
1452 2071 1652 2122 apostolica
1679 2075 1715 2107 et
1735 2071 1954 2108 defendere—

418 2147 499 2170 mus
519 2133 731 2178 inductum7
751 2135 874 2168 amoto
897 2130 1032 2167 exinde
1049 2130 1220 2181 quolibet
1237 2130 1443 2178 detentore7
1465 2131 1665 2181 ipsumque
1687 2129 1953 2166 nichilominus

415 2193 472 2229 vel
492 2195 769 2242 procuratorem
787 2203 896 2227 suum
917 2202 984 2240 pro
1005 2201 1048 2226 eo
1067 2193 1103 2225 et
1120 2188 1198 2238 ejus
1214 2189 1365 2225 nomine
1382 2189 1585 2226 faceremus
1601 2188 1647 2225 ad
1661 2187 1829 2225 eamdem
1845 2201 1952 2238 prae-

417 2246 620 2300 posituram
646 2254 682 2286 et
705 2249 743 2286 in
769 2248 943 2286 ecclesiae
969 2248 1170 2298 Brugensis
1193 2247 1465 2298 praepositum,
1485 2251 1597 2298 prout
1616 2247 1729 2284 moris
1748 2251 1819 2293 est,
1838 2247 1951 2297 recipi

457 2369 465 2382 ¹
479 2368 510 2393 Je
521 2368 603 2394 serais
615 2367 720 2403 dispose
731 2366 746 2394 a
757 2369 843 2394 croire
854 2368 919 2403 qu'il
931 2376 947 2401 y
959 2376 973 2394 a
985 2376 1079 2394 erreur
1089 2368 1156 2394 dans
1208 2369 1254 2402 qui
1269 2368 1309 2393 sut
1322 2366 1409 2394 arrele
1423 2376 1486 2394 avec
1504 2367 1628 2394 Bonisace
1639 2366 1701 2394 vlu
1718 2374 1767 2401 par
1782 2366 1887 2392 Sciat-ra
1901 2367 1951 2392 Co-

417 2415 441 2440 le
456 2414 566 2449 preuoiu
578 2418 603 2440 et
616 2414 680 2448 qu'il
691 2414 766 2448 s'agit
778 2414 812 2440 ici
823 2414 859 2440 du
871 2414 990 2440 cardinal
1001 2415 1034 2440 de
1047 2415 1158 2450 Ficsque
1210 2415 1289 2441 Iouna
1304 2413 1318 2440 ἐι
1331 2414 1445 2449 Anagni.
