<?xml version="1.0" encoding="UTF-8"?>
<!DOCTYPE html PUBLIC "-//W3C//DTD XHTML 1.0 Transitional//EN"
    "http://www.w3.org/TR/xhtml1/DTD/xhtml1-transitional.dtd">
<html xmlns="http://www.w3.org/1999/xhtml" xml:lang="en" lang="en">
 <head>
  <title>
</title>
<meta http-equiv="Content-Type" content="text/html;charset=utf-8" />
  <meta name='ocr-system' content='tesseract 3.04.00' />
  <meta name='ocr-capabilities' content='ocr_page ocr_carea ocr_par ocr_line ocrx_word'/>
</head>
<body>
  <div class='ocr_page' id='page_1' title='image "./codexdunensissiv00kervuoft/codexdunensissiv00kervuoft_0509.png"; bbox 0 0 2184 3074; ppageno 0'>
   <div class='ocr_carea' id='block_1_1' title="bbox 701 333 1714 375">
    <p class='ocr_par' dir='ltr' id='par_1_1' title="bbox 701 333 1714 375">
     <span class='ocr_line' id='line_1_1' title="bbox 701 333 1714 375; baseline 0.004 -4"><span class='ocrx_word' id='word_1_1' title='bbox 701 333 861 371; x_wconf 81' lang='lat' dir='ltr'><strong>CODEX</strong></span> <span class='ocrx_word' id='word_1_2' title='bbox 888 333 1130 372; x_wconf 83' lang='lat' dir='ltr'><strong>DUNENSlS.</strong></span> <span class='ocrx_word' id='word_1_3' title='bbox 1643 337 1714 375; x_wconf 71' lang='lat'><strong>467</strong></span> 
     </span>
    </p>
   </div>
   <div class='ocr_carea' id='block_1_2' title="bbox 185 450 1713 736">
    <p class='ocr_par' dir='ltr' id='par_1_2' title="bbox 185 450 1713 736">
     <span class='ocr_line' id='line_1_2' title="bbox 187 450 1713 505; baseline -0.001 -13"><span class='ocrx_word' id='word_1_4' title='bbox 187 457 415 505; x_wconf 75' lang='lat' dir='ltr'><strong>praesumat,</strong></span> <span class='ocrx_word' id='word_1_5' title='bbox 438 453 501 490; x_wconf 84' lang='lat' dir='ltr'><strong>lite</strong></span> <span class='ocrx_word' id='word_1_6' title='bbox 523 457 559 489; x_wconf 91' lang='lat' dir='ltr'><strong>et</strong></span> <span class='ocrx_word' id='word_1_7' title='bbox 580 465 689 489; x_wconf 88' lang='lat' dir='ltr'><strong>causa</strong></span> <span class='ocrx_word' id='word_1_8' title='bbox 711 450 908 502; x_wconf 86' lang='lat' dir='ltr'><strong>praedictis</strong></span> <span class='ocrx_word' id='word_1_9' title='bbox 935 450 1183 501; x_wconf 81' lang='lat' dir='ltr'><strong>pendentibus</strong></span> <span class='ocrx_word' id='word_1_10' title='bbox 1206 463 1329 488; x_wconf 83' lang='lat' dir='ltr'><strong>eoram</strong></span> <span class='ocrx_word' id='word_1_11' title='bbox 1361 452 1485 497; x_wconf 37' lang='lat' dir='ltr'><strong>nobisf</strong></span> <span class='ocrx_word' id='word_1_12' title='bbox 1515 465 1581 489; x_wconf 88' lang='lat' dir='ltr'><strong>nee</strong></span> <span class='ocrx_word' id='word_1_13' title='bbox 1605 453 1713 503; x_wconf 84' lang='lat' dir='ltr'><strong>quic—</strong></span> 
     </span>
     <span class='ocr_line' id='line_1_3' title="bbox 185 508 1712 563; baseline -0.001 -14"><span class='ocrx_word' id='word_1_14' title='bbox 185 525 299 563; x_wconf 84' lang='lat' dir='ltr'><strong>quam</strong></span> <span class='ocrx_word' id='word_1_15' title='bbox 326 511 450 558; x_wconf 70' lang='lat' dir='ltr'><strong>saciat,</strong></span> <span class='ocrx_word' id='word_1_16' title='bbox 479 523 546 548; x_wconf 87' lang='lat' dir='ltr'><strong>nee</strong></span> <span class='ocrx_word' id='word_1_17' title='bbox 572 509 609 547; x_wconf 92' lang='lat' dir='ltr'><strong>in</strong></span> <span class='ocrx_word' id='word_1_18' title='bbox 640 509 918 560; x_wconf 83' lang='lat' dir='ltr'><strong>aliquocunque</strong></span> <span class='ocrx_word' id='word_1_19' title='bbox 943 508 1119 560; x_wconf 86' lang='lat' dir='ltr'><strong>procedat</strong></span> <span class='ocrx_word' id='word_1_20' title='bbox 1143 509 1245 560; x_wconf 88' lang='lat' dir='ltr'><strong>quod</strong></span> <span class='ocrx_word' id='word_1_21' title='bbox 1272 509 1320 548; x_wconf 77' lang='lat' dir='ltr'><strong>sit</strong></span> <span class='ocrx_word' id='word_1_22' title='bbox 1344 515 1408 547; x_wconf 89' lang='lat' dir='ltr'><strong>aut</strong></span> <span class='ocrx_word' id='word_1_23' title='bbox 1432 523 1510 548; x_wconf 84' lang='lat' dir='ltr'><strong>esse</strong></span> <span class='ocrx_word' id='word_1_24' title='bbox 1536 511 1650 561; x_wconf 77' lang='lat' dir='ltr'>possit</span> <span class='ocrx_word' id='word_1_25' title='bbox 1675 511 1712 548; x_wconf 85' lang='lat' dir='ltr'><strong>in</strong></span> 
     </span>
     <span class='ocr_line' id='line_1_4' title="bbox 186 567 1713 621; baseline 0 -14"><span class='ocrx_word' id='word_1_26' title='bbox 186 569 457 621; x_wconf 83' lang='lat' dir='ltr'><strong>praejudicium</strong></span> <span class='ocrx_word' id='word_1_27' title='bbox 473 574 537 606; x_wconf 87' lang='lat' dir='ltr'><strong>aut</strong></span> <span class='ocrx_word' id='word_1_28' title='bbox 548 572 802 619; x_wconf 86' lang='lat' dir='ltr'><strong>contemptum</strong></span> <span class='ocrx_word' id='word_1_29' title='bbox 818 572 963 606; x_wconf 85' lang='lat' dir='ltr'><strong>nostrae</strong></span> <span class='ocrx_word' id='word_1_30' title='bbox 973 567 1243 618; x_wconf 87' lang='lat' dir='ltr'><strong>jurisdictionis</strong></span> <span class='ocrx_word' id='word_1_31' title='bbox 1257 573 1293 605; x_wconf 88' lang='lat' dir='ltr'><strong>et</strong></span> <span class='ocrx_word' id='word_1_32' title='bbox 1307 569 1426 606; x_wconf 73' lang='lat' dir='ltr'><strong>dietae</strong></span> <span class='ocrx_word' id='word_1_33' title='bbox 1443 583 1574 607; x_wconf 86' lang='lat' dir='ltr'><strong>causae</strong></span> <span class='ocrx_word' id='word_1_34' title='bbox 1586 570 1713 621; x_wconf 87' lang='lat' dir='ltr'><strong>damp-</strong></span> 
     </span>
     <span class='ocr_line' id='line_1_5' title="bbox 186 626 1712 678; baseline -0.001 -12"><span class='ocrx_word' id='word_1_35' title='bbox 186 641 276 666; x_wconf 86' lang='lat' dir='ltr'><strong>num</strong></span> <span class='ocrx_word' id='word_1_36' title='bbox 295 641 359 666; x_wconf 84' lang='lat' dir='ltr'><strong>seu</strong></span> <span class='ocrx_word' id='word_1_37' title='bbox 376 640 591 678; x_wconf 79' lang='lat' dir='ltr'><strong>gravamen,</strong></span> <span class='ocrx_word' id='word_1_38' title='bbox 609 631 661 673; x_wconf 87' lang='lat' dir='ltr'><strong>et,</strong></span> <span class='ocrx_word' id='word_1_39' title='bbox 679 626 708 664; x_wconf 90' lang='lat' dir='ltr'><strong>si</strong></span> <span class='ocrx_word' id='word_1_40' title='bbox 728 626 766 663; x_wconf 89' lang='lat' dir='ltr'><strong>in</strong></span> <span class='ocrx_word' id='word_1_41' title='bbox 784 626 911 677; x_wconf 88' lang='lat' dir='ltr'><strong>aliquo</strong></span> <span class='ocrx_word' id='word_1_42' title='bbox 930 626 1165 677; x_wconf 75' lang='lat' dir='ltr'><strong>processerit,</strong></span> <span class='ocrx_word' id='word_1_43' title='bbox 1180 626 1281 677; x_wconf 86' lang='lat' dir='ltr'><strong>quod</strong></span> <span class='ocrx_word' id='word_1_44' title='bbox 1296 626 1343 663; x_wconf 90' lang='lat' dir='ltr'><strong>de</strong></span> <span class='ocrx_word' id='word_1_45' title='bbox 1359 628 1595 678; x_wconf 86' lang='lat' dir='ltr'><strong>procedendo</strong></span> <span class='ocrx_word' id='word_1_46' title='bbox 1615 629 1712 665; x_wconf 80' lang='lat' dir='ltr'><strong>ulte-</strong></span> 
     </span>
     <span class='ocr_line' id='line_1_6' title="bbox 186 685 1059 736; baseline -0.003 -11"><span class='ocrx_word' id='word_1_47' title='bbox 186 688 263 725; x_wconf 85' lang='lat' dir='ltr'><strong>rius</strong></span> <span class='ocrx_word' id='word_1_48' title='bbox 279 687 440 725; x_wconf 82' lang='lat' dir='ltr'><strong>totaliter</strong></span> <span class='ocrx_word' id='word_1_49' title='bbox 456 686 616 723; x_wconf 75' lang='lat' dir='ltr'><strong>desistat.</strong></span> <span class='ocrx_word' id='word_1_50' title='bbox 638 685 687 722; x_wconf 88' lang='lat' dir='ltr'><strong>lta</strong></span> <span class='ocrx_word' id='word_1_51' title='bbox 706 685 807 736; x_wconf 88' lang='lat' dir='ltr'><strong>quod</strong></span> <span class='ocrx_word' id='word_1_52' title='bbox 828 685 865 722; x_wconf 90' lang='lat' dir='ltr'><strong>in</strong></span> <span class='ocrx_word' id='word_1_53' title='bbox 885 685 975 731; x_wconf 77' lang='lat' dir='ltr'><strong>hiis,</strong></span> <span class='ocrx_word' id='word_1_54' title='bbox 992 690 1059 723; x_wconf 88' lang='lat' dir='ltr'><strong>ete.</strong></span> 
     </span>
    </p>
   </div>
   <div class='ocr_carea' id='block_1_3' title="bbox 904 811 993 822">
    <p class='ocr_par' dir='ltr' id='par_1_3' title="bbox 904 811 993 822">
     <span class='ocr_line' id='line_1_7' title="bbox 904 811 993 822; baseline 0.011 -1"><span class='ocrx_word' id='word_1_55' title='bbox 904 811 993 822; x_wconf 50' lang='lat'><strong>&#39;0‘-</strong></span> 
     </span>
    </p>
   </div>
   <div class='ocr_carea' id='block_1_4' title="bbox 856 951 1054 990">
    <p class='ocr_par' dir='ltr' id='par_1_4' title="bbox 856 951 1054 990">
     <span class='ocr_line' id='line_1_8' title="bbox 856 951 1054 990; baseline -0.005 -2"><span class='ocrx_word' id='word_1_56' title='bbox 856 951 1054 990; x_wconf 82' lang='lat' dir='ltr'><strong>cccxxn.</strong></span> 
     </span>
    </p>
   </div>
   <div class='ocr_carea' id='block_1_5' title="bbox 216 1068 1686 1120">
    <p class='ocr_par' dir='ltr' id='par_1_5' title="bbox 216 1068 1686 1120">
     <span class='ocr_line' id='line_1_9' title="bbox 216 1068 1686 1120; baseline -0.001 -14"><span class='ocrx_word' id='word_1_57' title='bbox 216 1069 333 1107; x_wconf 71' lang='lat' dir='ltr'><strong>Len-re</strong></span> <span class='ocrx_word' id='word_1_58' title='bbox 350 1068 394 1107; x_wconf 80' lang='lat' dir='ltr'><strong>de</strong></span> <span class='ocrx_word' id='word_1_59' title='bbox 411 1068 659 1119; x_wconf 64' lang='lat' dir='ltr'><strong>l&#39;archeveque</strong></span> <span class='ocrx_word' id='word_1_60' title='bbox 676 1069 720 1106; x_wconf 82' lang='lat' dir='ltr'><strong>de</strong></span> <span class='ocrx_word' id='word_1_61' title='bbox 738 1070 857 1108; x_wconf 76' lang='lat' dir='ltr'><strong>Reims</strong></span> <span class='ocrx_word' id='word_1_62' title='bbox 872 1082 970 1119; x_wconf 81' lang='lat' dir='ltr'><strong>pom·</strong></span> <span class='ocrx_word' id='word_1_63' title='bbox 987 1069 1023 1108; x_wconf 82' lang='lat' dir='ltr'><strong>la</strong></span> <span class='ocrx_word' id='word_1_64' title='bbox 1043 1071 1197 1107; x_wconf 75' lang='grc' dir='ltr'><strong><em>νὸιυιιόη</em></strong></span> <span class='ocrx_word' id='word_1_65' title='bbox 1216 1070 1305 1107; x_wconf 80' lang='lat' dir='ltr'><strong>d’nn</strong></span> <span class='ocrx_word' id='word_1_66' title='bbox 1323 1070 1454 1108; x_wconf 75' lang='lat' dir='ltr'><strong>concile</strong></span> <span class='ocrx_word' id='word_1_67' title='bbox 1467 1070 1686 1120; x_wconf 78' lang='lat' dir='ltr'><strong>provincial.</strong></span> 
     </span>
    </p>
   </div>
   <div class='ocr_carea' id='block_1_6' title="bbox 238 1273 1709 1327">
    <p class='ocr_par' dir='ltr' id='par_1_6' title="bbox 238 1273 1709 1327">
     <span class='ocr_line' id='line_1_10' title="bbox 238 1273 1709 1327; baseline 0.002 -17"><span class='ocrx_word' id='word_1_68' title='bbox 238 1273 385 1320; x_wconf 83' lang='lat' dir='ltr'><strong>Petrus,</strong></span> <span class='ocrx_word' id='word_1_69' title='bbox 405 1275 640 1311; x_wconf 88' lang='lat' dir='ltr'><strong>miseratione</strong></span> <span class='ocrx_word' id='word_1_70' title='bbox 666 1275 792 1312; x_wconf 88' lang='lat' dir='ltr'><strong>divina</strong></span> <span class='ocrx_word' id='word_1_71' title='bbox 818 1276 1008 1313; x_wconf 88' lang='lat' dir='ltr'><strong>Remensis</strong></span> <span class='ocrx_word' id='word_1_72' title='bbox 1033 1276 1351 1327; x_wconf 72' lang='lat' dir='ltr'><strong>archiepiscopus,</strong></span> <span class='ocrx_word' id='word_1_73' title='bbox 1371 1276 1643 1314; x_wconf 83' lang='lat' dir='ltr'><strong>venerabilibus</strong></span> <span class='ocrx_word' id='word_1_74' title='bbox 1673 1276 1709 1313; x_wconf 91' lang='lat' dir='ltr'><strong>in</strong></span> 
     </span>
    </p>
   </div>
   <div class='ocr_carea' id='block_1_7' title="bbox 187 1330 1714 1503">
    <p class='ocr_par' dir='ltr' id='par_1_7' title="bbox 187 1330 1714 1503">
     <span class='ocr_line' id='line_1_11' title="bbox 189 1330 1714 1380; baseline 0.002 -12"><span class='ocrx_word' id='word_1_75' title='bbox 189 1330 336 1369; x_wconf 79' lang='lat' dir='ltr'><strong>Clu-isto</strong></span> <span class='ocrx_word' id='word_1_76' title='bbox 355 1331 531 1370; x_wconf 82' lang='lat' dir='ltr'><strong>fratribus</strong></span> <span class='ocrx_word' id='word_1_77' title='bbox 552 1362 704 1370; x_wconf 89' lang='lat'><strong>......</strong></span> <span class='ocrx_word' id='word_1_78' title='bbox 724 1333 979 1380; x_wconf 81' lang='lat' dir='ltr'><strong>Laudunensi‚</strong></span> <span class='ocrx_word' id='word_1_79' title='bbox 999 1363 1143 1372; x_wconf 92' lang='grc'><strong>......</strong></span> <span class='ocrx_word' id='word_1_80' title='bbox 1164 1334 1415 1379; x_wconf 85' lang='lat' dir='ltr'><strong>Noviomensi‚</strong></span> <span class='ocrx_word' id='word_1_81' title='bbox 1441 1363 1562 1371; x_wconf 88' lang='lat'><strong>.....</strong></span> <span class='ocrx_word' id='word_1_82' title='bbox 1584 1334 1714 1371; x_wconf 84' lang='lat' dir='ltr'><strong>Catha-</strong></span> 
     </span>
     <span class='ocr_line' id='line_1_12' title="bbox 189 1389 1712 1439; baseline 0.002 -13"><span class='ocrx_word' id='word_1_83' title='bbox 189 1389 356 1428; x_wconf 89' lang='lat' dir='ltr'><strong>launensi</strong></span> <span class='ocrx_word' id='word_1_84' title='bbox 366 1419 375 1437; x_wconf 68' lang='grc'><em>,</em></span> <span class='ocrx_word' id='word_1_85' title='bbox 399 1419 504 1428; x_wconf 92' lang='grc'><strong><em>.....</em></strong></span> <span class='ocrx_word' id='word_1_86' title='bbox 535 1391 765 1438; x_wconf 79' lang='lat' dir='ltr'><strong>Belvacensi,</strong></span> <span class='ocrx_word' id='word_1_87' title='bbox 786 1421 891 1429; x_wconf 93' lang='grc'><strong>.....</strong></span> <span class='ocrx_word' id='word_1_88' title='bbox 919 1392 1156 1430; x_wconf 82' lang='lat' dir='ltr'><strong>Ambianensi</strong></span> <span class='ocrx_word' id='word_1_89' title='bbox 1170 1422 1177 1439; x_wconf 82' lang='lat'>‚</span> <span class='ocrx_word' id='word_1_90' title='bbox 1198 1422 1300 1430; x_wconf 93' lang='grc'><strong><em>.....</em></strong></span> <span class='ocrx_word' id='word_1_91' title='bbox 1329 1393 1527 1430; x_wconf 86' lang='lat' dir='ltr'><strong>Morinensi</strong></span> <span class='ocrx_word' id='word_1_92' title='bbox 1538 1422 1712 1434; x_wconf 64' lang='grc'><em>.......</em></span> 
     </span>
     <span class='ocr_line' id='line_1_13' title="bbox 187 1448 1713 1503; baseline 0.002 -18"><span class='ocrx_word' id='word_1_93' title='bbox 187 1448 410 1487; x_wconf 71' lang='lat' dir='ltr'><strong>&#39;romanensi</strong></span> <span class='ocrx_word' id='word_1_94' title='bbox 428 1454 464 1487; x_wconf 91' lang='lat' dir='ltr'><strong>et</strong></span> <span class='ocrx_word' id='word_1_95' title='bbox 479 1479 607 1487; x_wconf 90' lang='grc'><strong>......</strong></span> <span class='ocrx_word' id='word_1_96' title='bbox 632 1450 894 1489; x_wconf 89' lang='lat' dir='ltr'><strong>Silvanectensi</strong></span> <span class='ocrx_word' id='word_1_97' title='bbox 915 1451 1040 1488; x_wconf 87' lang='lat' dir='ltr'><strong>eadem</strong></span> <span class='ocrx_word' id='word_1_98' title='bbox 1060 1452 1175 1502; x_wconf 77' lang='lat' dir='ltr'><strong>gratia</strong></span> <span class='ocrx_word' id='word_1_99' title='bbox 1200 1452 1380 1503; x_wconf 87' lang='lat' dir='ltr'><strong>episeopis</strong></span> <span class='ocrx_word' id='word_1_100' title='bbox 1409 1452 1597 1489; x_wconf 83' lang='lat' dir='ltr'><strong>Remensis</strong></span> <span class='ocrx_word' id='word_1_101' title='bbox 1626 1465 1713 1502; x_wconf 90' lang='lat' dir='ltr'><strong>pro-</strong></span> 
     </span>
    </p>
   </div>
   <div class='ocr_carea' id='block_1_8' title="bbox 187 1506 1716 2495">
    <p class='ocr_par' dir='ltr' id='par_1_8' title="bbox 187 1506 1486 1558">
     <span class='ocr_line' id='line_1_14' title="bbox 187 1506 1486 1558; baseline 0.004 -16"><span class='ocrx_word' id='word_1_102' title='bbox 187 1506 330 1543; x_wconf 86' lang='lat' dir='ltr'><strong>vinciae</strong></span> <span class='ocrx_word' id='word_1_103' title='bbox 347 1507 604 1558; x_wconf 70' lang='lat' dir='ltr'><strong>suffraganeis,</strong></span> <span class='ocrx_word' id='word_1_104' title='bbox 624 1509 778 1546; x_wconf 91' lang='lat' dir='ltr'><strong>salutem</strong></span> <span class='ocrx_word' id='word_1_105' title='bbox 800 1513 836 1546; x_wconf 90' lang='lat' dir='ltr'><strong>et</strong></span> <span class='ocrx_word' id='word_1_106' title='bbox 853 1510 1033 1547; x_wconf 79' lang='lat' dir='ltr'><strong>sinceram</strong></span> <span class='ocrx_word' id='word_1_107' title='bbox 1053 1510 1090 1546; x_wconf 92' lang='lat' dir='ltr'><strong>in</strong></span> <span class='ocrx_word' id='word_1_108' title='bbox 1109 1510 1270 1547; x_wconf 90' lang='lat' dir='ltr'><strong>Domino</strong></span> <span class='ocrx_word' id='word_1_109' title='bbox 1288 1511 1486 1548; x_wconf 85' lang='lat' dir='ltr'><strong>caritatem.</strong></span> 
     </span>
    </p>

    <p class='ocr_par' dir='ltr' id='par_1_9' title="bbox 187 1567 1716 2495">
     <span class='ocr_line' id='line_1_15' title="bbox 237 1567 1712 1620; baseline 0.001 -17"><span class='ocrx_word' id='word_1_110' title='bbox 237 1567 369 1604; x_wconf 86' lang='lat' dir='ltr'><strong>Sancta</strong></span> <span class='ocrx_word' id='word_1_111' title='bbox 387 1572 424 1604; x_wconf 89' lang='lat' dir='ltr'><strong>et</strong></span> <span class='ocrx_word' id='word_1_112' title='bbox 440 1567 620 1606; x_wconf 85' lang='lat' dir='ltr'><strong>catholica</strong></span> <span class='ocrx_word' id='word_1_113' title='bbox 639 1573 754 1606; x_wconf 89' lang='lat' dir='ltr'><strong>mater</strong></span> <span class='ocrx_word' id='word_1_114' title='bbox 771 1569 931 1606; x_wconf 80' lang='lat' dir='ltr'><strong>Ecclesia</strong></span> <span class='ocrx_word' id='word_1_115' title='bbox 951 1582 1018 1606; x_wconf 88' lang='lat' dir='ltr'><strong>suo</strong></span> <span class='ocrx_word' id='word_1_116' title='bbox 1036 1582 1172 1620; x_wconf 91' lang='lat' dir='ltr'><strong>sponso</strong></span> <span class='ocrx_word' id='word_1_117' title='bbox 1190 1570 1254 1620; x_wconf 90' lang='lat' dir='ltr'><strong>qui</strong></span> <span class='ocrx_word' id='word_1_118' title='bbox 1274 1569 1441 1607; x_wconf 90' lang='lat' dir='ltr'><strong>Christus</strong></span> <span class='ocrx_word' id='word_1_119' title='bbox 1455 1574 1525 1614; x_wconf 61' lang='lat' dir='ltr'><strong>est,</strong></span> <span class='ocrx_word' id='word_1_120' title='bbox 1542 1568 1712 1606; x_wconf 78' lang='lat' dir='ltr'><strong>ineffabi-</strong></span> 
     </span>
     <span class='ocr_line' id='line_1_16' title="bbox 189 1624 1710 1679; baseline 0.001 -19"><span class='ocrx_word' id='word_1_121' title='bbox 189 1624 232 1661; x_wconf 89' lang='lat' dir='ltr'><strong>lis</strong></span> <span class='ocrx_word' id='word_1_122' title='bbox 247 1625 382 1662; x_wconf 89' lang='lat' dir='ltr'><strong>amoris</strong></span> <span class='ocrx_word' id='word_1_123' title='bbox 395 1625 594 1664; x_wconf 84' lang='lat' dir='ltr'><strong>dulcedine</strong></span> <span class='ocrx_word' id='word_1_124' title='bbox 607 1628 789 1678; x_wconf 71' lang='lat' dir='ltr'><strong>copulata,</strong></span> <span class='ocrx_word' id='word_1_125' title='bbox 804 1628 965 1678; x_wconf 80' lang='lat' dir='ltr'><strong>suscepit</strong></span> <span class='ocrx_word' id='word_1_126' title='bbox 978 1628 1024 1665; x_wconf 85' lang='lat' dir='ltr'><strong>ab</strong></span> <span class='ocrx_word' id='word_1_127' title='bbox 1041 1629 1120 1678; x_wconf 89' lang='lat' dir='ltr'><strong>ipso</strong></span> <span class='ocrx_word' id='word_1_128' title='bbox 1136 1629 1238 1666; x_wconf 90' lang='lat' dir='ltr'><strong>dotes</strong></span> <span class='ocrx_word' id='word_1_129' title='bbox 1253 1628 1498 1679; x_wconf 87' lang='lat' dir='ltr'><strong>amplissimas</strong></span> <span class='ocrx_word' id='word_1_130' title='bbox 1512 1628 1710 1679; x_wconf 80' lang='lat' dir='ltr'><strong>gratiarum</strong></span> 
     </span>
     <span class='ocr_line' id='line_1_17' title="bbox 189 1683 1711 1736; baseline 0.001 -16"><span class='ocrx_word' id='word_1_131' title='bbox 189 1683 355 1720; x_wconf 85' lang='lat' dir='ltr'><strong>ubertate</strong></span> <span class='ocrx_word' id='word_1_132' title='bbox 374 1685 590 1731; x_wconf 76' lang='lat' dir='ltr'><strong>foecundas,</strong></span> <span class='ocrx_word' id='word_1_133' title='bbox 609 1690 644 1722; x_wconf 87' lang='lat' dir='ltr'><strong>et</strong></span> <span class='ocrx_word' id='word_1_134' title='bbox 662 1685 869 1735; x_wconf 77' lang='lat' dir='ltr'><strong>specialiter</strong></span> <span class='ocrx_word' id='word_1_135' title='bbox 884 1686 979 1723; x_wconf 86' lang='lat' dir='ltr'><strong>inter</strong></span> <span class='ocrx_word' id='word_1_136' title='bbox 991 1699 1051 1723; x_wconf 91' lang='lat' dir='ltr'><strong>eas</strong></span> <span class='ocrx_word' id='word_1_137' title='bbox 1066 1687 1286 1724; x_wconf 84' lang='lat' dir='ltr'><strong>beneficium</strong></span> <span class='ocrx_word' id='word_1_138' title='bbox 1303 1687 1492 1724; x_wconf 79' lang='lat' dir='ltr'><strong>libertatis.</strong></span> <span class='ocrx_word' id='word_1_139' title='bbox 1508 1687 1552 1724; x_wconf 85' lang='lat' dir='ltr'><strong>Et</strong></span> <span class='ocrx_word' id='word_1_140' title='bbox 1567 1699 1632 1723; x_wconf 91' lang='lat' dir='ltr'><strong>nos</strong></span> <span class='ocrx_word' id='word_1_141' title='bbox 1647 1686 1711 1736; x_wconf 91' lang='lat' dir='ltr'><strong>qui</strong></span> 
     </span>
     <span class='ocr_line' id='line_1_18' title="bbox 190 1741 1713 1796; baseline 0.002 -19"><span class='ocrx_word' id='word_1_142' title='bbox 190 1741 273 1778; x_wconf 87' lang='lat' dir='ltr'><strong>licet</strong></span> <span class='ocrx_word' id='word_1_143' title='bbox 291 1741 463 1779; x_wconf 91' lang='lat' dir='ltr'><strong>immeriti</strong></span> <span class='ocrx_word' id='word_1_144' title='bbox 483 1743 718 1780; x_wconf 82' lang='lat' dir='ltr'><strong>ecclesiarum</strong></span> <span class='ocrx_word' id='word_1_145' title='bbox 738 1744 906 1781; x_wconf 84' lang='lat' dir='ltr'><strong>omnium</strong></span> <span class='ocrx_word' id='word_1_146' title='bbox 936 1749 1063 1782; x_wconf 85' lang='lat' dir='ltr'><strong>nostro</strong></span> <span class='ocrx_word' id='word_1_147' title='bbox 1091 1745 1313 1782; x_wconf 81' lang='lat' dir='ltr'><strong>creditarum</strong></span> <span class='ocrx_word' id='word_1_148' title='bbox 1336 1745 1504 1796; x_wconf 83' lang='lat' dir='ltr'><strong>regimini</strong></span> <span class='ocrx_word' id='word_1_149' title='bbox 1526 1744 1713 1795; x_wconf 85' lang='lat' dir='ltr'><strong>praeside·</strong></span> 
     </span>
     <span class='ocr_line' id='line_1_19' title="bbox 189 1800 1712 1853; baseline 0.002 -18"><span class='ocrx_word' id='word_1_150' title='bbox 189 1800 494 1850; x_wconf 61' lang='lat' dir='ltr'><strong>mus7prol&#39;undis</strong></span> <span class='ocrx_word' id='word_1_151' title='bbox 508 1801 603 1838; x_wconf 89' lang='lat' dir='ltr'><strong>circa</strong></span> <span class='ocrx_word' id='word_1_152' title='bbox 618 1814 677 1838; x_wconf 85' lang='lat' dir='ltr'><strong>eas</strong></span> <span class='ocrx_word' id='word_1_153' title='bbox 692 1800 829 1852; x_wconf 80' lang='lat' dir='ltr'><strong>vigiliis</strong></span> <span class='ocrx_word' id='word_1_154' title='bbox 844 1802 996 1839; x_wconf 86' lang='lat' dir='ltr'><strong>excitari</strong></span> <span class='ocrx_word' id='word_1_155' title='bbox 1011 1803 1201 1847; x_wconf 68' lang='lat' dir='ltr'><strong>debemus,</strong></span> <span class='ocrx_word' id='word_1_156' title='bbox 1217 1803 1393 1853; x_wconf 79' lang='lat' dir='ltr'><strong>ipsarum,</strong></span> <span class='ocrx_word' id='word_1_157' title='bbox 1407 1809 1588 1853; x_wconf 87' lang='lat' dir='ltr'><strong>quantum</strong></span> <span class='ocrx_word' id='word_1_158' title='bbox 1606 1802 1712 1839; x_wconf 90' lang='lat' dir='ltr'><strong>nobis</strong></span> 
     </span>
     <span class='ocr_line' id='line_1_20' title="bbox 189 1858 1711 1911; baseline 0.003 -17"><span class='ocrx_word' id='word_1_159' title='bbox 189 1858 367 1908; x_wconf 88' lang='lat' dir='ltr'><strong>permittit</strong></span> <span class='ocrx_word' id='word_1_160' title='bbox 392 1858 620 1906; x_wconf 79' lang='lat' dir='ltr'><strong>Altissimus‚</strong></span> <span class='ocrx_word' id='word_1_161' title='bbox 639 1859 943 1910; x_wconf 81' lang='lat' dir='ltr'><strong>oppressionibus</strong></span> <span class='ocrx_word' id='word_1_162' title='bbox 965 1865 1001 1897; x_wconf 90' lang='lat' dir='ltr'><strong>et</strong></span> <span class='ocrx_word' id='word_1_163' title='bbox 1023 1861 1227 1911; x_wconf 86' lang='lat' dir='ltr'><strong>dispendiis</strong></span> <span class='ocrx_word' id='word_1_164' title='bbox 1250 1862 1494 1906; x_wconf 73' lang='lat' dir='ltr'><strong>occurrendo,</strong></span> <span class='ocrx_word' id='word_1_165' title='bbox 1523 1875 1587 1906; x_wconf 71' lang='lat' dir='ltr'><strong>ne,</strong></span> <span class='ocrx_word' id='word_1_166' title='bbox 1611 1860 1711 1911; x_wconf 88' lang='lat' dir='ltr'><strong>quod</strong></span> 
     </span>
     <span class='ocr_line' id='line_1_21' title="bbox 190 1915 1710 1969; baseline 0.002 -17"><span class='ocrx_word' id='word_1_167' title='bbox 190 1915 302 1962; x_wconf 74' lang='lat' dir='ltr'><strong>absit,</strong></span> <span class='ocrx_word' id='word_1_168' title='bbox 318 1915 412 1953; x_wconf 85' lang='lat' dir='ltr'><strong>desit</strong></span> <span class='ocrx_word' id='word_1_169' title='bbox 426 1916 572 1953; x_wconf 84' lang='lat' dir='ltr'><strong>debitae</strong></span> <span class='ocrx_word' id='word_1_170' title='bbox 585 1917 848 1955; x_wconf 88' lang='lat' dir='ltr'><strong>sollicitudinis</strong></span> <span class='ocrx_word' id='word_1_171' title='bbox 862 1918 1028 1955; x_wconf 89' lang='lat' dir='ltr'><strong>studium</strong></span> <span class='ocrx_word' id='word_1_172' title='bbox 1045 1919 1108 1955; x_wconf 89' lang='lat' dir='ltr'><strong>ubi</strong></span> <span class='ocrx_word' id='word_1_173' title='bbox 1125 1919 1306 1969; x_wconf 74' lang='lat' dir='ltr'><strong>pastorale</strong></span> <span class='ocrx_word' id='word_1_174' title='bbox 1319 1924 1488 1956; x_wconf 88' lang='lat' dir='ltr'><strong>tenemur</strong></span> <span class='ocrx_word' id='word_1_175' title='bbox 1502 1919 1710 1968; x_wconf 84' lang='lat' dir='ltr'><strong>injunctum</strong></span> 
     </span>
     <span class='ocr_line' id='line_1_22' title="bbox 190 1974 1713 2028; baseline 0.001 -16"><span class='ocrx_word' id='word_1_176' title='bbox 190 1974 297 2012; x_wconf 81' lang='lat' dir='ltr'><strong>nobis</strong></span> <span class='ocrx_word' id='word_1_177' title='bbox 316 1974 481 2011; x_wconf 85' lang='lat' dir='ltr'><strong>officium</strong></span> <span class='ocrx_word' id='word_1_178' title='bbox 513 1988 693 2013; x_wconf 85' lang='lat' dir='ltr'><strong>exercere.</strong></span> <span class='ocrx_word' id='word_1_179' title='bbox 712 1976 806 2013; x_wconf 90' lang='lat' dir='ltr'><strong>Cum</strong></span> <span class='ocrx_word' id='word_1_180' title='bbox 836 1977 959 2027; x_wconf 87' lang='lat' dir='ltr'><strong>itaque</strong></span> <span class='ocrx_word' id='word_1_181' title='bbox 985 1990 1096 2028; x_wconf 87' lang='lat' dir='ltr'><strong>snper</strong></span> <span class='ocrx_word' id='word_1_182' title='bbox 1117 1977 1271 2015; x_wconf 88' lang='lat' dir='ltr'><strong>diversis</strong></span> <span class='ocrx_word' id='word_1_183' title='bbox 1293 1979 1435 2028; x_wconf 85' lang='lat' dir='ltr'><strong>magnis</strong></span> <span class='ocrx_word' id='word_1_184' title='bbox 1453 1983 1488 2014; x_wconf 89' lang='lat' dir='ltr'><strong>et</strong></span> <span class='ocrx_word' id='word_1_185' title='bbox 1506 1977 1630 2014; x_wconf 78' lang='lat' dir='ltr'><strong>arduis</strong></span> <span class='ocrx_word' id='word_1_186' title='bbox 1647 1982 1713 2014; x_wconf 88' lang='lat' dir='ltr'><strong>sta-</strong></span> 
     </span>
     <span class='ocr_line' id='line_1_23' title="bbox 191 2033 1710 2086; baseline 0.002 -17"><span class='ocrx_word' id='word_1_187' title='bbox 191 2037 266 2069; x_wconf 87' lang='lat' dir='ltr'><strong>tum</strong></span> <span class='ocrx_word' id='word_1_188' title='bbox 310 2038 345 2070; x_wconf 88' lang='lat' dir='ltr'><strong>et</strong></span> <span class='ocrx_word' id='word_1_189' title='bbox 375 2033 560 2071; x_wconf 75' lang='lat' dir='ltr'><strong>libertates</strong></span> <span class='ocrx_word' id='word_1_190' title='bbox 591 2034 827 2072; x_wconf 88' lang='lat' dir='ltr'><strong>ecclesiarum</strong></span> <span class='ocrx_word' id='word_1_191' title='bbox 858 2036 1026 2073; x_wconf 90' lang='lat' dir='ltr'><strong>omnium</strong></span> <span class='ocrx_word' id='word_1_192' title='bbox 1057 2041 1092 2073; x_wconf 90' lang='lat' dir='ltr'><strong>et</strong></span> <span class='ocrx_word' id='word_1_193' title='bbox 1116 2050 1355 2086; x_wconf 87' lang='lat' dir='ltr'><strong>personarum</strong></span> <span class='ocrx_word' id='word_1_194' title='bbox 1384 2037 1710 2073; x_wconf 86' lang='lat' dir='ltr'><strong>ecclesiasticarum</strong></span> 
     </span>
     <span class='ocr_line' id='line_1_24' title="bbox 189 2091 1712 2145; baseline 0.001 -16"><span class='ocrx_word' id='word_1_195' title='bbox 189 2091 379 2129; x_wconf 79' lang='lat' dir='ltr'><strong>Remensis</strong></span> <span class='ocrx_word' id='word_1_196' title='bbox 397 2092 610 2142; x_wconf 89' lang='lat' dir='ltr'><strong>provinciae</strong></span> <span class='ocrx_word' id='word_1_197' title='bbox 633 2094 869 2144; x_wconf 77' lang='lat' dir='ltr'><strong>tangentibus</strong></span> <span class='ocrx_word' id='word_1_198' title='bbox 896 2094 1089 2132; x_wconf 81' lang='lat' dir='ltr'><strong>vobiscum</strong></span> <span class='ocrx_word' id='word_1_199' title='bbox 1109 2094 1312 2131; x_wconf 88' lang='lat' dir='ltr'><strong>deliberare</strong></span> <span class='ocrx_word' id='word_1_200' title='bbox 1331 2095 1475 2145; x_wconf 87' lang='lat' dir='ltr'><strong>plenius</strong></span> <span class='ocrx_word' id='word_1_201' title='bbox 1493 2099 1528 2131; x_wconf 87' lang='lat' dir='ltr'><strong>et</strong></span> <span class='ocrx_word' id='word_1_202' title='bbox 1547 2099 1712 2139; x_wconf 65' lang='lat' dir='ltr'><strong>tractare,</strong></span> 
     </span>
     <span class='ocr_line' id='line_1_25' title="bbox 189 2150 1713 2203; baseline 0.002 -18"><span class='ocrx_word' id='word_1_203' title='bbox 189 2150 361 2200; x_wconf 85' lang='lat' dir='ltr'><strong>ipsasque</strong></span> <span class='ocrx_word' id='word_1_204' title='bbox 379 2151 548 2188; x_wconf 88' lang='lat' dir='ltr'><strong>ecclesias</strong></span> <span class='ocrx_word' id='word_1_205' title='bbox 562 2156 597 2188; x_wconf 92' lang='lat' dir='ltr'><strong>et</strong></span> <span class='ocrx_word' id='word_1_206' title='bbox 611 2165 785 2202; x_wconf 82' lang='lat' dir='ltr'><strong>personas</strong></span> <span class='ocrx_word' id='word_1_207' title='bbox 798 2166 817 2189; x_wconf 88' lang='lat' dir='ltr'><strong>a</strong></span> <span class='ocrx_word' id='word_1_208' title='bbox 832 2153 1008 2190; x_wconf 90' lang='lat' dir='ltr'><strong>molestiis</strong></span> <span class='ocrx_word' id='word_1_209' title='bbox 1022 2158 1057 2189; x_wconf 89' lang='lat' dir='ltr'><strong>et</strong></span> <span class='ocrx_word' id='word_1_210' title='bbox 1071 2153 1316 2189; x_wconf 86' lang='lat' dir='ltr'><strong>incommodis</strong></span> <span class='ocrx_word' id='word_1_211' title='bbox 1332 2166 1575 2203; x_wconf 76' lang='lat' dir='ltr'><strong>praeservare,</strong></span> <span class='ocrx_word' id='word_1_212' title='bbox 1591 2165 1713 2202; x_wconf 87' lang='lat' dir='ltr'><strong>quan-</strong></span> 
     </span>
     <span class='ocr_line' id='line_1_26' title="bbox 190 2207 1711 2261; baseline 0.003 -18"><span class='ocrx_word' id='word_1_213' title='bbox 190 2212 267 2244; x_wconf 85' lang='lat' dir='ltr'><strong>tum</strong></span> <span class='ocrx_word' id='word_1_214' title='bbox 286 2221 371 2244; x_wconf 88' lang='lat' dir='ltr'><strong>cum</strong></span> <span class='ocrx_word' id='word_1_215' title='bbox 387 2207 464 2245; x_wconf 91' lang='lat' dir='ltr'><strong>Deo</strong></span> <span class='ocrx_word' id='word_1_216' title='bbox 483 2209 705 2259; x_wconf 64' lang='lat' dir='ltr'><strong>poterimus„</strong></span> <span class='ocrx_word' id='word_1_217' title='bbox 724 2210 950 2256; x_wconf 59' lang='lat' dir='ltr'><strong>affectemus,</strong></span> <span class='ocrx_word' id='word_1_218' title='bbox 965 2211 1071 2247; x_wconf 90' lang='lat' dir='ltr'><strong>vobis</strong></span> <span class='ocrx_word' id='word_1_219' title='bbox 1088 2211 1305 2247; x_wconf 88' lang='lat' dir='ltr'><strong>mandamus</strong></span> <span class='ocrx_word' id='word_1_220' title='bbox 1320 2215 1502 2261; x_wconf 88' lang='lat' dir='ltr'><strong>quatenus</strong></span> <span class='ocrx_word' id='word_1_221' title='bbox 1517 2210 1711 2247; x_wconf 91' lang='lat' dir='ltr'><strong>nobiscum</strong></span> 
     </span>
     <span class='ocr_line' id='line_1_27' title="bbox 187 2267 1714 2321; baseline 0.002 -18"><span class='ocrx_word' id='word_1_222' title='bbox 187 2267 287 2316; x_wconf 83' lang='lat' dir='ltr'><strong>apud</strong></span> <span class='ocrx_word' id='word_1_223' title='bbox 305 2267 576 2317; x_wconf 85' lang='lat' dir='ltr'><strong>Compendium</strong></span> <span class='ocrx_word' id='word_1_224' title='bbox 596 2268 635 2305; x_wconf 90' lang='lat' dir='ltr'><strong>in</strong></span> <span class='ocrx_word' id='word_1_225' title='bbox 652 2269 811 2306; x_wconf 88' lang='lat' dir='ltr'><strong>erastino</strong></span> <span class='ocrx_word' id='word_1_226' title='bbox 830 2269 911 2306; x_wconf 82' lang='lat' dir='ltr'><strong>sesti</strong></span> <span class='ocrx_word' id='word_1_227' title='bbox 928 2270 1028 2308; x_wconf 88' lang='lat' dir='ltr'><strong>Beati</strong></span> <span class='ocrx_word' id='word_1_228' title='bbox 1049 2270 1216 2307; x_wconf 83' lang='lat' dir='ltr'><strong>Nieholai</strong></span> <span class='ocrx_word' id='word_1_229' title='bbox 1235 2271 1406 2321; x_wconf 85' lang='lat' dir='ltr'><strong>proximo</strong></span> <span class='ocrx_word' id='word_1_230' title='bbox 1425 2274 1580 2306; x_wconf 82' lang='lat' dir='ltr'><strong>venturo</strong></span> <span class='ocrx_word' id='word_1_231' title='bbox 1599 2283 1714 2320; x_wconf 86' lang='lat' dir='ltr'><strong>prop-</strong></span> 
     </span>
     <span class='ocr_line' id='line_1_28' title="bbox 190 2324 1715 2376; baseline 0.002 -15"><span class='ocrx_word' id='word_1_232' title='bbox 190 2329 244 2361; x_wconf 86' lang='lat' dir='ltr'><strong>ter</strong></span> <span class='ocrx_word' id='word_1_233' title='bbox 258 2324 328 2362; x_wconf 86' lang='lat' dir='ltr'><strong>hoc</strong></span> <span class='ocrx_word' id='word_1_234' title='bbox 338 2326 581 2373; x_wconf 85' lang='lat' dir='ltr'><strong>personaliter</strong></span> <span class='ocrx_word' id='word_1_235' title='bbox 596 2327 795 2364; x_wconf 90' lang='lat' dir='ltr'><strong>convenire</strong></span> <span class='ocrx_word' id='word_1_236' title='bbox 808 2328 955 2374; x_wconf 70' lang='lat' dir='ltr'><strong>curetis,</strong></span> <span class='ocrx_word' id='word_1_237' title='bbox 970 2332 1109 2365; x_wconf 86' lang='lat' dir='ltr'><strong>vestros</strong></span> <span class='ocrx_word' id='word_1_238' title='bbox 1124 2327 1332 2372; x_wconf 72' lang='lat' dir='ltr'><strong>familiares,</strong></span> <span class='ocrx_word' id='word_1_239' title='bbox 1347 2327 1587 2372; x_wconf 74' lang='lat' dir='ltr'><strong>consiliarios,</strong></span> <span class='ocrx_word' id='word_1_240' title='bbox 1598 2327 1715 2376; x_wconf 84' lang='lat' dir='ltr'><strong>juris-</strong></span> 
     </span>
     <span class='ocr_line' id='line_1_29' title="bbox 189 2383 1713 2438; baseline 0.002 -18"><span class='ocrx_word' id='word_1_241' title='bbox 189 2383 325 2434; x_wconf 81' lang='lat' dir='ltr'><strong>peritos</strong></span> <span class='ocrx_word' id='word_1_242' title='bbox 339 2384 563 2422; x_wconf 87' lang='lat' dir='ltr'><strong>adducentes</strong></span> <span class='ocrx_word' id='word_1_243' title='bbox 588 2386 802 2433; x_wconf 79' lang='lat' dir='ltr'><strong>vobiscum,</strong></span> <span class='ocrx_word' id='word_1_244' title='bbox 826 2387 984 2438; x_wconf 89' lang='lat' dir='ltr'><strong>capitula</strong></span> <span class='ocrx_word' id='word_1_245' title='bbox 1003 2401 1154 2438; x_wconf 84' lang='lat' dir='ltr'><strong>quoque</strong></span> <span class='ocrx_word' id='word_1_246' title='bbox 1175 2387 1411 2424; x_wconf 86' lang='lat' dir='ltr'><strong>ecelesiarum</strong></span> <span class='ocrx_word' id='word_1_247' title='bbox 1447 2386 1713 2423; x_wconf 86' lang='lat' dir='ltr'><strong>cathedralium</strong></span> 
     </span>
     <span class='ocr_line' id='line_1_30' title="bbox 190 2445 1716 2495; baseline 0.002 -17"><span class='ocrx_word' id='word_1_248' title='bbox 190 2447 410 2490; x_wconf 82' lang='lat' dir='ltr'><strong>vestrarum,</strong></span> <span class='ocrx_word' id='word_1_249' title='bbox 426 2456 570 2481; x_wconf 88' lang='lat' dir='ltr'><strong>necnon</strong></span> <span class='ocrx_word' id='word_1_250' title='bbox 585 2445 736 2482; x_wconf 90' lang='lat' dir='ltr'><strong>abbates</strong></span> <span class='ocrx_word' id='word_1_251' title='bbox 752 2450 955 2485; x_wconf 88' lang='lat' dir='ltr'><strong>vestrarum</strong></span> <span class='ocrx_word' id='word_1_252' title='bbox 970 2445 1160 2483; x_wconf 88' lang='lat' dir='ltr'><strong>civitatum</strong></span> <span class='ocrx_word' id='word_1_253' title='bbox 1175 2451 1210 2482; x_wconf 86' lang='lat' dir='ltr'><strong>et</strong></span> <span class='ocrx_word' id='word_1_254' title='bbox 1219 2445 1420 2495; x_wconf 86' lang='lat' dir='ltr'><strong>dyoeesum</strong></span> <span class='ocrx_word' id='word_1_255' title='bbox 1436 2458 1509 2482; x_wconf 94' lang='lat' dir='ltr'><strong>non</strong></span> <span class='ocrx_word' id='word_1_256' title='bbox 1526 2450 1716 2495; x_wconf 81' lang='lat' dir='ltr'><strong>exemptos</strong></span> 
     </span>
    </p>
   </div>
  </div>
 </body>
</html>
