2184 3074
725 256 889 295 mmlx
916 257 1161 296 nUNENsts.
1643 262 1714 298 507

175 373 211 410 in
232 373 302 411 hiis
322 374 467 425 scriptis
487 389 571 425 prm
581 389 649 413 oco
667 380 702 413 et
719 376 882 427 appello,
901 376 973 413 sub
997 376 1208 413 testimonio
1231 377 1430 414 astantium
1451 390 1711 427 personarum.

175 445 234 469 me
251 437 291 470 et
308 445 387 470 mea
405 433 502 471 bona
519 435 660 481 omnia,
675 435 795 473 dictos
814 435 988 473 dominos
1004 448 1105 472 meos
1122 440 1159 473 et
1176 448 1240 472 sua
1260 435 1374 480 bona⁷
1394 435 1486 472 mihi
1501 439 1537 472 et
1554 435 1625 472 sibi
1643 435 1712 472 ad-

176 489 365 527 haerentes
388 496 424 528 et
441 491 640 530 adhaerere
658 493 844 540 volentes,
862 499 898 531 et
916 493 1015 531 bona
1032 506 1115 539 συθ,
1130 497 1265 531 statum
1285 507 1427 538 meum,
1449 493 1710 544 dictorumque

174 547 412 588 dominorum
435 563 625 598 meorum,
651 551 743 589 mihi
767 556 803 589 et
821 551 892 589 sibi
921 550 1202 589 adhaerentium
1227 556 1263 588 et
1283 551 1482 588 adhaerere
1505 550 1707 588 volentium

172 607 391 656 protectioni
418 608 538 647 dictae
556 609 661 648 Sedis
690 609 955 660 supponend0‚
982 614 1189 660 protestans
1212 609 1258 646 (le
1287 609 1502 646 innovando
1522 615 1558 646 et
1584 609 1709 646 notiti-

171 663 291 702 cando
306 667 606 716 provocationem
626 681 688 706 seu
708 668 994 719 appellationem
1019 667 1224 718 praedictas
1243 668 1324 705 loco
1348 673 1384 705 et
1409 673 1574 718 tempore
1595 680 1709 718 opor-

172 723 282 760 tunis.
306 723 351 761 Et
367 723 469 772 jun-02
497 726 600 763 tactis
627 726 869 764 saerosanctis
893 726 1123 776 ewangelfis,
1150 726 1348 776 praemissa
1373 739 1432 763 me
1457 726 1605 764 credere
1630 740 1708 763 esse

172 795 254 819 vera
274 788 309 820 ct
327 798 367 820 ea
387 797 494 835 posse
515 786 682 836 probariff
697 792 732 823 et
751 791 836 836 peto
856 800 875 822 a
896 791 930 822 te
948 785 1146 822 tabellione
1171 785 1322 835 publico
1342 791 1381 822 ut
1399 799 1510 836 super
1529 785 1708 835 praemis-

170 840 219 877 sis
238 840 329 878 mihi
349 843 522 879 conficias
541 843 734 894 publicum
756 844 1054 881 instrumentum.

204 899 328 953 ‘Facta
356 900 427 937 fuit
452 900 541 938 haec
567 902 766 952 appellatio
790 915 854 939 seu
877 902 1090 952 provocatio
1120 902 1267 951 Brugss,
1294 901 1537 938 'l'ornacensis
1567 901 1704 950 dyoce-

169 957 231 1002 sis,
261 957 298 994 in
326 957 442 995 choro
465 959 639 996 ecclesiae
664 959 787 997 Sancti
813 959 1030 1002 Donatiani,
1050 959 1151 996 finita
1179 959 1287 996 missa
1314 960 1539 1001 animarumq
1565 959 1702 996 ibidem

168 1016 422 1065 praesentibus
449 1017 724 1055 venerabilibus
759 1018 848 1055 viris
873 1023 909 1055 et
934 1017 1101 1055 discretis
1131 1018 1284 1054 domino
1312 1018 1372 1054 tali
1401 1024 1437 1054 et
1462 1017 1615 1054 domino
1641 1018 1702 1054 tali

166 1074 354 1111 canonicis
380 1075 553 1112 ecclesiae
581 1076 810 1126 praedictae,
841 1076 903 1113 tali
929 1081 965 1113 et
991 1076 1053 1112 tali
1081 1076 1268 1126 perpetuis
1296 1076 1512 1126 capellanis.
1541 1077 1705 1126 Symone

166 1131 212 1168 de
236 1133 328 1170 Dam
355 1140 390 1170 et
417 1133 478 1170 tali
507 1133 648 1171 clericis
675 1134 869 1172 installatis
893 1134 1013 1172 dictae
1041 1135 1214 1172 eeclesiae
1245 1134 1398 1171 testibus
1431 1134 1476 1170 ad
1505 1134 1701 1184 praemissa

167 1190 304 1227 vocatis
322 1194 358 1228 et
372 1191 519 1242 rogatis.
538 1192 628 1228 Item
648 1191 742 1229 facta
763 1192 832 1229 fuit
846 1197 882 1229 et
898 1193 990 1230 lecta
1009 1192 1106 1229 dicta
1124 1192 1323 1243 appellatio
1338 1206 1404 1242 per
1422 1197 1701 1242 procuratorem

167 1248 396 1297 praedictum
416 1249 452 1285 in
473 1248 587 1286 choro
606 1249 780 1287 ecclesiae
797 1250 929 1287 Beatae
948 1250 1081 1286 Mariae
1102 1250 1301 1299 Brugensis
1326 1255 1408 1300 post
1426 1249 1590 1286 ollicium
1610 1250 1703 1286 altae

166 1305 298 1343 missae
324 1311 360 1343 et
384 1306 558 1344 innovata
583 1307 840 1358 praesentibus
862 1307 1029 1345 discretis
1055 1307 1144 1344 viris
1168 1307 1229 1343 tali
1254 1312 1289 1344 et
1316 1307 1376 1344 tali
1403 1307 1619 1357 capellanis„
1641 1307 1701 1343 tali

165 1369 200 1403 et
220 1364 281 1402 tali
300 1365 444 1403 clericis
463 1370 500 1403 et
515 1366 689 1416 pluribus
712 1366 855 1404 clericis
879 1371 915 1404 et
935 1366 1038 1404 laicis
1059 1366 1214 1404 testibus
1233 1367 1370 1403 vocatis
1392 1371 1427 1402 et
1448 1366 1582 1416 rogatis
1604 1379 1701 1402 annno

165 1428 201 1461 et
220 1423 282 1462 die
304 1424 540 1475 supradictis.
559 1425 683 1463 Tenor
700 1434 820 1463 autem
841 1426 1086 1477 procuratorii
1107 1426 1187 1463 talis
1209 1430 1263 1463 est
1282 1441 1288 1461 :

214 1483 400 1523 Universis
422 1490 631 1535 praesentes
661 1486 801 1524 litteras
819 1486 1041 1537 inspecturis
1060 1486 1354 1536 burgimagisti·i.‚
1372 1485 1531 1529 scabini,
1551 1490 1700 1535 totaque

164 1542 412 1580 communitas
435 1543 545 1580 villae
568 1544 769 1595 Brugensis
799 1545 954 1582 salutem
987 1545 1025 1582 in
1052 1545 1215 1582 Domino
1242 1544 1517 1594 sempiternam.
1551 1542 1698 1579 Noverit

164 1599 385 1638 universitas
407 1606 526 1639 vestra
553 1603 655 1652 quod
682 1616 750 1640 nos
773 1616 841 1654 pro
867 1603 1211 1653 nobis,rnostraque
1229 1602 1494 1639 communitate
1514 1602 1699 1652 praedicta

165 1659 379 1697 Micliaelem
408 1660 516 1698 talem
547 1661 723 1699 clericum
750 1662 1000 1712 praesentium
1026 1661 1272 1699 exhibitorem
1306 1663 1473 1699 nostrum
1503 1660 1700 1698 constitui-

164 1731 266 1761 mus,
284 1718 442 1756 facimus
459 1723 495 1756 et
511 1719 728 1757 ordinamus
747 1733 873 1758 verum
893 1725 929 1758 et
946 1720 1153 1770 legitimum
1173 1725 1448 1770 procuratorem
1468 1724 1504 1756 et
1521 1719 1695 1756 nuntium

163 1776 357 1827 specialem
376 1777 423 1814 ad
442 1776 723 1827 protestandam
742 1782 778 1814 et
796 1778 1075 1828 provocandum
1095 1791 1219 1814 coram
1237 1777 1471 1815 sanctissimo
1489 1781 1592 1827 patre
1609 1790 1697 1814 nos-

164 1839 220 1872 tro
238 1848 384 1872 summo
403 1835 579 1885 pontifice
596 1839 723 1872 contra
743 1849 986 1886 quascunque
1003 1849 1179 1887 personas
1198 1840 1272 1873 tam
1296 1836 1559 1873 ecclesiasticas
1583 1848 1695 1886 quam

163 1893 364 1939 seculares,
383 1893 640 1944 cujuscunque
659 1899 790 1939 status,
813 1894 1037 1932 conditionis
1060 1899 1124 1931 aut
1145 1894 1456 1945 praeeminentiae
1481 1907 1546 1931 seu
1572 1893 1698 1944 digni-

163 1951 247 1988 tatis
268 1951 443 1997 existant,
463 1965 607 1990 necnon
631 1957 668 1990 et
691 1953 737 1989 ad
763 1953 1029 2004 appellandum
1047 1966 1116 2004 pro
1137 1953 1246 1991 nobis
1271 1966 1290 1989 a
1313 1952 1592 2002 gravaminibus
1609 1951 1698 2001 qui·-

164 2009 384 2060 buscunque
398 2010 506 2048 nobis
521 2011 631 2048 illatis
645 2015 709 2048 aut
721 2025 818 2062 quae
832 2011 960 2049 inferri
976 2012 1120 2062 possint
1133 2025 1153 2048 a
1167 2024 1406 2062 quoeunque,
1417 2010 1698 2061 jurandumque

164 2068 200 2104 in
219 2067 360 2105 animas
378 2073 522 2106 nostras
541 2069 797 2120 procuratorio
812 2069 979 2115 nomine,
993 2082 1106 2120 super
1122 2082 1350 2120 quocunque
1363 2069 1522 2106 articulo
1535 2072 1598 2105 aut
1611 2068 1699 2119 qui-

163 2127 383 2178 buscunque
407 2127 574 2166 articulis
595 2142 707 2180 super
732 2142 808 2179 quo
833 2133 897 2166 aut
919 2129 1058 2180 quibus
1084 2141 1231 2166 necesse
1256 2128 1368 2165 fuerit
1386 2128 1533 2178 jurare,
1556 2141 1698 2178 suppo-

163 2185 405 2236 nenduinque
432 2199 498 2224 nos
521 2191 560 2223 et'
581 2191 744 2224 nostram
771 2187 1077 2225 communitatem
1100 2186 1325 2237 praedictam
1353 2186 1573 2236 protectioni
1592 2185 1697 2223 Sedis

162 2243 419 2295 Apostolicae.L
442 2257 586 2282 necnon
613 2249 650 2282 et
677 2245 803 2282 omnia
828 2250 864 2282 et
890 2245 1035 2296 singula
1061 2244 1228 2282 facienda
1254 2257 1350 2295 quae
1376 2244 1472 2281 circa
1498 2244 1697 2295 praemissa

164 2303 299 2341 tuerint
316 2309 499 2354 oportuna
519 2308 555 2341 et
572 2317 668 2355 quae
687 2317 755 2341 nos
773 2305 992 2350 faceremus,
1009 2304 1038 2358 si
1058 2303 1269 2355 praemissis
1287 2307 1495 2354 praesentes
1513 2316 1676 2340 essemus
1688 2332 1696 2340 .

163 2366 301 2408 ratum,
330 2367 476 2412 gratum
507 2367 543 2400 et
572 2363 722 2400 firmum
755 2363 917 2401 habituri
949 2363 1132 2414 quicquid
1163 2375 1227 2413 per
1262 2362 1382 2413 ipsum
1421 2367 1696 2412 procuratorem
