2184 3074
702 275 708 281 '
742 289 901 326 conssx
930 287 1176 327 obsessis.
1663 287 1735 324 299

894 475 1034 513 Cxcn.

200 610 247 646 Le
259 608 434 647 cardinal
441 607 567 645 Simon
581 606 624 644 de
633 606 750 644 Brion
759 606 919 657 prescrit
933 604 969 642 la
985 603 1077 641 leve'e
1089 605 1132 641 de
1145 605 1320 641 cet-taines
1335 609 1436 641 laxes
1449 602 1733 653 ecclesiastiques

452 666 546 703 clam
564 665 614 702 les
627 665 820 715 provinces
837 663 881 700 de
900 663 1018 701 Reims
1027 691 1039 709 ,
1059 662 1102 699 dr
1119 663 1209 699 Sena
1227 669 1259 700 e!
1276 662 1320 700 cle
1339 663 1472 700 Rauen.

207 863 210 866 ⁴
250 870 436 908 Universis
455 874 664 920 praesentes
683 869 822 906 litteras
842 868 1063 919 inspecturis
1082 869 1129 911 1.,
1150 869 1215 905 Dei
1234 868 1350 919 gratia
1369 868 1612 905 'fornacensis
1634 868 1733 918 cpis-

199 941 331 980 copus,
348 928 503 966 salutem
523 927 561 965 in
581 926 754 965 Domino.

247 987 431 1025 Noveritis
455 998 522 1024 nos
549 986 687 1023 litteras
714 985 905 1022 reverendi
935 985 1048 1036 patris
1080 985 1254 1035 Symonis
1280 985 1515 1023 miseratione
1541 986 1606 1023 Dei
1637 985 1732 1022 tituli

198 1048 352 1084 Sanctae
362 1045 519 1084 Ceciliae
533 1045 744 1090 cardinalis,
754 1044 988 1096 Apostolicae
997 1044 1102 1082 Sedis
1115 1045 1234 1095 legati,
1249 1057 1347 1082 anno
1362 1045 1513 1082 Domini
1529 1045 1734 1082 Moenum

198 1109 343 1154 quarto,
359 1103 447 1141 seria
463 1103 593 1154 quinta
609 1108 692 1154 post
711 1103 842 1141 festum
862 1103 964 1140 Beati
983 1103 1129 1140 Martini
1151 1103 1331 1151 hyemalis
1350 1103 1486 1140 vidisse
1503 1109 1537 1140 et
1556 1103 1735 1154 recepisse

199 1162 237 1198 in
251 1161 346 1213 'haec
362 1162 475 1200 verba
491 1178 498 1198 :

246 1220 406 1270 Symon7
425 1220 661 1258 miseratione
684 1220 811 1257 divina
838 1220 937 1257 tituli
965 1219 1119 1257 Sanctae
1144 1219 1300 1256 Ceciliae
1319 1220 1500 1270 presbiter
1518 1220 1733 1256 cardinalis.

199 1277 432 1328 Apostolicae
454 1278 558 1316 Sedis
586 1278 743 1329 legatus,
761 1278 897 1315 dilecto
918 1283 955 1315 et
974 1277 1073 1314 fideli
1097 1276 1288 1328 capellano
1315 1282 1439 1314 nostro
1467 1277 1641 1327 magistro
1665 1277 1736 1315 Re-

199 1335 323 1373 naudo
348 1336 395 1373 de
418 1336 647 1374 Munochum
671 1337 827 1374 salutem
846 1341 883 1373 et
899 1337 1079 1373 sinceram
1103 1336 1140 1372 in
1159 1336 1323 1373 Domino
1346 1336 1544 1372 caritatem.
1577 1335 1736 1386 Negotiis

199 1409 273 1433 non
292 1395 381 1434 levis
400 1396 623 1434 necessitatis
642 1396 861 1446 urgentibus
886 1396 1091 1433 Romanam
1117 1395 1306 1432 ecclesiam
1333 1400 1368 1431 et
1386 1395 1610 1444 generali-1112
1629 1407 1737 1430 sanc-

200 1454 362 1492 tissimus
381 1459 485 1505 pater
501 1459 537 1492 et
554 1454 730 1491 dominus
752 1454 922 1492 Urbanus
942 1466 1038 1504 papa
1056 1457 1211 1503 quartus
1231 1453 1277 1489 de
1296 1454 1449 1489 fratrum
1469 1466 1620 1489 suorum
1645 1466 1736 1489 con-

198 1514 281 1552 silio
306 1526 373 1550 nos
397 1513 443 1550 ad
469 1513 633 1564 regimen
659 1512 851 1559 Franciae‚
879 1512 1044 1562 aliasque
1069 1516 1190 1562 partes
1217 1516 1253 1548 et
1280 1511 1490 1561 provincias
1519 1510 1735 1547 destinavit.

198 1573 396 1610 commisso
419 1572 527 1609 nobis
549 1573 679 1623 plenae
702 1571 894 1621 legationis
916 1571 1040 1608 officio
1066 1571 1102 1607 in
1129 1570 1279 1607 eisdem.
1301 1570 1401 1608 Licet
1420 1575 1540 1606 autem
1562 1583 1735 1620 personas

199 1631 460 1671 ecclesiasticas
491 1629 684 1681 legationis
716 1634 861 1666 nostrae
889 1642 908 1665 a
941 1627 1187 1679 praestatione
1214 1628 1519 1678 procurationum
1546 1633 1736 1665 excusatas

201 1690 336 1728 habere
363 1689 523 1727 totaliter
545 1702 618 1726 non
642 1687 826 1738 possimus
846 1716 1348 1724 .....................
1369 1692 1490 1723 tamen
1511 1686 1626 1736 ipsam
1646 1686 1737 1722 adeo

202 1749 389 1786 moderate
413 1748 552 1799 percipi
579 1753 614 1784 ct
637 1746 734 1797 exigi
755 1747 928 1783 volumus
949 1746 996 1783 ab
1020 1746 1158 1783 eisdem
1183 1745 1285 1796 quod
1307 1758 1486 1795 personae
1510 1745 1609 1795 ipsae
1627 1758 1738 1794 super

199 1808 267 1844 lioc
281 1807 420 1856 justam
439 1819 515 1843 non
535 1805 694 1842 habeant
713 1805 902 1842 materiam
922 1803 1188 1855 conquerendi.
1209 1803 1305 1840 Hinc
1323 1808 1378 1840 est
1396 1803 1499 1854 quod
1516 1816 1582 1840 nos
1602 1803 1648 1839 (le
1664 1803 1735 1839 fida

201 1871 340 1903 vestrae
359 1864 702 1915 circumspectionis
717 1863 897 1900 industria
914 1863 1060 1914 plenam
1077 1863 1114 1899 in
1131 1862 1294 1899 Domino
1315 1862 1489 1899 fiduciam
1510 1862 1734 1905 obtinentes,

201 1925 306 1962 vobis
329 1937 403 1975 qua
431 1923 624 1974 fungimur
647 1922 864 1960 auctoritate
889 1922 1157 1959 committimus
1181 1935 1222 1958 ac
1251 1921 1469 1958 mandamus
1487 1921 1662 1972 quatinus
1689 1920 1734 1957 ad

202 1984 438 2027 Remensem2
454 1982 703 2019 senonensem
721 1986 756 2018 et
770 1981 1103 2031 Rothomagensem
1120 1980 1330 2031 provincias
1346 1985 1381 2016 et
1394 1979 1558 2029 singulas
1572 1979 1736 2016 civitates

202 2048 236 2079 et
254 2041 417 2078 dioceses
439 2041 601 2091 ipsarum
623 2040 865 2090 personaliter
883 2039 1115 2085 accedentes,
1134 2052 1219 2075 cum
1241 2052 1368 2075 earum
1390 2038 1679 2088 archiepiscopis
1701 2043 1735 2075 et

202 2099 403 2151 episcopis„
421 2099 478 2136 vel
497 2099 526 2136 si
545 2098 648 2136 sedes
667 2098 878 2135 vacaverint
895 2102 958 2134 aut
975 2097 1245 2148 archicpiscopi
1262 2097 1319 2133 vel
1343 2096 1506 2147 episcopi
1530 2096 1671 2146 egerint
1698 2096 1734 2133 in

205 2157 373 2203 remotis3
388 2171 473 2194 cum
490 2157 640 2194 illorum
656 2157 803 2194 vicariis
817 2162 880 2193 aut
898 2156 1046 2193 duobus
1062 2155 1272 2193 constitutis
1292 2155 1329 2192 in
1348 2155 1592 2205 dignitatibus
1610 2155 1736 2192 cathe-

203 2217 363 2255 dralium
387 2216 624 2253 ecclesiarum
636 2244 645 2260 ‚
666 2221 778 2266 prout
795 2214 1034 2252 consideratis
1052 2213 1340 2252 circumstantiis
1359 2213 1524 2250 videritis
1546 2213 1732 2264 expedire.

203 2274 476 2312 communicato
491 2274 646 2311 consilio
661 2287 680 2310 a
694 2274 851 2323 singulis
870 2273 1052 2318 ecclesiis,
1071 2271 1302 2309 monasteriis
1320 2277 1356 2308 et
1374 2271 1463 2308 locis
1482 2271 1737 2308 ecclesiasticis

205 2346 277 2370 non
297 2332 494 2382 exempti5‚
514 2331 630 2369 solitis
649 2345 777 2368 eorum
796 2331 1014 2381 dyocesanis
1034 2331 1090 2367 vel
1113 2330 1253 2380 legatis.
1275 2330 1379 2367 Sedis
1399 2330 1631 2380 Apostolicac
1650 2343 1736 2380 pro-

204 2391 411 2428 curationes
435 2390 575 2427 rationc
598 2390 818 2427 visitationis
840 2390 983 2427 debitas
1001 2389 1193 2426 exhihere.
1213 2394 1245 2426 ct
1266 2389 1445 2439 exemptis
1464 2388 1591 2425 etiam.
1610 2388 1738 2438 cujus-
