2184 3074
735 269 897 307 CODEX
922 268 1166 307 DUNENSlS.
1641 270 1705 308 58¹

189 385 404 424 karissimus
433 390 537 436 pater
564 385 739 423 dominus
765 413 947 423 ........
980 384 1169 435 quondam
1199 396 1321 421 comes
1350 384 1546 422 Flandriae
1575 384 1712 422 eisdem

188 443 387 494 assignavit
404 443 596 481 occasione
613 443 728 480 debiti
747 442 1063 494 Crispiniensibus
1084 442 1131 479 de
1151 442 1345 488 Atrebate,
1360 442 1463 493 quod
1478 442 1631 493 quidem
1648 442 1714 480 de·-

188 501 308 539 bitum
326 505 430 553 pater
445 506 570 539 noster
587 500 719 538 habuit
742 505 778 552 et
797 501 932 538 levavit
951 501 998 538 ab
1021 500 1110 551 ipsis
1128 505 1294 551 tempore
1309 513 1477 551 guerrae,
1499 504 1535 538 et
1554 500 1715 537 nichilo-

187 558 313 596 minus
330 559 496 609 oportuit
513 558 611 610 ipsos
629 558 758 596 iterato
775 559 916 596 solvere
930 563 966 596 et
981 558 1089 596 dictis
1107 558 1421 609 Crispiniensibus
1442 558 1649 596 satisfacere
1666 558 1714 598 de

187 616 334 663 eodem,
359 621 426 653 etc.
449 616 612 654 Tandem
643 616 796 667 praefati
822 616 982 667 religiosi
1013 616 1196 654 bonorum
1225 615 1306 653 freti
1332 616 1490 654 consilio
1515 616 1710 654 nobiscum

185 687 297 725 super
323 674 533 725 praemissis
556 674 752 712 discordiis
773 679 810 712 et
828 674 1129 712 contentionibus
1154 674 1201 711 de
1227 674 1458 725 pacificando
1494 679 1531 712 et
1555 688 1710 726 compo-

186 733 309 770 nendo
334 746 377 770 ac
399 746 467 784 per
482 728 636 770 modum
654 734 754 784 pacis
771 738 807 770 et
824 733 1080 771 transactionis
1097 737 1351 770 convenerunt
1368 733 1406 770 in
1422 732 1522 770 hunc
1537 734 1708 780 modum,

186 791 357 829 videlicet
367 791 470 842 quod
488 804 556 842 pro
573 791 748 828 omnibus
761 791 929 841 juribus,
948 791 1157 828 actionibus
1179 804 1221 827 ac
1245 791 1427 828 fructibus
1452 796 1489 829 et
1517 791 1710 841 arreragiis

186 862 298 901 quae,
317 862 410 900 quas
434 854 470 887 et
487 863 582 901 quos
608 849 888 886 reclamavimus
912 854 949 886 et
976 849 1111 886 habere
1138 861 1180 885 ac
1206 849 1314 886 nobis
1339 854 1547 899 competere
1572 863 1711 901 propo-

185 907 328 946 suimus
355 907 391 944 in
419 908 629 958 praemissis
647 913 684 944 et
699 907 868 957 quolibet
885 907 1169 957 praemissorum
1188 920 1412 957 quacunque
1433 907 1627 945 occasione
1643 908 1711 945 ad-

186 978 312 1003 versus
329 965 447 1003 dictos
466 965 637 1002 abbatem
655 969 691 1002 et
707 970 947 1010 conventum,
967 965 1074 1002 nobis
1091 965 1236 1011 darent,
1256 965 1453 1003 redderent
1468 971 1504 1002 et
1522 967 1708 1003 solverent

186 1028 341 1068 tantum,
356 1023 539 1060 mediante
556 1036 629 1073 qua
646 1023 829 1060 solutione
843 1028 878 1060 et
891 1023 1139 1060 satisfactione
1151 1023 1303 1074 praefati
1322 1023 1437 1061 abbas
1455 1028 1491 1060 et
1503 1030 1707 1062 conventus

185 1094 254 1133 pro
273 1094 311 1118 se
328 1086 364 1118 et
380 1081 456 1118 suis
473 1081 745 1119 successoribus
763 1086 799 1118 et
815 1095 943 1118 eorum
961 1082 1112 1119 ccclesia
1130 1082 1177 1118 de
1194 1082 1403 1132 praemissis
1421 1082 1599 1132 querelis,
1618 1095 1710 1119 con-

186 1139 372 1177 troversiis
388 1144 425 1176 et
441 1139 653 1186 discordiis,
671 1144 738 1176 etc.
758 1143 778 1176 ¹.

890 1263 992 1272 ,ζου

856 1379 1039 1450 CCLXlV.

226 1528 330 1566 Bulle
347 1529 391 1566 de
409 1528 568 1567 Clement
584 1529 621 1567 V
635 1529 757 1580 fixam
774 1531 805 1567 le
813 1532 910 1581 jour
926 1532 973 1567 οὐ
990 1537 1112 1568 serent
1128 1531 1296 1568 attendas
1314 1544 1405 1568 ceux
1422 1532 1487 1581 qui
1503 1536 1668 1568 accusem

698 1588 874 1638 Boniface
891 1589 931 1627 V
928 1590 991 1627 111
1007 1589 1193 1627 d'lae'rdsie.

231 1777 400 1815 Clemens
428 1779 622 1830 episcopus
648 1793 774 1818 servus
801 1794 990 1818 servorum
1017 1781 1096 1818 Dei.

231 1835 287 1872 Ad
306 1836 565 1874 certitudinem
583 1838 831 1887 praesentium
849 1843 885 1875 et
909 1839 1118 1875 futurorum
1138 1838 1364 1888 Redemptor
1380 1841 1504 1874 noster
1520 1836 1703 1873 Dominus

179 1891 494 1931 Jhesus-Christus
512 1894 642 1931 dilexit
659 1900 927 1932 sacrosanctam
945 1909 1117 1946 sponsam
1136 1909 1241 1932 suam
1260 1900 1296 1932 et
1313 1895 1477 1944 seipsum
1496 1894 1644 1931 tradens
1662 1894 1699 1931 in

181 1950 405 1988 oblationem
424 1956 460 1988 et
477 1951 634 1989 hostiam
652 1953 847 1990 salutarem
866 1954 1108 1991 sanctificavit
1125 1953 1224 1990 illam
1244 1953 1388 1989 lavacro
1406 1965 1522 2001 aquae
1537 1951 1573 1988 in
1590 1951 1703 1988 verbo

181 2007 276 2045 vitae
294 2013 336 2046 ut
353 2009 545 2046 exhiberet
557 2010 674 2060 ipsam
691 2011 888 2060 gloriosam
905 2024 979 2048 non
998 2011 1193 2048 habentem
1212 2010 1410 2053 maculam,
1427 2023 1547 2060 neque
1560 2022 1702 2059 rugam,

181 2078 224 2102 eo
249 2065 351 2116 quod
376 2066 576 2103 catholicae
606 2068 795 2118 religionis
825 2069 984 2106 candore
1004 2075 1039 2106 et
1055 2069 1168 2105 verbo
1193 2068 1308 2104 nitere
1335 2067 1419 2104 lidei
1448 2067 1701 2110 immaculata,

181 2122 336 2169 munda,
356 2123 472 2161 nitida
497 2129 607 2175 atque
627 2131 751 2163 sancta
774 2126 988 2176 hujusmodi
1013 2127 1246 2176 incorruptae
1270 2130 1306 2162 et
1321 2125 1460 2162 solidae
1477 2124 1563 2161 fidei
1584 2124 1701 2161 {irmi—

180 2185 252 2218 tate
281 2181 319 2218 in
350 2181 561 2219 beatissimo
592 2184 843 2233 apostolorum
873 2185 1041 2236 principe
1069 2189 1235 2235 patenter
1262 2183 1440 2229 insinuat,
1465 2183 1555 2219 dum
1579 2183 1700 2233 ipsum

179 2251 199 2276 a
218 2251 256 2276 se
273 2239 439 2289 angulari
459 2240 580 2290 lapide
596 2246 699 2291 petra
716 2242 852 2280 Christi
872 2243 1019 2280 Petrum
1038 2243 1157 2280 voluit
1176 2241 1372 2286 nominari,
1392 2240 1551 2278 dicendo
1571 2255 1579 2276 :
1608 2257 1626 2274 (ι
1645 2241 1699 2278 Tu

218 2365 226 2380 ¹
247 2365 283 2392 Ce
293 2365 396 2392 feuillet
413 2371 453 2394 est
465 2367 581 2395 dechire.
597 2368 618 2395 ll
632 2377 666 2396 ne
679 2373 747 2396 reste
759 2378 812 2404 que
826 2371 954 2405 quelques
969 2375 1036 2397 mets
1049 2371 1095 2397 des
1107 2370 1242 2397 dernieres
1256 2371 1347 2405 lignes.
