2184 3074
728 268 889 307 CODEX
917 268 982 308 DU
987 268 1015 306 N
1020 268 1161 308 ENsts.
1642 273 1713 311 2255

179 388 336 435 tissime,
356 388 482 426 nullus
501 400 570 439 pro
589 386 732 437 justitia
761 386 872 427 hodie
896 385 1114 424 martii-inari
1139 385 1340 430 desiderat,
1361 387 1424 425 sed
1445 388 1568 440 potius
1587 389 1713 427 labore

176 445 382 499 postposito
396 445 637 498 triumphari,
651 449 687 483 et
700 445 815 484 tutius
829 445 876 484 sit
890 445 928 484 in
944 450 1110 496 tempore
1122 458 1316 484 occurrere
1330 459 1444 498 quam
1460 452 1543 498 post
1560 461 1709 488 eausam

176 505 406 544 vulneratam
422 503 626 545 remedium
640 516 817 555 quaerere
832 518 839 541 ι
857 502 944 541 ltine
957 508 1008 542 est
1027 503 1130 554 quod
1147 503 1338 543 Sanotitnti
1359 503 1507 544 Vestrae
1523 506 1570 544 de
1583 521 1657 559 qua
1672 509 1709 546 id

175 563 277 616 quod
299 577 429 603 sumus
444 568 481 603 et
497 562 636 603 erimus
657 575 878 614 eognoseere
896 562 1084 609 volumus,
1101 563 1355 614 supplicamus
1373 577 1459 602 cum
1478 565 1579 603 omni
1597 565 1707 604 ass'ec-

175 622 275 663 tione
292 631 581 681 quapossumus
599 626 635 659 et
646 619 831 659 desiderio
851 620 933 672 puri
953 620 1076 660 cordis
1089 626 1274 673 quatenus
1288 621 1376 660 huie
1390 622 1522 661 morbo
1537 625 1709 675 pestifero

174 685 315 720 vestrae
331 681 470 732 gratiae
489 694 532 719 ae
550 680 739 732 potestatis
756 680 923 719 subsidia
942 680 1139 732 porrigatis
1152 680 1232 719 sine
1246 681 1386 733 quibus
1403 686 1518 721 status
1533 683 1598 721 «tiu
1613 690 1710 723 stare

174 750 248 778 non
267 739 404 791 poterit
419 738 616 782 clericalis..
643 738 709 791 qui
735 751 836 777 nune
858 752 924 790 per
947 738 1131 778 mundum
1158 739 1355 779 titubando
1371 741 1541 792 graditur
1557 743 1710 782 univer-

172 810 272 845 sum,
290 810 376 838 oum
392 797 518 837 nullus
538 797 672 836 audeat
690 810 758 849 pro
771 796 987 842 defmsione
1004 797 1187 836 Ecclesiae
1205 811 1294 837 voce
1311 798 1427 837 libera
1446 798 1558 851 hujus
1575 800 1706 839 mnndi

171 855 416 908 potestatibus
433 854 632 902 contraire,
652 854 738 894 lieet
751 854 964 907 pastoribus
983 859 1079 894 recta
1100 855 1267 895 timuisse
1283 856 1407 895 dieere
1420 857 1515 896 nihil
1533 858 1633 896 alind
1653 864 1709 897 est

171 927 285 967 quam
301 918 398 966 terga
420 914 527 954 tacite
542 913 755 965 praebuisse
770 926 813 952 ao
830 927 994 965 pugnam
1014 927 1082 965 pro
1097 915 1210 953 domo
1224 915 1331 954 lsrael
1348 915 1540 968 iirpraelio
1554 917 1704 955 Domini

170 974 339 1020 evitasse.
371 986 467 1026 quos
494 972 677 1013 Dominus
708 973 874 1025 increpet
904 987 970 1025 per
1000 973 1129 1012 lsaium
1149 990 1156 1011 ι
1185 975 1301 1012 Canes
1326 974 1419 1013 muti
1443 988 1517 1013 non
1545 975 1706 1014 valentes

170 1032 312 1073 latrare.
335 1030 443 1071 Vivat
467 1045 509 1070 se
532 1030 650 1070 valeat
675 1030 802 1070 Vestra
823 1031 1005 1070 Sanctitas
1027 1032 1242 1076 reverenda,
1265 1032 1373 1071 nobis
1395 1038 1431 1071 et
1453 1033 1589 1071 Christi
1611 1048 1706 1086 pau-

169 1089 323 1143 peribus
347 1090 386 1128 in
414 1089 612 1142 praedietis
641 1089 794 1142 aliquod
824 1090 1030 1128 remedium
1058 1091 1206 1129 salubre
1232 1091 1476 1138 conterende,
1503 1105 1588 1130 oum
1614 1093 1703 1131 libet

169 1147 332 1189 Domino
349 1162 545 1200 prospera,
562 1148 628 1200 qui
647 1148 694 1187 ab
712 1148 859 1187 amictis
875 1149 980 1201 pellit
994 1149 1162 1196 adversa,
1182 1155 1223 1187 ut
1240 1149 1312 1187 sub
1328 1150 1383 1188 alu
1400 1156 1539 1189 vestrae
1556 1157 1703 1203 proteo-

169 1206 282 1247 tionis
299 1207 501 1259 possimus,
524 1211 566 1245 ut
582 1206 770 1258 cupimus,
789 1208 971 1259 respiret-e
992 1221 1034 1245 ac
1053 1207 1222 1247 umbram
1245 1208 1448 1246 sentiamus
1465 1210 1703 1260 gratitudinis

168 1270 204 1305 et
216 1259 353 1319 quietis
371 1270 411 1304 ut
429 1265 467 1304 in
487 1278 576 1317 paee
590 1266 755 1304 viventes
774 1265 875 1317 pacis
892 1270 1080 1304 auctorem
1096 1266 1309 1312 laudemus,
1325 1280 1398 1306 unu
1414 1281 1503 1306 voce
1515 1268 1679 1307 dicentes
1695 1285 1702 1307 ι

168 1323 295 1373 Gloria
313 1323 351 1364 in
366 1323 538 1371 excelsis,
556 1327 636 1369 etc„
655 1323 719 1375 qui
740 1337 807 1375 per
823 1337 928 1362 suam
946 1323 1100 1376 gratiam
1118 1338 1270 1362 ilianum
1287 1325 1443 1376 porrigit
1457 1326 1567 1378 lapsis
1578 1356 1586 1371 ,
1604 1327 1703 1365 indi-

167 1387 292 1434 gentes
312 1382 410 1420 fovet
427 1386 463 1420 et
479 1381 636 1421 amietos
655 1381 836 1420 moestitia
857 1382 1079 1420 consolatur.

885 1505 985 1516 «ο..-

868 1650 1005 1689 (mxv.

302 1770 535 1809 Mandemem
552 1770 596 1808 de
613 1769 775 1822 l'offleae’al
791 1769 835 1809 de
858 1771 1035 1822 Tomwny
1053 1777 1174 1809 contre
1191 1784 1283 1809 ceum
1300 1773 1366 1823 qui
1385 1778 1562 1822 vesterpeno!

695 1828 744 1867 Ios
761 1828 860 1868 biens
878 1829 1172 1882 eccle-siastiques.

211 2013 390 2061 Offieialis
406 2021 651 2062 Tornaeonsis
667 2022 846 2063 omnibus
863 2023 1091 2074 presbyteris
1106 2028 1142 2061 et
1166 2023 1366 2074 capellanis
1387 2022 1424 2060 in
1444 2021 1581 2059 diocesi
1605 2021 1700 2059 Tor-

164 2079 310 2120 naeensi
338 2080 548 2120 constitutis
577 2080 624 2119 ad
655 2094 749 2133 quos
782 2085 990 2133 praesentes
1021 2081 1162 2119 litterae
1181 2080 1471 2132 perveniet-lutet
1488 2079 1699 2130 specialiter

163 2138 382 2190 presbytero
400 2138 446 2178 de
464 2138 717 2193 Waeseapella
735 2140 903 2179 salutem.

212 2197 307 2247 Quia
334 2197 476 2237 mundo
503 2198 624 2250 posito
650 2199 687 2239 in
714 2200 878 2251 maligno
905 2199 1075 2238 nonnulli
1101 2199 1139 2236 in
1165 2198 1320 2236 diversis
1345 2203 1381 2235 et
1407 2197 1581 2249 pluribus
1606 2197 1697 2236 locis

162 2257 332 2308 dyocesis
350 2257 593 2296 ’tornacensis
612 2263 900 2301 commorantes,
924 2272 1029 2296 caeca
1049 2257 1266 2309 cupiditate,
1285 2269 1398 2308 qnae,
1418 2261 1459 2294 ut
1475 2255 1527 2293 ait
1546 2261 1697 2307 aposto-

165 2316 238 2362 lus,
263 2315 425 2355 malitiae
450 2314 562 2355 totius
588 2321 644 2354 est
664 2316 788 2363 radix,
813 2316 975 2363 seducti,
1002 2316 1098 2354 bone
1123 2314 1285 2354 eeclesiis
1305 2320 1342 2353 et
1364 2327 1491 2352 earum
1518 2314 1697 2353 ministris

163 2374 336 2425 deputata
360 2373 533 2412 manibus
556 2373 737 2425 improbis
760 2374 1003 2413 irreverenter
1027 2374 1098 2413 sibi
1123 2373 1306 2413 attrahere
1330 2372 1477 2423 saepius
1501 2386 1542 2410 ac
1568 2372 1696 2410 multi-
