2184 3074
746 384 906 422 CODEX
934 386 1178 424 DUNENSIS.
1679 392 1727 428 59

189 501 328 552 quib'us
358 505 534 552 tanquam
565 501 705 552 iniquis
731 515 816 553 pars
842 502 1027 540 dictorum
1055 503 1294 541 scabinorum
1322 510 1356 542 et
1378 505 1544 555 justitiae
1573 507 1723 557 laycalis

188 562 439 610 competenter
455 563 490 597 et
508 559 671 611 legitime
688 559 734 597 ad
753 560 894 598 curiam
915 561 1133 599 Remensem
1154 563 1363 613 appellavit.

236 618 342 657 Unde
366 622 499 669 petunt
523 618 612 656 dicti
638 619 780 656 scabini
800 624 836 656 et
850 619 994 669 justitia
1013 620 1163 670 layealis
1187 621 1303 659 dictas
1324 624 1523 662 sententias
1543 629 1719 676 tanquam

186 676 354 728 iniquas,
372 681 409 714 et
424 677 606 728 quicquid
625 682 791 715 secutum
811 683 926 715 estex
946 678 997 716 eis
1016 679 1071 715 vel
1096 679 1145 716 ob
1168 693 1228 717 eas
1251 686 1379 718 contra
1403 681 1522 719 dictos
1548 683 1719 721 scabinos

184 738 220 771 et
231 734 414 784 justitiam
433 735 627 786 laycalem,
645 736 856 774 denuntiari
875 737 1022 787 penitus
1042 751 1116 775 non
1135 742 1277 785 tenere,
1293 743 1329 776 et
1342 739 1432 776 haec
1450 740 1581 778 dicunt
1598 746 1634 778 et
1652 755 1719 792 pe—

184 797 268 830 tunt
285 793 324 830 in
343 793 520 832 omnibus
535 794 630 844 juris
649 795 830 832 beneficio
848 795 918 832 sibi
939 796 1052 833 salvo.

231 851 288 889 Ad
316 865 411 902 quae
439 853 639 903 respondet
670 852 857 895 Gerardus
887 853 933 890 de
965 854 1129 900 Bruaco,
1147 855 1317 899 clericus,
1350 862 1569 906 procurator
1598 858 1718 896 dictae

182 909 361 957 Marthae,
379 924 446 961 per
471 911 611 949 litteras
633 912 763 950 decani
789 912 1067 950 christianitatis
1093 914 1310 964 Brugensis,
1336 916 1542 965 appellator
1566 930 1645 955 esse
1671 918 1718 955 de

182 968 277 1005 sacto
295 973 331 1005 et
349 982 424 1006 non
443 969 489 1006 de
502 969 602 1019 jure,
619 974 655 1007 et
673 971 762 1007 feria
781 975 912 1021 quarta
936 976 1018 1021 post
1046 971 1196 1008 Cantate
1221 977 1275 1009 est
1296 972 1374 1009 dies
1398 973 1580 1026 assignata
1606 975 1716 1013 dictis

180 1026 348 1077 partibus
376 1027 423 1063 ad
446 1028 719 1078 reportandum
751 1029 922 1066 universa
955 1034 1034 1066 acta
1062 1029 1245 1067 dictarum
1273 1043 1468 1068 causarum
1496 1032 1567 1069 sub
1592 1033 1715 1083 sigillo

179 1084 302 1121 curiae
319 1085 562 1123 Tornacensis
578 1086 794 1133 interclusa,
814 1091 849 1124 et
867 1087 906 1124 P.
925 1088 1047 1124 dietus
1068 1117 1176 1125 .....
1198 1089 1268 1125 suit
1283 1095 1502 1139 procurator
1519 1104 1587 1141 pro
1606 1091 1715 1130 dictis

178 1142 339 1180 scabinis
361 1147 398 1180 et
414 1143 559 1193 justitia
587 1145 717 1194 laycali
741 1159 808 1196 per
830 1146 968 1183 litteras
998 1147 1298 1197 presbyterorum
1326 1147 1373 1184 de
1395 1148 1488 1185 Dam
1520 1154 1555 1186 et
1584 1149 1714 1187 decani

176 1199 454 1238 christianitatis
480 1202 681 1253 Brugensis
697 1232 706 1250 ,
729 1208 764 1240 et
787 1217 832 1240 ex
855 1203 1088 1241 habundanti
1116 1205 1212 1242 cavit
1237 1205 1358 1243 dictus
1385 1213 1603 1256 procurator
1628 1222 1713 1245 cum

178 1258 242 1295 illo
261 1259 438 1296 mandato
455 1260 526 1297 sub
545 1274 663 1311 poena
682 1275 727 1298 xi„
744 1261 949 1310 solidorum
970 1263 1234 1300 parisiensium
1249 1264 1295 1300 de
1310 1264 1542 1302 rehabitione
1554 1265 1600 1302 ad
1614 1266 1713 1303 diem

179 1317 350 1355 habenda
367 1331 458 1355 voce
476 1319 533 1356 vel
553 1319 695 1357 litteris.
713 1320 867 1366 Datum,
886 1327 954 1358 etc.

228 1376 319 1413 ltem
348 1377 437 1414 feria
460 1382 591 1428 quarta
615 1382 699 1429 post
717 1379 935 1417 Trinitatem
962 1385 1016 1418 est
1041 1380 1120 1418 dies
1149 1381 1331 1430 assignata
1357 1381 1540 1427 Marthae,
1566 1383 1714 1420 relictae

177 1434 361 1472 Johannis
387 1435 539 1483 viduae,
566 1436 749 1487 beghinae
775 1438 1065 1488 crucesignatae,
1096 1443 1224 1475 contra
1256 1439 1433 1488 laycalem
1460 1439 1642 1488 justitiam
1677 1446 1713 1478 et

175 1492 347 1530 scabinos
365 1493 412 1530 de
428 1494 542 1540 Dam,
561 1498 598 1531 et
613 1508 632 1531 e
654 1495 841 1532 contrario
861 1495 906 1532 ad
929 1495 1196 1546 disputandum
1225 1509 1336 1546 super
1359 1497 1448 1534 actis
1471 1493 1649 1543 remissis,
1676 1504 1712 1536 et

176 1555 349 1589 tenentur
373 1552 463 1590 dicti
486 1553 638 1604 laycalis
656 1549 799 1604 justitia
823 1559 859 1591 et
880 1555 1021 1592 scabini
1045 1555 1198 1593 reddere
1222 1555 1405 1606 beghinae
1432 1557 1488 1592 vel
1516 1557 1595 1606 ejus
1622 1571 1711 1608 pro-

175 1610 335 1648 curatori
354 1610 400 1647 ad
419 1611 517 1649 diem
536 1618 620 1649 ante
636 1613 710 1650 litis
729 1613 936 1663 ingressum
955 1627 1019 1650 sex
1038 1614 1176 1651 solidos
1195 1614 1418 1651 Parisienses
1433 1628 1500 1665 pro
1516 1615 1711 1653 medietate

173 1669 432 1717 reportationis
450 1675 627 1708 actorum.
650 1671 748 1709 Talis
767 1676 803 1709 et
819 1672 900 1709 talis
918 1672 1068 1709 suerunt
1085 1677 1352 1722 procuratores.
1377 1673 1531 1718 Datum,
1551 1678 1619 1711 etc.

223 1726 290 1763 Die
308 1723 490 1777 assignata
504 1728 551 1765 ad
566 1729 834 1780 disputandum
848 1743 959 1780 super
975 1730 1066 1767 actis
1085 1730 1246 1767 remissis
1266 1730 1304 1767 in
1323 1743 1432 1767 causa
1450 1731 1708 1780 appellationis

173 1798 270 1835 quae
291 1785 447 1823 vertitur
471 1786 510 1823 in
537 1787 640 1824 curia
672 1788 843 1826 Remensi
871 1788 967 1825 inter
991 1788 1162 1825 scabinos
1188 1792 1224 1824 et
1251 1788 1428 1837 laycalem
1452 1788 1633 1838 justitiam
1662 1790 1709 1826 de

173 1843 284 1890 Dam,
303 1857 348 1881 ex
366 1858 440 1881 una
459 1850 580 1896 parte,
603 1850 639 1883 et
661 1846 839 1883 Martham
864 1846 1028 1883 relictam
1050 1875 1182 1883 ......
1206 1859 1250 1882 ex
1273 1846 1405 1892 altera,
1425 1847 1463 1883 in
1482 1860 1522 1883 ea
1541 1860 1647 1884 causa
1668 1848 1706 1884 in

172 1914 246 1951 qua
265 1901 527 1953 condempnati
547 1908 635 1940 sunt
652 1903 740 1940 dicti
761 1904 902 1941 scabini
925 1908 960 1940 et
985 1903 1136 1954 laycalis
1155 1903 1298 1953 justitia
1320 1903 1440 1940 dictae
1459 1905 1638 1951 Marthae,
1667 1906 1705 1942 in

174 1957 274 1996 hunc
293 1956 447 1996 modum
462 1961 604 2010 judicia
623 1966 658 1998 et
675 1961 819 1999 decreta
838 1962 901 1999 lite
919 1961 1104 2012 pendente
1122 1962 1234 2007 sacta,
1253 1962 1299 1998 de
1316 1962 1455 2012 quibus
1472 1962 1508 1998 in
1529 1963 1706 2012 petitione

172 2015 291 2053 dictae
314 2018 460 2055 actricis
478 2018 549 2055 suit
566 2019 726 2066 mentio,
750 2025 786 2057 et
810 2020 993 2070 quicquid
1020 2033 1064 2056 ex
1091 2019 1143 2056 eis
1166 2025 1333 2056 secutum
1353 2024 1420 2063 est,
1441 2020 1706 2057 sententialiter

171 2074 371 2120 irritamus,
386 2075 564 2127 irritaque
580 2090 658 2114 esse
671 2077 806 2114 debere
820 2077 1101 2123 denuntiamus,
1115 2077 1161 2113 ad
1177 2077 1385 2113 elidendam
1401 2081 1437 2113 et
1449 2077 1702 2126 perimendam

171 2134 413 2173 intentionem
432 2137 552 2175 dictae
573 2139 739 2176 Marthae
765 2144 800 2176 et
825 2139 871 2176 ad
889 2139 946 2176 sui
966 2139 1238 2184 defensionem,
1264 2143 1299 2174 ct
1322 2138 1367 2174 ad
1395 2138 1495 2174 hunc
1522 2139 1633 2175 finem
1661 2144 1703 2176 ut

169 2192 266 2230 dieta
288 2195 469 2233 sententia
495 2196 719 2243 infirmetur,
738 2197 985 2248 peremptorie
1009 2197 1186 2247 proponit
1206 2209 1290 2246 pars
1317 2196 1501 2232 dictorum
1529 2197 1701 2235 scabino-

169 2265 252 2288 rum
271 2257 307 2289 et
321 2253 471 2303 laycalis
489 2254 654 2304 justitiae
671 2261 798 2294 contra
817 2257 953 2294 dictam
972 2256 1153 2293 Martham
1172 2255 1273 2306 quod
1292 2254 1388 2292 dicta
1407 2255 1565 2301 Martha,
1585 2257 1703 2294 multo

171 2313 336 2361 tempore
365 2316 450 2349 ante
475 2313 676 2351 editionem
704 2315 893 2365 petitionis
921 2315 1008 2351 dieti
1038 2314 1242 2364 attemptati
1267 2313 1303 2349 in
1326 2326 1402 2363 quo
1427 2313 1497 2350 lata
1525 2318 1580 2350 est
1605 2314 1703 2352 dicta

169 2368 364 2414 sententia,
381 2370 605 2420 supplicavit
618 2376 654 2408 et
670 2372 776 2422 petiit
793 2386 812 2409 a
830 2372 939 2409 dictis
955 2371 1117 2409 scabinis
1131 2376 1167 2407 et
1184 2370 1316 2420 laycali
1330 2370 1474 2420 justitia
1490 2370 1592 2421 quod
1609 2385 1703 2422 pan-

169 2426 301 2464 darent
315 2432 351 2475 et
367 2428 522 2478 pandari
546 2430 707 2467 facerent
727 2435 763 2468 et
783 2444 907 2468 secum
931 2430 1027 2467 irent
1047 2430 1093 2467 ad
1118 2429 1358 2480 pandandum
1378 2429 1563 2467 debitores
1581 2430 1701 2469 dictae

168 2485 332 2523 Marthae
348 2492 384 2524 et
407 2488 613 2539 specialiter
630 2490 783 2527 domum
807 2490 974 2527 Nicholai
1000 2489 1066 2526 lilii
1089 2489 1271 2527 Johannis
1295 2502 1362 2539 pro
1387 2488 1550 2539 quodam
1573 2489 1699 2527 debito
