2184 3074
427 315 497 352 18⁶2
973 311 1144 349 CODEX.
1164 311 1409 350 DUNENSIS.

425 431 507 468 liter
522 444 767 473 reservamus,
786 430 1024 466 decernentes
1048 429 1195 466 irritum
1214 433 1249 465 et
1268 429 1377 466 inane
1394 429 1424 466 si
1446 443 1550 467 secus
1569 430 1615 467 de
1633 431 1730 468 dieta
1750 432 1959 482 praebenda

426 503 492 540 per
509 503 575 527 nos
594 489 716 526 taliter
733 493 915 525 reservata
933 487 1129 538 contigerit
1146 488 1367 538 attemptari.

473 548 556 595 Quo
574 547 670 583 circa
689 545 903 583 discretioni
922 550 1064 582 vestrae
1085 546 1302 583 auctoritate
1320 546 1521 597 praemissa
1539 546 1762 585 mandamus
1779 553 1961 599 quatenus

423 618 489 642 vos
514 605 572 642 vel
591 605 683 643 alter
704 608 886 649 vestrum,
906 603 1191 641 reservationem
1215 608 1250 640 et
1271 603 1460 641 decretum
1489 603 1706 653 hujusmodi
1725 605 1772 643 ad
1795 605 1960 655 ejusdem

424 662 622 713 praepositi
642 666 677 698 et
702 661 946 698 discretorum
973 661 1138 698 virorum
1163 661 1293 698 decani
1314 666 1350 699 et
1375 662 1528 713 capituli
1551 663 1736 713 praefatae
1758 665 1961 715 Brugensis

424 721 597 759 ecclesiae
619 720 787 757 notitiam
812 720 1074 770 perducentes,
1102 721 1171 771 ipsi
1193 721 1402 771 praeposito
1433 721 1480 758 ad
1503 735 1615 772 quem
1641 722 1680 759 in
1705 723 1856 760 ecclesia
1884 723 1962 774 ipsa

425 780 571 817 collatio
594 784 759 830 spectare
776 779 914 815 dicitur
933 778 1242 829 praebendarum,
1266 793 1311 816 ne
1330 779 1376 816 de
1393 779 1605 831 praebenda
1632 780 1728 831 ipsa,
1749 794 1835 818 cum
1855 795 1964 819 vaca-

425 839 534 884 verit,
554 838 756 888 quicquam
776 838 878 874 aliud
897 843 1024 875 contra
1043 838 1329 876 reservationem
1347 844 1383 876 et
1399 839 1591 877 decretum
1607 840 1794 890 praedicta
1817 841 1964 878 ordinet

426 897 481 933 vel
501 896 693 947 disponat,
715 901 750 933 et
771 896 880 933 dictis
902 896 1043 934 decano
1069 901 1105 934 et
1133 897 1297 947 capitulo
1323 897 1370 934 ad
1393 910 1489 949 quos
1515 898 1781 935 canonicorum
1802 899 1964 950 receptio
1991 917 1999 922 ·

425 955 580 1000 ibidem,
599 955 694 992 sicut
707 955 893 1002 asseritur,
912 955 1086 1006 pertinet,
1103 969 1150 992 ne
1163 969 1392 1007 quemquam
1407 956 1523 994 alium
1538 957 1720 1007 recipiant
1733 957 1780 994 ad
1795 956 1963 994 eamdem

426 1013 595 1051 inhibere
609 1013 744 1050 curetis
758 1027 778 1050 a
793 1013 1061 1052 nichilominus
1075 1015 1241 1065 praefato
1255 1015 1432 1066 magistro
1446 1015 1623 1062 Iohanni,
1641 1019 1678 1052 et
1695 1029 1808 1066 quam
1831 1015 1905 1052 cito
1926 1028 1965 1053 se

426 1072 579 1108 facultas
597 1072 775 1122 optulerit
793 1072 839 1108 de
857 1072 1068 1122 praebenda
1087 1072 1303 1122 hujusmodi
1326 1073 1563 1124 providentes
1586 1073 1771 1111 inducatis
1787 1087 1890 1120 eum,
1907 1074 1964 1111 vel

427 1135 703 1181 procuratorem
718 1144 830 1168 suum
848 1130 928 1180 ejus
947 1131 1117 1178 nomine,
1133 1131 1171 1168 in
1190 1132 1420 1183 corporalem
1436 1133 1706 1183 possessionem
1721 1133 1839 1184 ipsius
1856 1146 1965 1184 prae-
1997 1165 2005 1168 ,

426 1189 585 1236 bendae,
601 1190 745 1240 jurium
763 1195 799 1227 et
816 1190 1126 1241 pertinentiarum
1151 1191 1249 1241 ejus,
1275 1184 1312 1228 et
1335 1191 1542 1229 defendatis
1569 1190 1764 1229 inductum
1792 1191 1966 1229 facientes

426 1248 598 1285 eumdem
617 1249 836 1300 magistrum
854 1249 1064 1287 Johannem
1076 1279 1085 1296 ‚
1103 1250 1161 1287 vel
1183 1254 1461 1300 procuratorem
1481 1250 1604 1300 ipsum
1625 1262 1693 1300 pro
1715 1262 1777 1296 eo,
1795 1249 1842 1286 ad
1859 1262 1968 1300 prae-

427 1308 538 1344 fatam
553 1308 819 1358 praebendam,
835 1313 1033 1359 postquam
1047 1309 1094 1346 de
1108 1309 1170 1346 illa
1183 1313 1336 1347 vacante
1349 1309 1422 1347 sibi
1437 1309 1630 1360 provisum
1646 1308 1774 1355 fuerit,
1787 1307 1826 1345 in
1840 1307 1967 1345 eadem

428 1365 608 1416 Brugensi
628 1367 780 1404 ecclesia
801 1367 839 1403 in
857 1368 1079 1404 canonicum
1098 1367 1212 1418 recipi
1232 1372 1268 1404 et
1286 1368 1324 1405 in
1342 1368 1513 1413 fratrem,
1531 1367 1681 1418 sibique
1694 1366 1750 1403 vel
1765 1366 1865 1404 dicto
1880 1379 1968 1417 pro-

428 1424 589 1461 curatori
609 1438 677 1475 pro
697 1425 777 1476 ipso
795 1425 842 1463 de
859 1426 979 1463 dictae
993 1425 1227 1476 praebendae
1246 1425 1448 1472 fructibus,
1463 1425 1690 1471 redditibus,
1708 1423 1967 1475 proventibus,

424 1481 574 1531 juribus
593 1488 629 1520 et
646 1484 937 1522 obventionibus
963 1485 1147 1522 universis
1170 1485 1310 1536 integre
1337 1484 1572 1536 responderi,
1599 1484 1707 1521 stallo
1734 1483 1772 1520 in
1798 1483 1914 1520 choro
1933 1488 1968 1530 et

430 1541 510 1578 loco
529 1542 566 1578 in
586 1542 750 1592 capitulo
769 1556 855 1580 eum
873 1543 1107 1594 plenitudine
1122 1543 1217 1593 juris
1246 1543 1414 1580 canonici
1438 1542 1559 1580 eidem
1588 1541 1855 1579 nichilominus
1874 1541 1967 1578 inibi

429 1600 638 1650 assignatis,
657 1602 945 1640 contradictores
964 1616 1030 1653 per
1047 1615 1242 1639 censuram
1261 1601 1544 1639 ecclesiasticam
1564 1601 1845 1652 compescendo.
1906 1599 1916 1607 '

480 1658 614 1695 Datum
635 1659 798 1697 Parisius
817 1665 921 1698 sexto
947 1661 1031 1698 idus
1053 1661 1216 1711 augusti,
1242 1659 1481 1710 pontificatus
1499 1659 1642 1696 domini
1667 1658 1833 1696 Nicholai
1853 1665 1970 1708 papa‘e

433 1717 528 1754 tertii
548 1732 646 1755 anno
664 1719 840 1756 secundo.

1148 1803 1157 1806 >
1163 1801 1249 1810 ου’.

1123 1934 1272 1972 CCCLV
1278 1964 1286 1970 .

483 2050 714 2087 Mandement
738 2050 872 2100 relatis
883 2052 905 2088 ἀ
925 2051 1148 2088 l’eaee'cution‘
1164 2051 1208 2088 de
1234 2051 1272 2088 Ia
1287 2063 1475 2100 promes-se
1498 2049 1589 2101 saite
1607 2051 1628 2087 ἀ
1646 2051 1740 2087 ,Ιειιπ
1764 2049 1808 2086 de
1828 2048 1923 2086 Lille

821 2148 828 2156 ,
847 2122 924 2158 par
949 2109 980 2146 Ie
1005 2109 1181 2147 cardinal
1201 2109 1329 2147 Simon
1355 2110 1399 2146 de
1423 2110 1552 2147 Brion.

486 2302 557 2338 Nos
576 2302 748 2351 magister
765 2303 840 2348 W.,
865 2307 1052 2350 executor,
1084 2317 1157 2340 una
1179 2316 1264 2340 cum
1287 2302 1491 2340 venerabili
1509 2301 1590 2339 viro
1608 2300 1784 2350 magistro
1800 2298 1971 2336 Johanne

435 2359 534 2396 dicto
552 2360 689 2406 Debet,
709 2361 888 2398 canonico
906 2362 1147 2408 Tornacensi,
1164 2375 1277 2413 super
1294 2361 1540 2399 reservatione
1558 2357 1791 2411 praebendae
1807 2356 1971 2407 integrae

437 2431 510 2455 non
530 2418 764 2456 sacerdotalis
787 2419 958 2469 proxinw
987 2419 1022 2456 in
1050 2420 1234 2470 praesenti
1259 2419 1411 2457 ecclesia
1438 2419 1537 2456 Beati
1562 2416 1761 2455 Donatiani
1790 2415 1969 2465 Brugensi
