2184 3074
473 329 545 367 522
1020 323 1080 361 CO
1086 323 1179 360 DEX
1207 323 1452 361 DUNENSIS.

472 442 618 488 tranda,
642 440 845 486 laudanda,
865 438 1089 476 arbitr-aliter
1105 437 1378 483 sententienda,
1395 438 1630 484 diffinienda,
1648 439 1942 489 pronuntianda,
1959 443 2001 476 ut

471 500 729 551 praemittitur,
744 503 894 544 restant,
913 497 1087 541 addendi,
1107 496 1315 542 minuendi,
1341 496 1564 547 corrigendi,
1585 497 1867 547 interpretandi,
1889 498 1999 535 semel

473 563 508 595 et
525 558 665 608 pluries
686 562 722 594 et
743 557 915 608 quotiens
934 556 1043 593 nobis
1065 554 1247 605 placuerit
1268 567 1311 591 ac
1334 554 1524 592 videbitur
1548 554 1732 605 expedire.
1751 555 1943 592 Caeterum
1960 559 2004 593 ut

473 616 623 653 dextera
639 616 791 653 Domini
815 627 911 665 quae
928 614 1061 650 miram
1075 613 1163 649 facit
1176 613 1214 649 in
1230 625 1384 649 suorum
1403 625 1559 663 operum
1577 613 1794 650 executione
1810 613 1984 650 virtutem
1995 641 2005 659 ,

474 674 658 711 efficacius
679 677 715 710 et
734 672 932 723 perfectius
952 671 1041 708 huic
1057 671 1205 721 negotio
1224 675 1474 720 prosperetur,
1492 671 1693 708 terminum
1714 671 2005 722 peremptorium

474 745 623 769 exnunc
640 732 729 782 ipsis
747 731 896 781 regibus
917 729 1187 780 assignavimus
1206 733 1268 775 ut,
1285 729 1461 766 omnibus
1475 729 1513 765 in
1528 729 1710 779 praesenti
1728 729 1883 767 arbitrio
1901 728 2010 766 nobis

473 790 686 840 supradicto
705 789 853 840 negotio
871 788 1063 825 reservatis
1081 791 1117 824 et
1133 787 1180 824 ad
1197 800 1239 823 ea
1258 787 1548 837 pertinentibus,
1566 787 1641 825 illis
1658 788 1718 825 die
1735 801 1778 825 ac
1802 789 1884 825 loco
1902 800 2007 825 com-

469 852 621 898 pareant
637 860 759 884 coram
775 846 900 892 nobis,
914 846 960 883 de
975 846 1114 896 quibus
1128 845 1180 883 eis
1198 845 1244 882 ad
1261 845 1300 882 id
1317 858 1384 895 per
1399 845 1540 883 litteras
1554 850 1698 883 nostras
1715 845 1893 883 duximus
1906 857 2005 882 nun-

469 906 655 952 tiandum,
681 918 766 942 cum
792 905 931 955 quibus
958 917 1070 955 super
1093 903 1166 941 hiis
1192 917 1260 954 pro
1283 900 1451 954 ipsorum
1480 904 1605 954 quiete
1632 917 1675 941 ac
1700 915 1880 954 prospero
1910 907 2006 941 statu

472 964 603 1001 mundi
625 969 661 1001 et
682 977 750 1014 pro
774 963 932 1000 utilitate
957 963 1094 1014 negotii
1118 967 1236 999 terrae
1265 966 1412 999 sanctae
1443 962 1639 1012 providere
1670 962 1868 999 salubriter
1897 962 2007 999 dante

472 1023 634 1060 Domino
651 1023 850 1060 valeamus.

1170 1105 1289 1121 700*—

1139 1239 1323 1277 CCCLXll
1329 1239 1355 1276 l.

496 1356 714 1395 Absolution
732 1357 823 1395 d'un
842 1358 959 1394 moine
977 1357 1021 1394 de
1039 1356 1201 1406 l’abbaye
1217 1357 1261 1394 de
1283 1357 1316 1394 T
1315 1356 1432 1394 bosan
1451 1359 1517 1407 qui
1532 1359 1632 1395 avait
1649 1356 1759 1395 blesse
1775 1370 1825 1395 un
1843 1356 1981 1395 e'colt'er.

519 1551 737 1588 Reverendo
764 1551 859 1601 patri
885 1564 927 1587 ac
950 1551 1104 1588 domino
1129 1564 1197 1588 suo
1221 1552 1260 1588 in
1287 1551 1435 1589 Christo
1461 1551 1656 1588 karissimo
1681 1550 1835 1588 domino
1854 1550 1921 1596 M.,
1939 1549 2006 1586 Dei

469 1609 586 1658 gratia
601 1609 804 1646 venerabili
822 1610 1047 1646 Tornacensi
1065 1609 1240 1660 episcopo
1258 1614 1294 1647 et
1305 1609 1490 1647 universis
1508 1609 1555 1646 ad
1577 1621 1672 1659 quos
1691 1612 1901 1659 praesentes
1915 1607 2007 1645 litte-

470 1680 532 1704 rae
563 1668 816 1717 pervenerint,
844 1668 957 1704 frater
983 1668 1038 1713 A„
1066 1668 1187 1706 dictus
1213 1668 1328 1705 abbas
1354 1668 1400 1705 de
1421 1667 1592 1716 Thosan,
1609 1668 1765 1705 salutem
1791 1667 1830 1703 in
1849 1666 2007 1703 Domino

471 1726 744 1776 sempiternam.

522 1782 664 1830 Vestra,
691 1784 842 1821 domine
863 1784 1108 1822 Tornacensis
1131 1785 1322 1836 episcope,
1340 1784 1555 1823 Reverenda
1576 1783 1780 1820 paternitas
1798 1787 1835 1820 et
1858 1783 2009 1820 illorum

473 1843 642 1881 omnium
661 1844 707 1881 ad
730 1857 824 1895 quos
849 1844 991 1882 litterae
1014 1845 1105 1883 istae
1131 1846 1368 1896 pervenerint
1395 1844 1616 1882 universitas
1642 1843 1787 1881 noverit
1812 1843 1914 1894 quod
1940 1855 2008 1880 nos

472 1901 610 1939 litteras
632 1903 793 1953 religiosi
814 1903 884 1940 viri
906 1903 1028 1941 fratris
1049 1903 1180 1941 Jacobi
1201 1903 1248 1941 de
1268 1903 1405 1950 Dunis,
1423 1903 1566 1940 domini
1584 1915 1701 1953 papae
1717 1900 2008 1952 poenitentiarii,

472 1960 680 2010 recepimus
698 1961 737 1997 in
755 1961 846 1998 haec
862 1962 975 1998 verba
994 1977 1002 1998 :

521 2019 648 2056 Frater
663 2020 827 2057 Jacobus
846 2020 893 2057 de
909 2020 1030 2058 Dunis
1040 2049 1049 2067 ,
1063 2020 1207 2057 domini
1225 2033 1342 2071 papae
1355 2019 1679 2070 poenitentiarius,
1696 2018 1831 2055 dilecto
1845 2018 1884 2055 in
1898 2017 2009 2055 Chri-

472 2080 527 2114 sto
543 2077 668 2114 abbati
683 2079 897 2116 monasterii
912 2079 1048 2116 Beatae
1066 2079 1200 2116 Mariae
1215 2079 1262 2116 de
1279 2079 1444 2125 Thosan,
1462 2078 1606 2117 ordinis
1619 2076 1889 2124 Cisterciensis,
1909 2077 2010 2114 salu-

472 2140 544 2171 tem
564 2135 603 2172 in
621 2136 797 2174 Domino.

521 2194 576 2231 Ex
589 2198 693 2244 parte
707 2195 830 2232 fratris
845 2195 996 2232 Hem-ici
1012 2194 1186 2232 monachi
1201 2195 1312 2232 vestri
1326 2194 1541 2233 monasterii
1555 2194 1627 2231 fuit
1635 2193 1868 2245 propositum
1883 2204 2008 2230 coram

473 2252 580 2289 nobis
594 2253 698 2302 quod
713 2252 792 2303 ipse
805 2252 896 2290 olim
907 2282 916 2298 ,
929 2266 1016 2290 cum
1034 2258 1129 2291 esset
1146 2253 1184 2290 in
1201 2254 1337 2300 seculo,
1354 2253 1555 2304 quemdam
1573 2265 1684 2290 suum
1703 2252 1880 2289 scolarem
1898 2258 2026 2299 causa,

472 2310 711 2348 correctionis
734 2311 838 2361 virga
864 2311 1012 2349 incaute
1040 2311 1224 2362 percussit
1249 2312 1299 2349 ita
1321 2311 1423 2362 quod
1443 2325 1488 2349 ex
1509 2310 1747 2362 percussione
1773 2309 1836 2346 illa
1855 2308 2006 2346 oculum

471 2368 596 2404 amisit
613 2384 621 2404 ;
641 2382 756 2418 quare
775 2370 978 2419 supplicari
997 2370 1084 2407 fecit
1104 2370 1296 2407 humiliter
1315 2370 1388 2408 sibi
1407 2383 1520 2421 super
1537 2369 1609 2406 hoc
1621 2381 1688 2419 per
1701 2367 1832 2406 Sedem
1845 2367 2007 2416 Aposto-

472 2425 581 2462 licam
608 2426 654 2463 de
681 2427 933 2466 misericordia
957 2429 1158 2479 provideri.
1181 2429 1255 2467 Nos
1281 2433 1402 2467 autem
1426 2428 1643 2466 auctoritate
1659 2426 1801 2464 domini
1827 2437 1945 2475 papae
1970 2429 2006 2461 et
