2184 3074
438 311 505 348 186
984 307 1147 345 CODEX
1172 306 1420 346 DUNENSIS.

431 434 532 473 sunu
551 429 659 466 nobis
678 428 836 465 fideliter
850 427 1059 464 rescribatis
1079 426 1136 463 vel
1158 425 1355 471 rescribas,
1374 424 1426 461 hii
1450 425 1507 461 vel
1528 425 1558 462 is
1576 424 1642 475 qui
1659 425 1823 474 praefata
1843 427 1968 462 nostra

433 487 603 524 mandata
627 486 764 523 fuerint
780 487 836 522 vel
858 485 967 522 fuerit
991 484 1135 521 executi
1154 484 1212 520 vel
1232 487 1420 520 executus.
1440 483 1481 519 In
1508 481 1581 519 hiis
1599 486 1720 518 autem
1740 481 1968 532 exequendis

431 550 466 580 et
483 545 634 593 agendis
653 545 743 580 alter
762 549 922 581 vestrum
936 573 944 590 ,
958 548 1026 580 etc.
1047 544 1202 588 Datum⁷
1220 546 1290 578 etc.

1145 646 1266 656 w

1132 778 1271 815 CXVll.

429 887 516 922 Acce
533 887 680 935 d'appel
704 901 752 923 ιιιι
774 887 1004 937 Ξαίηι-δίόρρ
1029 888 1194 938 interjete'
1215 900 1290 936 par
1315 887 1463 925 Nicolas
1485 886 1548 924 des
1569 888 1734 932 Rosiers,
1755 898 1968 936 procureur

747 946 808 987 des
835 947 1055 983 monasteres
1078 946 1122 983 de
1141 947 1297 983 Cieeauae
1315 952 1347 983 ct
1363 946 1407 983 de
1426 946 1643 984 Glairvauoe.

477 1118 516 1154 ln
537 1118 672 1155 Clu-isti
692 1119 843 1156 nomine
861 1133 979 1156 amen.
1000 1121 1070 1157 Per
1094 1133 1266 1170 praesens
1290 1121 1483 1171 publicum
1509 1121 1799 1158 instrumentum
1822 1119 1966 1158 eunctis

428 1182 550 1226 pateat
577 1175 767 1214 evidenter
783 1179 886 1229 quod
907 1192 1005 1215 anno
1031 1179 1182 1216 Domini
1209 1180 1261 1216 Μ0
1281 1180 1353 1216 CCo
1378 1179 1617 1230 nonagesimo
1639 1179 1821 1226 secundo,
1844 1178 1969 1216 indie-

430 1235 529 1271 lione
543 1236 690 1285 quinta,
707 1237 945 1286 pontificatus
964 1237 1107 1274 domini
1123 1237 1293 1275 Nicholai
1308 1250 1425 1288 papae
1443 1237 1528 1274 llll·i
1545 1250 1644 1274 anno
1661 1237 1812 1288 quinto,
1831 1237 1968 1276 mensis

429 1294 556 1344 aprilis
575 1294 635 1330 die
650 1308 766 1338 nona„
787 1295 854 1331 hac
872 1296 1024 1345 quidem
1044 1296 1104 1332 (lie
1125 1296 1297 1333 videlicet
1316 1296 1376 1333 die
1395 1296 1568 1333 mercurii
1583 1300 1668 1347 post
1681 1297 1816 1334 festum
1830 1297 1971 1335 Resur-

429 1352 604 1388 rectionis
624 1352 774 1389 Domini
795 1353 891 1390 circa
920 1354 1047 1390 boram
1070 1367 1327 1405 vesperarum,
1356 1354 1395 1391 in
1422 1354 1493 1390 mei
1517 1354 1651 1391 notarii
1672 1354 1815 1404 publici
1835 1354 1971 1392 infras-

430 1410 536 1460 cripti
565 1416 600 1447 et
626 1411 773 1447 testium
794 1412 1091 1462 subscriptorum
1112 1413 1317 1463 praesentia
1343 1412 1554 1458 constituti,
1576 1413 1806 1450 venerabiles
1824 1418 1860 1451 et
1882 1413 1970 1450 reli-

429 1469 521 1519 giosi
554 1469 622 1504 viri
654 1469 699 1505 de
731 1470 982 1507 cisterciensis
1015 1476 1050 1507 et
1076 1471 1122 1508 de
1153 1471 1453 1508 Claraevallensis
1483 1471 1792 1509 monasteriorum
1818 1471 1970 1510 abbates

432 1528 611 1573 fecerunt,
633 1528 908 1566 constituerunt
931 1534 966 1566 et
987 1530 1255 1566 ordinaverunt
1278 1543 1364 1567 suos
1392 1543 1496 1567 veros
1517 1534 1553 1566 et
1574 1530 1759 1581 legitimos
1790 1544 1970 1581 procura-

432 1592 527 1622 tores
548 1600 589 1622 ac
609 1587 758 1623 nuntios
783 1588 959 1638 speciales
989 1588 1179 1638 religiosos
1203 1589 1332 1626 fratres
1353 1588 1589 1626 Willelmum
1615 1589 1660 1626 de
1678 1589 1917 1627 Autisiodoro
1935 1596 1971 1628 et

430 1644 651 1681 Nicliolaum
685 1645 730 1681 (le
767 1646 948 1692 Roseriis7
986 1646 1187 1683 monachos
1222 1646 1311 1683 dicti
1343 1647 1556 1684 monasterii
1589 1648 1905 1692 Claraevallensis‚
1936 1652 1972 1685 et

431 1703 636 1752 quemlibet
650 1716 777 1739 eorum
799 1703 835 1740 in
856 1704 1034 1750 solidum,
1051 1705 1098 1741 ita
1118 1704 1221 1755 quod
1241 1718 1316 1741 non
1336 1705 1384 1742 sit
1401 1705 1533 1742 melior
1551 1706 1767 1756 occupantis
1786 1706 1971 1753 conditio,

432 1761 495 1797 sed
509 1761 610 1810 quod
631 1775 726 1798 nnus
745 1775 872 1798 eorum
894 1763 1074 1813 inceperit
1089 1764 1181 1800 alter
1198 1764 1374 1814 prosequi
1389 1765 1508 1801 valeat
1527 1770 1562 1801 et
1579 1765 1703 1811 finire,
1719 1766 1767 1802 ad
1785 1765 1970 1816 agendum

433 1835 500 1871 pro
520 1821 620 1871 ipsi&
637 1822 811 1871 ipsosque
826 1822 1118 1869 defendendum7
1135 1837 1281 1860 necnon
1300 1823 1345 1860 ad
1366 1825 1674 1874 proponendum,
1691 1825 1971 1876 excipiendum,

433 1879 733 1930 respondendum
761 1886 796 1916 et
820 1882 1054 1931 allegandum
1080 1896 1147 1932 pro
1171 1882 1260 1933 ipsis
1287 1887 1322 1919 et
1349 1882 1515 1932 ipsorum
1539 1883 1726 1933 quolibet,
1754 1889 1790 1920 et
1813 1889 1886 1920 tam
1903 1897 1972 1921 suo

432 1952 544 1988 quam
568 1939 874 1975 monasteriorum
899 1953 1051 1976 suorum
1081 1940 1231 1977 nomine
1249 1954 1372 1978 coram
1391 1940 1681 1992 quibuscunque
1696 1941 1888 1991 Judicibus
1910 1955 1973 1979 01·-

434 1997 603 2041 dinariis,
628 1997 951 2043 extraordinariis„
971 2004 1043 2034 tam
1063 1999 1319 2036 ecclesiasticis
1337 2013 1448 2050 quam
1468 1999 1713 2045 secularibus,
1732 2000 1972 2050 praepositis,

434 2056 599 2100 ballivis,
618 2056 780 2092 scabinis
792 2086 800 2102 7
815 2057 975 2103 arbitris7
987 2058 1288 2104 arbitratoribus,
1309 2058 1499 2108 delegatis,
1517 2058 1783 2108 subdelegatis⁷
1798 2064 1972 2097 executo-

436 2113 554 2157 ribus,
569 2115 886 2164 compulsoribus7
906 2117 1230 2154 conservatoribus
1255 2122 1290 2154 et
1308 2117 1390 2154 aliis
1412 2117 1702 2167 quibuscunque
1722 2117 1890 2154 libellum
1907 2130 1972 2154 seu

435 2171 578 2208 libellos
597 2178 633 2208 et
651 2172 909 2224 cujuscunque
927 2175 1071 2224 generis
1091 2176 1307 2225 petitionem
1327 2176 1494 2212 dandum
1520 2180 1556 2212 et
1573 2175 1829 2226 recipiendum
1853 2175 1972 2220 litem,

435 2230 715 2266 contestandum
729 2231 774 2267 de
784 2233 995 2283 calumpnia
1006 2234 1203 2271 etveritate
1217 2234 1385 2280 dicenda,
1400 2239 1436 2271 et
1449 2234 1650 2284 cujuslibet
1663 2233 1814 2270 alterius
1827 2234 1972 2284 generis

430 2289 682 2337 juramentum
705 2290 740 2326 in
766 2291 930 2340 ipsorum
953 2298 988 2328 et
1006 2292 1206 2341 cujuslibet
1225 2293 1392 2343 ipsorum
1413 2293 1553 2330 animas
1574 2292 1853 2343 praestandumq
1868 2292 1973 2329 exci-

434 2347 631 2396 piendum7
663 2348 936 2397 replicandum,
970 2351 1251 2401 triplicandum,
1278 2352 1513 2402 ponendum,
1539 2351 1788 2402 positionibus
1817 2363 1973 2401 respon—

435 2404 598 2441 dendum
611 2434 618 2440 .
640 2411 764 2452 teste&
785 2407 1027 2446 instrumenta
1047 2415 1082 2446 et
1099 2410 1284 2459 quaslibet
1304 2410 1541 2461 probationes
1563 2410 1652 2447 alias
1672 2409 1971 2460 producendum,
