2184 3074
735 344 898 382 CODEX
925 343 1170 383 DUNENSIS.
1671 350 1718 386 55

185 460 412 499 Graecorum
437 462 714 512 antiquatorum
737 461 1031 498 scismaticorum
1055 473 1121 498 seu
1146 460 1183 497 in
1210 460 1335 511 aliquo
1357 461 1527 498 scismate
1541 462 1722 500 constitu-

184 523 309 557 torum
327 533 370 558 ac
388 533 455 571 per
472 520 543 558 hoc
565 520 831 567 hereticorum,
855 533 999 557 necnon
1019 519 1157 556 heresis
1174 519 1340 570 ipsorum
1360 533 1402 557 ac
1424 520 1604 558 scismatis
1625 522 1723 559 anti-

184 579 286 629 quati
307 579 515 626 fautorum,
531 579 578 616 de
596 578 752 616 consilio
773 579 928 615 fratrum
950 583 1162 616 nostrorum
1181 578 1445 616 denuntiamus
1464 579 1723 616 excommuni—

185 637 340 675 cationis
366 637 585 675 sententiam
617 637 728 675 latam
755 650 775 674 a
802 650 944 674 canone
974 637 1174 674 incurrisse
1199 650 1242 674 ac
1272 650 1350 674 esse
1374 637 1491 687 ipsius
1520 638 1723 675 sententiae

183 695 336 734 vinculo
355 695 588 734 innodatum.
608 696 800 734 Caeterum
827 695 1010 733 universis
1035 700 1071 732 et
1095 695 1251 746 singulis
1276 695 1440 746 regibus,
1468 696 1721 747 principibus,

185 753 360 802 ducibus,
374 754 672 801 marchionibus,
691 754 908 800 comitibus,
927 753 1132 791 baronibus
1149 758 1185 790 et
1202 753 1365 791 ecclesiis
1383 754 1574 801 omnibus,
1594 756 1722 804 cnjus-

185 824 335 862 cunque
353 811 428 850 sint
445 812 774 863 praeeminentiae,
790 812 1015 849 conditionis
1030 816 1094 848 aut
1106 816 1238 857 status,
1256 825 1400 850 necnon
1418 813 1722 852 universitatibus

185 873 391 907 castrorum
417 874 452 907 et
475 870 634 907 aliorum
662 871 828 907 locorum
855 869 1059 907 districtius
1084 869 1298 907 inhibemus
1322 883 1368 907 ne
1393 883 1478 908 cum
1502 872 1632 909 eodem
1652 873 1723 909 Mi-

185 927 312 964 chaele
333 928 560 979 Pallealogo,
588 929 628 965 in
652 927 868 977 hujusmodi
896 928 1281 965 excommunicatione
1306 934 1496 975 manente,
1511 931 1720 968 societatem

184 986 242 1023 vel
261 986 622 1024 confoederationem
641 987 805 1037 aliquam
830 986 1065 1033 contrahere,
1084 986 1155 1023 sub
1177 987 1310 1037 quovis
1335 987 1484 1037 ingenio
1502 989 1559 1025 vel
1579 989 1722 1027 machi-

186 1043 354 1090 natione,
373 1049 630 1094 praesumant,
648 1045 706 1081 vel
731 1045 763 1081 ei
792 1045 880 1082 alias
905 1045 942 1081 in
967 1044 1039 1082 hiis
1064 1058 1132 1095 pro
1151 1045 1289 1095 quibus
1308 1047 1650 1085 excommunicatus
1668 1053 1723 1086 est

185 1101 425 1140 denuntiatus
444 1116 464 1139 a
484 1103 612 1150 nobis,
629 1107 814 1153 praestare
831 1103 1049 1150 consilium,
1077 1103 1259 1140 auxilium
1286 1108 1322 1140 et
1343 1104 1505 1142 savorem
1526 1106 1721 1156 publicum

184 1160 243 1198 vel
266 1161 470 1206 occultum,
489 1165 525 1198 et
550 1162 579 1198 si
603 1174 707 1199 secus
726 1166 1007 1212 praesumptum
1026 1162 1152 1209 suerit,
1172 1175 1300 1199 omnes
1320 1163 1525 1213 singulares
1546 1178 1722 1214 personas

186 1219 414 1257 contrarium
433 1224 725 1270 praesumentes,
745 1233 820 1258 non
839 1221 1009 1258 obstante
1021 1234 1247 1272 quacunque
1262 1221 1491 1272 indulgentia
1506 1222 1577 1259 sub
1592 1225 1723 1273 quavis

186 1279 386 1316 verborum
408 1279 527 1316 forma
546 1280 603 1316 vel
623 1280 859 1330 expressione
879 1280 968 1330 ipsis
989 1281 1036 1317 ab
1058 1281 1267 1331 Apostolica
1292 1281 1386 1318 Sede
1409 1294 1580 1319 concessa
1603 1283 1660 1319 vel
1684 1282 1722 1320 in

185 1342 375 1389 posterum
395 1337 650 1384 concedenda,
674 1351 788 1389 quam
810 1339 935 1388 quoad
959 1339 1030 1375 hoc
1051 1339 1195 1376 viribus
1213 1339 1388 1376 volumus
1411 1340 1566 1378 omnino
1584 1354 1721 1387 carere,

185 1395 404 1432 sententiam
429 1396 825 1433 excommunicationis
850 1410 963 1447 quam
990 1408 1139 1434 exnunc
1160 1398 1199 1434 in
1223 1398 1322 1448 ipsos
1343 1399 1515 1444 ferimus,
1535 1399 1723 1437 incurrere

184 1453 466 1507 volumus-ipso
492 1453 610 1497 facto,
638 1457 674 1490 et
699 1457 813 1491 terras
840 1454 1027 1504 ipsorum,
1053 1467 1197 1492 necnon
1227 1456 1486 1494 universitates
1516 1458 1722 1508 praedictas

184 1524 280 1562 quae
298 1524 403 1549 secus
422 1516 639 1563 attemptare
657 1513 991 1563 praesumpserint,
1016 1517 1128 1563 prout
1153 1514 1329 1564 expedire
1353 1515 1582 1562 videbimus,
1605 1516 1723 1553 ecele-

185 1569 332 1608 siastico
358 1570 527 1607 subicere
555 1571 770 1608 curabimus
796 1571 994 1609 interdicto
1015 1573 1061 1609 ad
1083 1573 1327 1623 privationem
1348 1574 1517 1611 omnium
1537 1575 1721 1612 bonorum

184 1641 281 1679 quae
299 1641 318 1665 a
337 1628 569 1679 quibuslibet
586 1633 713 1666 tenent
729 1629 903 1667 ecclesiae
919 1634 955 1666 et
971 1630 1018 1666 ad
1036 1643 1173 1680 poenas
1191 1631 1281 1668 alias
1298 1631 1509 1682 spirituales
1527 1638 1562 1669 et
1579 1638 1723 1683 tempo-

184 1687 299 1734 rales,
325 1691 437 1737 prout
463 1688 552 1724 utile
579 1689 815 1738 putabimus,
843 1690 1070 1739 processuri,
1096 1694 1131 1726 et
1158 1690 1424 1728 nichilominus
1451 1691 1661 1728 societatem
1689 1697 1724 1728 et

186 1746 547 1783 confoederationem
580 1747 697 1797 ipsas,
720 1752 756 1784 et
785 1748 814 1784 si
846 1761 1050 1798 poenarum
1075 1748 1276 1798 juramenti
1304 1750 1510 1800 adjectione
1540 1751 1596 1787 vel
1629 1764 1723 1801 qua-

187 1816 336 1854 cunque
355 1805 494 1842 suerint
510 1805 580 1842 alia
596 1805 770 1843 firmitate
789 1806 964 1853 vallatae,
988 1807 1164 1845 omnibus
1191 1807 1335 1845 viribus
1362 1821 1561 1846 vacuamus
1587 1814 1622 1846 et
1647 1823 1724 1846 esse

187 1861 422 1899 decernimus
442 1862 563 1900 irritas
582 1868 617 1901 et
634 1863 773 1901 inanes.

888 1941 1011 1952 *eu-

909 2044 1004 2082 XLI.

739 2150 958 2188 Investiture
982 2151 1073 2188 d’un
1097 2151 1173 2201 fies.

239 2320 402 2359 Salutem
421 2326 458 2358 et
474 2322 692 2360 affectuosae
709 2324 918 2362 dilectionis
939 2324 1208 2375 plenitudinem
1228 2337 1312 2361 cum
1334 2324 1485 2362 honore.

239 2379 316 2430 Ego
343 2380 441 2426 talis,
464 2380 585 2427 miles,
613 2386 743 2419 notum
769 2382 864 2419 facio
891 2383 1074 2419 universis
1107 2387 1314 2433 praesentes
1340 2382 1478 2420 litteras
1506 2383 1725 2434 inspecturis

190 2436 293 2487 quod
312 2437 393 2475 talis
412 2439 603 2488 quondam
624 2439 850 2478 feodetarius
870 2454 974 2478 meus
992 2441 1112 2478 bonae
1130 2441 1330 2478 memoriae
1348 2441 1531 2489 vendidit,
1550 2442 1640 2479 dum
1659 2442 1727 2479 ad-
