2184 3074
455 327 528 364 422
1007 324 1167 363 CODEX
1192 325 1440 363 DUNENSlS.

458 443 671 480 nationibus
703 448 738 479 et
774 442 956 479 mandatis
989 455 1136 492 parere,
1173 446 1214 478 ut
1245 445 1432 488 tenentur,
1466 444 1659 480 temeraria
1688 445 1989 495 praesumptione

457 506 741 551 contempnunt,
755 505 955 538 asserentes
974 500 1010 536 in
1030 513 1117 537 suae
1133 500 1446 550 praesumptionis
1466 501 1670 538 fomentum
1690 501 1794 552 quod
1811 502 1849 539 id
1867 507 1922 540 est
1937 503 1990 540 eis

458 560 659 596 inhibitum
679 572 744 609 per
763 563 796 595 te
813 559 870 594 vel
894 558 1009 595 alium
1031 557 1078 594 de
1096 557 1271 595 mandato
1289 562 1354 594 tuo
1377 558 1415 594 in
1434 558 1644 596 animarum
1666 572 1818 597 suarum
1842 561 1992 611 pericu—

458 618 553 663 lum,
579 617 668 654 dicti
693 616 837 654 ordinis
862 615 1134 666 praejudicium
1169 620 1206 652 et
1234 615 1452 653 scandalum
1477 617 1739 667 plurimorum.
1770 618 1845 656 Nos
1877 618 1992 669 igitur

455 676 670 727 diligentius
686 675 913 712 attendentes
931 675 1034 725 quod
1053 674 1151 711 idem
1170 674 1263 711 ordo
1281 675 1320 711 in
1338 687 1426 725 agro
1445 675 1631 726 plantatus
1645 676 1832 714 Ecclesiae
1847 676 1990 714 fructus

458 735 590 772 uberes
611 734 846 771 laudabiliter
862 733 1041 784 produxit
1060 733 1238 770 hactenus
1256 739 1290 770 et
1308 733 1455 771 assidue
1473 734 1511 770 in
1530 734 1691 772 Ecclesia
1706 735 1784 785 ipsa
1798 736 1989 786 producit,

456 797 492 829 ct
507 792 609 843 quod
633 792 765 829 honori
789 796 824 828 et
841 792 1064 829 utilitatibus
1083 791 1156 829 tuis
1173 796 1210 828 et
1227 791 1317 829 dicti
1338 792 1440 842 regni
1467 792 1522 828 tui
1545 793 1722 843 congruit
1745 798 1782 830 et
1802 793 1930 840 saluti,
1959 794 1989 831 si

456 851 576 887 dictus
593 851 685 887 ordo
707 855 743 887 et
768 863 945 900 personae
965 850 1035 900 ipsi
1054 851 1138 887 usui
1156 850 1296 887 unione
1313 851 1474 888 caritatis
1497 855 1534 888 et
1555 850 1765 889 dilectionis
1783 851 1990 889 constantia

456 913 701 959 perseverent,
721 909 975 947 Sinceritatem
994 909 1146 958 Regiam
1167 922 1339 959 rogamus
1366 913 1401 945 et
1427 909 1621 946 hortamur
1643 909 1682 946 in
1708 909 1872 946 Domino
1896 921 1991 959 qua-

424 1005 426 1007 ,
459 973 563 1005 tenus
585 980 652 1018 pro
675 967 803 1003 divina
827 971 862 1003 et
883 967 1119 1017 Apostolicae
1145 967 1251 1004 Sedis
1271 967 1475 1004 reverentia
1500 967 1642 1008 habens
1659 967 1801 1004 dictum
1820 967 1990 1004 ordinem

457 1039 567 1076 quem
588 1038 654 1062 nos
673 1038 742 1076 pro
760 1025 878 1061 divini
905 1025 1067 1062 nominis
1092 1025 1208 1075 gloria
1227 1025 1478 1062 benivolentia
1496 1030 1648 1076 paterna
1670 1026 1877 1076 diligimus,
1903 1038 1991 1063 net>-

458 1098 534 1121 non
558 1085 763 1134 praefatum
793 1084 1059 1121 monasterium
1078 1084 1303 1134 propensius
1327 1084 1645 1131 commendatum,
1671 1084 1904 1135 supradictos
1923 1084 1991 1122 ab-

458 1144 559 1180 bates
581 1142 800 1179 constitutos
820 1142 915 1179 infra
935 1142 1150 1192 hujusmodi
1172 1142 1349 1179 terminos
1369 1142 1457 1179 dicti
1480 1143 1584 1192 regni
1605 1143 1732 1180 venire
1749 1143 1992 1194 personaliter

458 1201 503 1238 ad
530 1201 735 1251 praefatum
762 1200 987 1251 capitulum,
1010 1204 1052 1237 ut
1079 1204 1251 1237 tenentur
1275 1199 1384 1250 juxta
1415 1200 1504 1237 dieti
1526 1200 1670 1238 ordinis
1696 1204 1849 1247 statuta,
1875 1200 1992 1237 libere

458 1259 623 1310 patiaris,
642 1259 848 1310 quamlibet
866 1258 1128 1296 inhibitionem
1138 1288 1147 1305 ,
1161 1259 1190 1296 si
1206 1272 1280 1310 qua
1300 1259 1454 1296 forsitan
1472 1272 1540 1309 per
1553 1262 1588 1296 te
1600 1259 1658 1295 vel
1672 1271 1739 1309 per
1751 1258 1865 1294 alium
1879 1270 1992 1309 super

459 1318 529 1355 hoc
547 1319 639 1355 sacta
663 1317 805 1364 existit,
829 1318 976 1368 penitus
1001 1318 1209 1355 revocando
1228 1331 1270 1355 ac
1299 1318 1567 1355 nichilominus
1588 1317 1827 1355 concedendo
1849 1317 1990 1355 eisdem

458 1382 499 1414 ut
516 1376 766 1427 saepedictum
785 1376 990 1426 capitulum
1007 1377 1248 1427 personaliter
1261 1377 1437 1413 adeuntes
1448 1405 1457 1423 ,
1475 1376 1691 1426 hujusmodi
1709 1377 1870 1423 statutis,
1887 1376 1991 1414 ordi-

459 1435 672 1472 nationibus
698 1439 734 1471 et
753 1435 937 1472 mandatis
957 1435 1111 1485 praefati
1136 1435 1288 1486 capituli
1312 1435 1504 1472 humiliter
1525 1435 1703 1472 obediant
1722 1439 1759 1471 et
1780 1434 1990 1481 intendant,

458 1494 506 1530 ita
523 1493 626 1544 quod
640 1497 680 1530 tu
699 1493 834 1530 exinde
846 1493 1101 1531 retributionis
1119 1498 1289 1531 aeternae
1302 1493 1510 1544 praemium
1530 1493 1768 1545 consequaris
1784 1498 1820 1530 et
1838 1505 1905 1531 nos
1923 1493 1989 1545 qui

459 1552 503 1588 ad
524 1551 577 1588 tui
596 1556 631 1588 et
649 1551 752 1602 regni
773 1551 824 1588 tui
845 1551 1070 1589 incrementa
1089 1552 1222 1589 honori
1239 1551 1396 1589 libenter
1414 1551 1660 1598 intendimus,
1675 1551 1883 1589 devotionis
1906 1556 1991 1589 tuae

458 1609 793 1661 promptitudinem
812 1609 935 1660 dignis
953 1609 992 1646 in
1009 1610 1172 1647 Domino
1190 1609 1365 1647 laudibus
1384 1609 1702 1647 commendemus.

507 1668 643 1705 Datum
662 1667 820 1704 Pictavis
839 1667 923 1704 idus
941 1667 1165 1714 decembris,
1179 1667 1417 1718 pontificatus
1435 1667 1553 1704 nostri
1571 1679 1671 1704 anno
1691 1667 1809 1704 tertio.

1165 1791 1273 1801 ..οι-

1154 1936 1302 1975 CCXCl.

483 2052 665 2102 L’official
682 2052 725 2089 de
749 2053 927 2103 Tonrnay
945 2054 1106 2090 autorise
1123 2053 1220 2090 deux
1237 2053 1356 2102 epoux
1372 2053 1395 2089 ἀ
1413 2051 1619 2089 embra-saer
1634 2050 1670 2088 la.
1689 2051 1743 2087 vie
1760 2049 1963 2101 reliqieuse.

507 2256 683 2294 Noverint
697 2257 860 2295 universi
876 2257 998 2307 quod,
1015 2257 1218 2295 venerabili
1233 2257 1314 2294 viro
1332 2260 1369 2294 et
1379 2256 1539 2293 discreto
1556 2255 1711 2292 domino
1713 2282 1821 2291 .....
1839 2252 1987 2290 officiali

458 2315 679 2353 Tornacensi
709 2316 809 2367 apud
836 2317 1096 2368 Ardembourg
1126 2317 1323 2364 existente,
1354 2318 1643 2367 comparuerunt
1671 2325 1795 2351 coram
1825 2324 1870 2349 eo
1898 2301 1988 2348 tales

459 2372 632 2424 conjuges
649 2378 685 2411 et
701 2387 824 2411 coram
838 2387 881 2411 eo
895 2379 1171 2426 proposuerunt
1183 2375 1288 2426 quod
1302 2375 1381 2412 zelo
1395 2372 1604 2411 devotionis
1622 2371 1766 2409 accensi
1783 2369 1831 2407 ad
1845 2366 1986 2420 frugem

461 2431 623 2469 melioris
636 2432 732 2469 vitae
749 2433 951 2483 aspirantes
972 2433 1038 2470 diu
1057 2433 1317 2471 affectaverant
1331 2432 1456 2484 quoad
1475 2431 1627 2469 thorum
1649 2428 1859 2467 abinvicem
1879 2439 1986 2478 sepa-
