2184 3074
442 278 515 316 258
990 275 1152 313 CODEX
1177 275 1421 313 DUNENSIS.

1135 441 1289 480 CLXVl.

495 552 707 588 meession
725 550 814 586 cl'un
835 548 985 598 be'ne'fice
1006 549 1028 584 (ὶ
1047 561 1098 584 vm
1113 561 1258 598 pauc-re
1275 547 1368 586 clerc
1386 550 1529 586 nomme'
1548 549 1731 587 Gauthier
1748 549 1929 588 Debboud.

492 744 670 782 officialis
692 743 721 780 T
723 742 953 788 ornacensis,
972 742 1234 792 subdelegatus
1254 756 1274 779 a
1293 743 1496 780 reverendo
1519 749 1622 794 patre
1639 744 1794 782 domino
1811 745 1892 792 Th.,
1911 745 1978 782 Dei

442 802 557 853 gratia
577 801 801 838 'fornacensi
816 800 1007 851 episcopO,
1023 800 1151 850 judice
1168 814 1187 837 a
1215 801 1370 838 domino
1396 815 1491 852 papa
1517 815 1630 853 super
1656 803 1869 853 provisione
1887 817 1982 854 pau-

443 862 540 913 peris
572 862 694 899 clerici
715 861 868 898 Walteri
895 860 1081 898 Debboud
1111 861 1217 907 dato,
1241 861 1417 899 omnibus
1447 867 1483 899 et
1512 862 1669 913 singulis
1693 863 1920 914 presbyteris
1945 868 1982 901 et

443 921 642 971 capellanis
657 921 695 957 in
714 920 851 957 diocesi
871 919 1095 957 Tornacensi
1111 921 1321 958 constitutis
1340 922 1386 958 ad
1403 935 1499 972 quos
1516 927 1726 972 praesentes
1739 922 1882 960 litterae
1894 937 1981 974 per-

442 979 624 1025 venerint,
645 980 801 1016 salutem
821 978 859 1014 in
878 979 1052 1015 Domino.

489 1037 673 1074 Noveritis
701 1050 768 1074 nos
794 1050 893 1074 anno
919 1037 1070 1074 Domini
1094 1037 1145 1074 Μο
1164 1038 1236 1074 CC⁰
1253 1038 1419 1076 Lxxxlo
1444 1039 1534 1076 feria
1552 1044 1684 1090 quarta
1704 1043 1789 1090 post
1806 1039 1979 1089 Dyonisii

440 1095 577 1131 litteras
596 1095 739 1131 domini
759 1108 876 1145 papae
895 1108 969 1131 non
988 1095 1163 1141 abolita‘s,
1179 1109 1254 1133 non
1273 1097 1510 1143 cancellatas,
1530 1097 1649 1134 necin
1665 1097 1790 1148 aliqua
1804 1098 1861 1135 sui
1876 1102 1980 1148 parte

440 1153 601 1193 vitiatas,
619 1166 705 1190 vera
731 1153 834 1190 bulla
859 1153 1037 1200 bullatas,
1057 1159 1170 1203 prout
1191 1154 1310 1204 prima
1338 1155 1430 1191 facie
1455 1155 1673 1206 apparebat,
1693 1155 1831 1192 vidisse
1858 1161 1895 1192 et
1920 1156 1980 1193 in—

441 1212 605 1262 spexisse
625 1211 663 1247 in
678 1211 769 1248 haec
786 1212 918 1248 verba:

489 1270 669 1307 Martinus
703 1270 917 1320 episcopus,
944 1284 1070 1308 servus
1100 1284 1291 1308 servorum
1321 1271 1404 1317 Dei,
1436 1272 1639 1310 venerabili
1672 1274 1774 1310 fratri
1805 1273 1981 1324 episcopo

440 1329 664 1366 'fornacensi
679 1329 835 1365 salutem
855 1333 891 1366 et
911 1330 1151 1380 apostolicam
1170 1330 1481 1367 benedictionem.
1501 1331 1734 1368 Constitutus
1753 1331 1792 1368 in
1813 1345 1982 1382 praesen·

441 1388 489 1424 tia
509 1393 632 1425 nostra
650 1388 807 1425 dilectus
825 1388 924 1426 filius
940 1389 1129 1427 Walterus
1142 1389 1346 1436 Debboud,
1364 1403 1506 1440 pauper
1519 1390 1674 1427 clericus
1688 1395 1771 1427 tuae
1792 1390 1981 1440 dyocesis,

441 1448 549 1484 nobis
569 1447 761 1484 humiliter
782 1448 1006 1498 supplicavit
1031 1453 1073 1485 ut
1094 1462 1179 1485 cum
1207 1449 1302 1499 ipse,
1322 1448 1417 1486 sicut
1443 1449 1588 1494 asserit,
1608 1449 1753 1486 nullum
1781 1449 1830 1486 sit
1854 1449 1980 1486 adhuc

440 1506 727 1544 ecclesiasticum
746 1506 970 1543 beneficium
988 1512 1224 1557 assequutus,
1243 1507 1430 1557 provideri
1450 1507 1520 1544 sibi
1541 1507 1588 1543 de
1613 1507 1843 1558 benignitate
1870 1521 1982 1558 apos-

440 1565 549 1602 tolica
561 1565 847 1617 Nmandaremus.
873 1565 968 1613 Quia
987 1565 1100 1615 igitur
1118 1566 1171 1602 illi
1198 1571 1286 1603 sunt
1302 1566 1349 1602 ad
1367 1566 1612 1602 ecclesiastica
1630 1565 1811 1603 beneficia
1830 1579 1983 1616 promo-

440 1624 551 1660 vendi
566 1625 704 1674 quibus
723 1638 843 1662 mores
863 1630 898 1661 et
915 1626 1068 1662 scientia
1083 1626 1350 1676 suffragantur,
1369 1639 1454 1662 cum
1474 1625 1572 1661 idem
1593 1625 1765 1671 clericus,
1783 1639 1896 1677 quem
1916 1639 1984 1677 per

441 1681 593 1719 dilectos
620 1682 716 1720 filios
741 1683 799 1720 W.
819 1683 865 1719 de
888 1683 1052 1729 Vileriis,
1078 1684 1241 1734 priorem
1265 1683 1312 1720 de
1337 1683 1584 1733 Bragniacco,
1618 1683 1768 1720 Eduerd
1793 1684 1917 1733 Dycer
1946 1688 1983 1720 et

439 1741 588 1778 fratrem
615 1741 796 1778 Thomam
823 1742 869 1778 de
897 1741 1089 1788 Frasneto,
1113 1742 1255 1779 ordinis
1283 1742 1455 1779 Fratrum
1478 1742 1684 1786 Minorum,
1707 1742 1979 1779 examinatores

442 1813 553 1850 super
575 1800 646 1837 hoc
666 1801 861 1851 deputatos
886 1815 905 1838 a
928 1802 1036 1838 nobis
1059 1802 1106 1838 (le
1130 1802 1335 1839 litteratura
1361 1801 1566 1838 examinari
1593 1801 1748 1838 fecimus
1772 1801 1982 1851 diligenter,

442 1858 614 1895 inventus
641 1858 712 1895 fuit
737 1859 775 1895 in
799 1859 862 1896 illa
888 1860 1151 1896 convenienter
1170 1860 1339 1910 ydoneus
1367 1859 1413 1896 ad
1443 1859 1730 1897 ecclesiasticum
1757 1859 1981 1896 beneficium

442 1917 707 1967 optinendum,
726 1931 793 1954 nos
818 1917 864 1954 de
883 1918 957 1954 vita
983 1923 1019 1954 et
1043 1918 1322 1955 conversatione
1339 1918 1456 1968 ipsius
1474 1918 1598 1955 clerici
1624 1918 1794 1954 notitiam
1814 1931 1889 1955 non
1908 1917 1978 1954 ha-

443 1975 590 2020 bentes,
613 1975 830 2012 fraternitati
858 1980 940 2012 tuae
966 1990 1033 2026 per
1057 1977 1259 2026 apostolica
1287 1976 1508 2014 mandamus
1532 1981 1715 2027 quatenus
1740 1976 1787 2013 de
1810 1976 1883 2013 illis
1906 1977 1982 2013 sol-

445 2035 553 2070 lerter
578 2034 772 2084 inquirens
802 2035 830 2072 si
859 2049 945 2071 eum
964 2035 1060 2072 vitae
1088 2036 1286 2073 laudabilis
1314 2041 1349 2072 et
1374 2035 1549 2072 honestae
1578 2035 1869 2072 conversationis
1904 2048 1981 2072 esse

445 2093 650 2142 reppereris
669 2098 704 2129 et
722 2093 823 2129 aliud
843 2094 1132 2131 ecclesiasticum
1151 2095 1374 2131 beneficium
1392 2107 1466 2130 non
1481 2093 1662 2139 obtineat,
1682 2106 1750 2129 nec
1763 2092 1852 2130 alias
1870 2093 1983 2143 scrip-

447 2150 602 2187 serimus
630 2165 697 2201 pro
725 2152 870 2198 eodem,
892 2152 1070 2202 aliudque
1093 2154 1315 2190 canonicum
1340 2166 1415 2189 non
1439 2151 1611 2198 obsistat,
1627 2151 1747 2188 eidem
1774 2150 1908 2187 clerico
1925 2163 1984 2187 se-

448 2208 613 2244 cundum
639 2223 726 2246 suae
751 2210 947 2260 probitatis
972 2211 1101 2247 merita
1127 2211 1173 2248 de
1191 2211 1414 2262 competenti
1434 2209 1680 2247 ecclesiastico
1698 2209 1879 2258 beneficio
1897 2222 1982 2246 cum

449 2280 536 2303 cura
560 2268 616 2303 vel
644 2268 723 2304 sinc
747 2282 835 2305 cura
861 2275 1039 2306 consueto
1067 2271 1113 2307 ab
1133 2271 1222 2307 olim
1242 2270 1386 2307 clericis
1410 2269 1639 2307 secularibus
1664 2268 1858 2318 assignari,
1877 2281 1984 2317 spec—

449 2329 548 2362 tante
573 2326 618 2361 ad
644 2327 878 2365 collationem
904 2329 961 2365 vel
989 2330 1322 2379 praesentationem
1352 2328 1572 2365 dilectorum
1603 2327 1765 2364 filiorum
1792 2324 1921 2362 decani
1949 2332 1983 2363 et

449 2384 601 2435 capituli
621 2386 793 2423 ecclesiae
818 2388 1088 2434 Curtracensis,
1118 2389 1362 2426 'l'ornacensis
1382 2387 1570 2438 dyocesiS,
1591 2387 1621 2423 si
1647 2386 1750 2436 quod
1777 2385 1815 2421 in
1838 2385 1984 2422 civitate
