2184 3074
750 293 913 332 CODEX
939 291 1186 332 DUNENSlS.
1666 290 1739 326 283

856 467 1077 505 ccxxxiv.

286 587 406 637 Appel
429 586 578 624 adrexse'
602 599 652 623 au
677 598 774 635 pape
794 597 871 635 par
900 585 950 622 les
981 584 1163 635 reliqieux
1192 584 1236 620 de
1258 583 1397 621 ἴοι-ἀνθ
1425 583 1469 620 de
1494 585 1649 620 Citeaus

638 650 762 682 contre
786 643 1034 694 l'archevequc
1060 642 1103 680 de
1130 643 1249 680 Reims
1270 646 1291 679 ¹.

244 842 546 888 Venerabilibus,
567 847 648 887 ete,
668 841 713 877 ad
731 855 825 891 quos
845 846 1053 892 praesentes
1069 840 1208 877 litterae
1224 839 1458 890 perv‹=m.=rint
1473 839 1611 875 fratres.
1631 868 1636 874 .
1655 867 1661 873 .
1678 866 1685 873 .
1703 867 1710 873 .
1729 866 1736 873 .

194 901 240 938 de
257 901 392 940 Tribus
412 901 594 938 Fontibus
610 930 718 937 .....
736 930 744 947 ,
762 900 808 937 ‹le
828 900 1010 937 Fusniaeo
1025 905 1059 937 et
1062 928 1192 936 ......
1210 899 1256 935 de
1275 898 1435 949 lgniacO,
1455 898 1622 940 abbates,
1642 898 1736 934 salu-

195 964 266 996 tem
294 964 329 996 et
354 959 526 1010 spiritum
549 957 694 996 consilii
722 963 758 995 et
781 957 1010 995 fortitudinis
1033 957 1070 995 in
1094 957 1258 1008 agendis.
1282 956 1466 1005 Quoniam
1487 955 1733 992 necessarium

194 1022 248 1055 est
265 1022 300 1054 et
317 1017 408 1055 utile
425 1017 571 1054 obstare
589 1016 784 1068 principiis
808 1030 854 1053 ne
873 1017 964 1053 sorte
984 1016 1142 1054 scintilla
1171 1016 1291 1054 tenuis
1311 1017 1347 1052 in
1368 1015 1554 1051 flammam
1577 1019 1735 1050 transeat

193 1075 474 1121 destructivam,
498 1079 533 1112 et
557 1075 781 1112 reverendus
808 1080 911 1126 pater
942 1074 1118 1112 dominus
1150 1074 1205 1111 R..
1235 1073 1480 1125 permissione
1503 1071 1630 1108 divina
1663 1072 1735 1110 Re-

194 1134 330 1171 mensis
356 1133 674 1184 archiepiscopus,
703 1134 805 1171 nisus
834 1133 902 1170 l'uit
932 1138 967 1170 et
1001 1133 1133 1170 nititur
1169 1148 1186 1169 a
1217 1131 1492 1169 venerabilibus
1522 1131 1559 1167 in
1587 1130 1734 1167 Christo

193 1192 362 1243 patribus
381 1192 427 1228 de
431 1221 561 1228 ......
583 1192 680 1229 etde
692 1221 800 1228 .....
818 1221 826 1238 ,
848 1205 990 1228 necnon
1018 1206 1036 1227 a
1066 1191 1173 1228 nobis
1200 1190 1478 1242 procurationes
1502 1188 1733 1239 pecuniarias

192 1255 412 1301 extorquere
443 1250 576 1287 virtute
603 1250 796 1299 cujusdam
825 1250 1008 1301 privilegii
1037 1250 1108 1287 sibi
1138 1263 1156 1286 a
1189 1250 1282 1287 Sede
1309 1248 1518 1299 Apostoliea
1551 1247 1732 1288 concessi,

191 1309 280 1347 dieti
303 1322 390 1346 vero
411 1309 562 1346 abbates
582 1308 748 1345 videntes
773 1314 809 1345 et
834 1308 1111 1348 considerantes
1137 1308 1207 1346 hoc
1233 1322 1310 1345 esse
1331 1313 1457 1344 conta-a
1488 1306 1679 1356 privilegia
1699 1311 1733 1342 et

191 1367 332 1406 ordinis
351 1368 552 1412 libertates,
569 1367 740 1418 insuper,
759 1367 788 1404 si
809 1367 1009 1418 praemissa
1029 1368 1271 1412 sustinerent,
1292 1367 1463 1404 cederent
1484 1366 1519 1402 in
1541 1366 1726 1402 dictorum

189 1426 381 1473 abbatum,
400 1438 630 1476 suorumque
645 1426 952 1463 monasteriorum
965 1455 973 1470 ,
994 1439 1137 1463 necnon
1158 1426 1270 1462 totius
1288 1425 1430 1462 ordinis
1448 1438 1557 1474 grave
1576 1423 1731 1473 dispen-

191 1484 315 1531 dium,
341 1483 635 1535 praejudicium,
659 1484 865 1535 dampnum
894 1498 968 1521 non
996 1485 1184 1521 modicum
1211 1489 1243 1521 et
1271 1497 1485 1534 gravamen.
1514 1482 1730 1532 hujusmodi

188 1542 466 1594 procurationes
485 1556 504 1579 a
523 1542 623 1580 dicto
641 1542 795 1579 domino
818 1543 1100 1594 archiepiscopo
1125 1543 1256 1594 petitas
1275 1543 1395 1580 eidem
1416 1546 1600 1592 praestare
1619 1554 1728 1578 recu-

187 1606 270 1640 sant
290 1607 327 1639 et
349 1607 628 1649 recusaverunt,
649 1606 802 1653 propter
828 1616 924 1653 quae
943 1603 1074 1640 moniti
1103 1603 1150 1640 ab
1169 1602 1429 1639 executoribus
1447 1614 1510 1638 seu
1533 1613 1731 1638 conserva-

190 1660 334 1698 toribus
364 1660 506 1698 domini
531 1660 706 1698 antedicti
733 1665 775 1697 ut
797 1660 891 1697 infra
919 1665 1060 1698 certum
1086 1661 1286 1698 terminum
1314 1660 1385 1697 sibi
1406 1659 1659 1696 satisfacerent
1682 1657 1730 1694 de

190 1719 348 1765 eisdem,
375 1719 540 1757 volentes
564 1719 652 1756 dicti
678 1718 830 1757 abbates
848 1732 936 1757 suae
959 1719 1068 1757 inniti
1088 1719 1323 1770 prudentiae,
1343 1718 1548 1755 deliberato
1571 1717 1727 1754 consilio

189 1777 235 1814 ad
253 1776 385 1814 Sedem
404 1777 656 1828 Apostolicam
676 1782 973 1828 provocaverunt
990 1783 1024 1815 et
1043 1778 1323 1829 appellaverunt
1342 1778 1379 1814 in
1400 1777 1548 1827 seriptis
1567 1775 1731 1827 legitime

191 1842 227 1874 et
246 1837 356 1875 etiam
387 1841 651 1888 competenter.
682 1837 756 1875 Nos
787 1851 874 1875 vero
905 1837 952 1875 ab
984 1838 1073 1889 ipsis
1107 1851 1219 1888 super
1244 1837 1456 1888 praemissis
1487 1829 1664 1873 omnibus
1695 1839 1732 1872 et

190 1895 348 1947 singulis
367 1895 515 1947 plenius
538 1895 747 1942 informati,
771 1895 1001 1933 attendentes
1027 1895 1130 1946 quod
1154 1908 1258 1932 error
1274 1895 1334 1932 cui
1359 1908 1433 1932 non
1453 1894 1647 1939 resistitur,
1663 1907 1730 1944 ap-

190 1955 387 2006 probatur,
406 1953 560 2005 insuper
572 1953 676 2005 quod
694 1966 823 1991 omnes
839 1954 969 2005 tangit,
984 1953 1094 1991 debet
1110 1954 1158 1991 ab
1176 1953 1352 1991 omnibus
1369 1952 1586 2004 approbari,
1605 1952 1730 1989 viden·

192 2016 320 2064 tesque
345 2012 473 2050 habito
491 2025 605 2064 super
624 2011 695 2050 lioc
720 2012 889 2064 diligenti
915 2012 1071 2050 consilio
1090 2012 1315 2064 praedictam
1336 2010 1620 2062 appellationem
1638 2010 1731 2061 legi-

191 2071 279 2109 time
299 2083 378 2109 esse
398 2071 530 2109 saetam
552 2084 620 2123 pro
648 2071 807 2109 utilitate
834 2071 1025 2109 communi
1050 2071 1163 2108 totius
1185 2070 1326 2108 ordinis
1354 2083 1396 2107 ac
1425 2069 1534 2106 etiam
1561 2068 1728 2119 ejusdem

191 2129 426 2167 libertatibus
447 2129 726 2177 conservandis,
751 2129 960 2181 meritoque
982 2133 1018 2166 et
1042 2142 1153 2167 omne
1179 2128 1310 2166 merito
1337 2128 1534 2179 diligenter
1551 2126 1727 2178 cognitis,

190 2187 395 2226 secundum
427 2187 530 2239 quod
561 2192 712 2225 cautum
738 2192 794 2225 est
821 2187 859 2224 in
891 2187 1180 2225 diffinitionibus
1212 2186 1363 2238 capituli
1394 2186 1591 2237 generalis,
1623 2186 1729 2224 vobis

190 2246 366 2284 omnihus
385 2251 420 2283 et
434 2251 598 2284 vestrum
616 2246 772 2297 singulis
790 2246 1031 2293 mandamus,
1050 2246 1268 2283 auctoritate
1286 2245 1374 2282 dieti
1394 2245 1545 2296 capituli
1563 2245 1671 2282 nobis
1690 2245 1728 2282 in

191 2306 260 2343 hac
291 2309 394 2356 parte
423 2304 619 2342 commissa
651 2310 687 2342 et
716 2305 787 2342 sub
815 2319 932 2356 poena
956 2305 994 2342 in
1019 2305 1128 2343 dictis
1149 2303 1439 2342 diffinitionibus
1461 2303 1549 2341 dicti
1575 2304 1727 2355 capituli

229 2422 238 2437 ¹
261 2420 308 2446 Cet
318 2419 484 2454 archeveque
495 2421 528 2447 de
543 2421 631 2448 Rcims
645 2426 684 2449 est
697 2422 795 2450 nobvrt
808 2423 841 2449 de
856 2424 1006 2456 Courtenay
1020 2423 1213 2458 (12994521).
