2184 3074
467 312 536 348 478
1018 309 1180 347 CODEX
1206 309 1451 347 DUNENSIS.

465 443 594 479 guerra
621 443 684 466 seu
710 429 894 466 discordia
921 429 1074 465 fortasse
1091 428 1296 478 gauderent
1313 427 1564 465 desiderantes
1584 429 1621 465 in
1641 431 1734 467 mari
1753 431 1900 468 turbato
1921 432 2000 483 pis-

466 489 554 533 cariq
573 492 609 525 et
625 488 690 538 qui
710 500 775 524 vos
794 487 832 524 in
852 487 1067 524 necessitate
1085 486 1297 525 desererent
1313 490 1350 523 et
1367 486 1412 523 de
1430 491 1550 524 vestra
1568 487 1789 526 confusione
1808 502 1874 526 seu
1891 503 2000 540 prae-

465 546 593 596 cipitio
621 559 695 582 non
722 550 910 590 curarent„
937 546 1030 596 quin
1055 545 1179 596 potius
1202 545 1254 582 rei
1279 544 1422 582 exitum
1446 545 1601 596 provide
1626 546 1833 594 metientes,
1861 548 2001 599 iniquis

467 604 594 641 talium
614 604 850 642 suasionibus
865 604 1018 641 omnino
1036 603 1197 653 rejectis,
1215 603 1317 654 pacis
1336 603 1466 641 ineatis
1485 604 1640 642 consilia
1657 610 1693 642 et
1709 605 1756 642 ad
1773 605 1892 656 ipsius
1905 606 2001 658 regis

466 663 678 700 fidelitatem
698 668 733 699 et
754 662 1003 699 obedientiam
1027 661 1194 699 redeatis.
1212 661 1253 698 Si
1277 661 1377 698 enim
1396 675 1472 699 non
1492 666 1634 699 tantum
1653 664 1690 700 in
1711 664 1833 702 verbis
1851 669 1887 701 et
1906 665 2000 702 fictis

465 721 722 771 applausibus,
751 721 814 757 sed
837 734 904 770 per
924 720 1125 757 efficaciam
1150 733 1306 771 operum
1331 724 1368 757 et
1393 734 1522 757 eorum
1551 721 1815 771 perfectionem
1841 736 1937 773 quae
1961 723 1998 760 in

466 783 620 816 tractatu
639 779 819 815 devenere
836 779 1042 829 praedicto7
1062 792 1101 815 ea
1121 791 1217 829 quae
1237 778 1338 828 pacis
1357 782 1445 816 Sunt
1461 779 1702 817 ostenderetis
1721 781 1758 817 in
1777 782 1907 819 vestris
1921 795 2000 820 esse

465 837 640 874 cordibus
668 837 844 883 radicata,
870 850 942 887 pax
969 837 1047 887 ipsa
1073 850 1169 887 quae
1195 837 1317 874 solum
1341 838 1572 888 promittitur
1598 838 1672 876 illis
1695 840 1763 891 qui
1789 839 1909 878 bonae
1935 854 2002 891 per

464 896 589 932 onmia
604 895 803 932 voluntatis
818 896 996 941 existunt,
1009 895 1116 932 vobis
1130 895 1227 932 sicut
1239 895 1483 933 honorificata
1497 902 1677 943 occurret,
1690 910 1833 949 nosque
1847 899 1914 950 qui
1929 899 2000 938 bo(-

467 955 588 1005 ipsum
606 959 753 1005 gratum
772 955 995 992 habebimus
1020 955 1224 992 admodum
1242 960 1279 992 et
1296 960 1507 1006 acceptum,
1530 969 1599 1008 pro
1619 957 1835 1007 hujusmodi
1854 963 2001 998 noea-ae

466 1014 734 1051 exhortationis
753 1014 992 1051 exauditione
1009 1014 1157 1059 devota,
1176 1027 1242 1052 vos
1264 1015 1457 1066 apostolici
1476 1016 1613 1054 favoris
1631 1016 1747 1067 gratia
1766 1018 1943 1068 prosequi
1961 1018 1999 1056 in

465 1072 593 1109 vestris
608 1072 925 1122 oportunitatibus
940 1073 1176 1120 inducemur,
1191 1078 1227 1110 et
1239 1087 1324 1111 ecce
1339 1087 1452 1125 super
1469 1074 1541 1112 hiis
1555 1088 1623 1125 per
1638 1076 1860 1126 apostolicas
1875 1076 2003 1115 scribi—

466 1144 548 1167 mus
566 1131 703 1168 litteras
723 1131 822 1168 dicto
835 1132 927 1181 regi,
946 1136 983 1168 et
1001 1131 1269 1170 nichilominus
1287 1145 1356 1182 pro
1370 1133 1443 1170 hiis
1456 1138 1493 1170 et
1504 1134 1587 1171 aliis
1603 1134 1760 1184 negotiis
1779 1137 1998 1186 peragendis

465 1189 688 1239 sollempnes
722 1190 873 1227 nuntios
904 1195 1064 1236 nostros,
1090 1190 1263 1228 videlicet
1293 1191 1543 1228 venerabilem
1569 1192 1718 1229 fratrem
1746 1197 1916 1230 nostrum
1942 1224 1998 1231 .....

464 1247 784 1299 archiepiscopum
799 1249 1086 1295 Bituricensem,
1101 1254 1137 1286 et
1149 1249 1327 1286 dilectum
1348 1250 1469 1287 filium
1483 1251 1632 1288 fratrem
1709 1252 1927 1303 magistrum
1945 1266 2002 1291 or-

463 1307 562 1344 dinis
579 1307 898 1354 praedicatorum„
914 1308 1014 1345 viros
1031 1308 1161 1359 utique
1179 1308 1357 1359 probatae
1374 1309 1718 1360 circumspectionis
1728 1315 1766 1348 et
1782 1311 1882 1358 fidei,
1901 1312 2002 1362 pacis

462 1371 501 1402 et·
520 1366 742 1403 concordiae
765 1368 960 1413 zelatores,
979 1367 1207 1405 exhibitores
1231 1369 1500 1419 praesentium,
1523 1370 1570 1406 ad
1588 1374 1710 1420 partes
1729 1370 1810 1407 illas
1832 1383 2002 1421 praesan-

465 1425 602 1463 tialiter:
621 1425 866 1472 destinamus,
893 1426 1031 1476 quibus
1056 1440 1123 1477 per
1140 1439 1221 1473 vos,
1249 1427 1288 1463 in
1315 1426 1387 1464 hiis
1412 1440 1508 1478 quae
1534 1441 1580 1464 ex
1606 1433 1711 1478 parte
1729 1432 1876 1466 nostrae
1893 1429 2000 1466 vobis

463 1484 559 1520 circa
578 1483 778 1533 praemissa
797 1484 1005 1530 retulerint7
1025 1484 1137 1521 fidem
1155 1484 1316 1535 petimus
1333 1485 1522 1523 credulam
1544 1485 1724 1523 adhiberi.
1746 1486 1883 1524 Datum
1901 1487 1999 1527 Ave-

465 1541 582 1587 nioni7
602 1546 669 1578 etc.

1173 1608 1292 1617 —QO‘—

1121 1751 1340 1788 CCCXXXI.

524 1868 563 1904 V
561 1873 639 1905 eme
653 1869 674 1905 ἀ
693 1867 729 1905 la
742 1874 848 1917 porte
861 1869 904 1906 de
921 1869 1081 1919 l'abbaye
1099 1870 1143 1906 de
1167 1870 1315 1907 rhosan
1334 1870 1377 1906 de
1395 1876 1509 1907 terres
1526 1871 1655 1908 situees
1673 1883 1722 1907 au
1742 1871 1870 1908 melier
1885 1871 1929 1908 de

1170 1928 1293 1966 Hulst.

509 2124 696 2161 Universis
718 2129 928 2174 praesentes
948 2125 1086 2163 litteras
1105 2126 1346 2176 inspecturis,
1373 2127 1486 2164 frater
1503 2126 1704 2164 Nicholaus
1722 2125 1845 2163 dictus
1862 2124 1996 2170 abbas7

459 2185 630 2232 totusque
644 2187 848 2220 conventus
863 2184 1077 2221 monasterii
1093 2184 1139 2221 de
1152 2184 1321 2232 Thosan,
1339 2185 1495 2222 salutem
1516 2188 1551 2221 et
1568 2184 1824 2222 omnimodam
1843 2195 1996 2220 noscere

460 2239 662 2276 veritatem.

508 2297 633 2334 Vestra
662 2300 807 2336 noverit
830 2300 1056 2338 Universitas
1083 2301 1186 2351 quod
1208 2301 1434 2339 reverendus
1460 2302 1505 2351 in*
1523 2301 1670 2338 Christo
1697 2305 1802 2351 pater
1821 2299 1996 2338 dominus

459 2355 640 2402 Matheus,
653 2358 879 2395 venerabilis
893 2359 1009 2396 abbas
1027 2360 1263 2397 Claraevallis
1274 2389 1284 2406 ,
1301 2360 1348 2397 ad
1366 2360 1611 2397 relevandum
1625 2358 1889 2397 monasterium
1909 2370 1997 2395 nos-

460 2418 556 2449 trum
585 2415 815 2463 praedictum
842 2431 861 2454 a
889 2418 1091 2456 miserabili
1119 2432 1318 2456 usurarum
1345 2419 1522 2470 voragine
1547 2422 1582 2456 et
1603 2418 1696 2456 aeris
1715 2417 1826 2464 alieni
1852 2416 1995 2453 sarcina
