2184 3074
456 307 526 344 176
1010 302 1172 340 CODEX
1198 301 1444 340 DUNENSIS.

451 437 533 470 nos⁷
552 425 647 461 sicut
666 428 833 460 nostrum
863 422 1016 458 tutelare
1042 420 1163 470 exegit
1188 419 1370 465 officium,
1397 420 1678 456 necessitatibus
1701 425 1736 456 et
1763 420 1988 457 utilitatibus

450 483 537 519 dicti
553 482 721 519 haeredis
740 482 903 517 volentes
923 479 1114 516 intendere
1132 483 1166 514 et
1183 477 1355 514 eumdem
1377 477 1413 514 in
1435 478 1570 514 talibus
1589 478 1786 515 confovere
1807 485 1848 515 ut
1867 478 1988 528 majus

451 542 658 592 periculum
689 545 799 589 atque
825 538 1066 588 dispendium
1094 538 1217 587 posset
1250 536 1404 573 evadere
1436 537 1495 572 via
1527 536 1805 586 quodammodo
1840 537 1987 584 leviore

453 601 703 636 necessitatem
722 603 756 634 et
774 597 970 634 utilitatem
991 596 1108 646 ipsius
1128 595 1341 632 curavimus
1356 594 1428 631 illis
1446 607 1631 644 exponere
1646 595 1692 631 ad
1707 607 1802 645 quos
1819 596 1857 632 in
1874 596 1991 632 mino-

452 672 534 695 rum
551 657 710 708 praediis
732 670 795 693 seu
818 655 1077 692 consimilibus
1101 654 1212 690 rebus
1234 653 1440 690 alienandis
1463 653 1652 703 spectabat
1679 654 1842 704 cognitio
1865 659 1902 691 et
1924 654 1991 691 de-

453 717 556 762 creti„
577 717 672 753 sicut
687 720 781 752 esset
798 726 1022 764 congruum5
1041 712 1274 762 interpositio
1290 712 1468 748 facienda.
1484 713 1555 760 Qui
1571 713 1779 762 cognitores
1794 714 1906 763 hujus
1920 715 1990 761 rei,

453 779 494 811 ut
510 773 807 824 supradiximus,
826 772 1080 809 necessitatem
1102 775 1138 807 et
1161 770 1357 820 utilitatem
1381 770 1559 816 minoris,
1583 784 1695 822 quem
1716 772 1823 820 juxta
1849 773 1991 810 domini

452 837 566 869 terrae
584 831 866 881 dispositionem
885 835 921 866 et
938 842 1100 880 quorum
1121 829 1271 866 interest
1289 834 1324 865 et
1344 829 1519 866 intererat
1538 829 1788 877 voluntatem,
1807 831 1846 868 in
1866 835 1991 869 nostra

454 890 599 927 tutelari
629 890 829 927 habuimus
858 893 1035 939 potestate
1064 893 1099 924 et
1125 887 1249 924 adbuc
1274 887 1410 924 habere
1435 887 1678 933 dinoscimur7
1697 882 1928 926 invenientes
1953 889 1992 926 in

453 949 523 986 sibi
542 948 718 999 expositis
733 947 925 983 veritatem
945 950 986 982 ut
999 950 1123 996 posset
1137 945 1215 983 fieri
1231 950 1266 982 et
1279 945 1430 982 deberet
1445 946 1608 996 legitime
1621 946 1794 984 alienatio
1809 947 1992 998 quaedam

454 1007 666 1044 reddituum
680 1036 688 1052 a
715 1019 809 1056 quae
831 1005 1000 1055 tangitur
1021 1005 1137 1050 infra„
1155 1004 1201 1041 ad
1220 1004 1392 1042 eumdem
1412 1005 1597 1055 pupillum
1621 1006 1887 1056 spectantium,
1907 1019 1994 1056 per·

455 1065 670 1102 mutationis
691 1065 797 1101 titulo
817 1064 892 1101 sive
913 1064 1042 1109 modo,
1058 1063 1248 1100 decretum
1265 1063 1432 1113 ipsorum
1451 1063 1548 1100 sicut
1569 1063 1708 1109 decuit,
1728 1064 1995 1103 deliberatione

455 1123 676 1173 competenti
697 1122 933 1173 praehabita,
953 1122 1189 1172 interponere
1210 1126 1444 1159 curaverunt.
1466 1121 1540 1159 Nos
1562 1122 1675 1172 igitur
1683 1122 1791 1172 juxta
1805 1122 1995 1169 decretum

455 1182 670 1232 hujusmodi
693 1182 834 1218 dictum
856 1180 1051 1218 haeredem
1075 1185 1110 1217 et
1136 1184 1304 1225 nostrum
1331 1181 1517 1231 pupillum
1533 1210 1542 1225 ·.
1567 1181 1638 1218 sub
1666 1186 1790 1218 nostra
1817 1186 1996 1231 potestate

455 1241 623 1278 tutelaria
647 1240 910 1285 constitutum,
935 1239 1064 1276 amicis
1090 1239 1206 1290 ipsius
1234 1244 1269 1275 et
1295 1239 1476 1289 proximis
1498 1239 1544 1276 ad
1564 1240 1634 1277 hoc
1652 1241 1762 1277 etiam
1785 1241 1996 1279 convocatis

455 1305 490 1336 et
509 1299 827 1337 consentientibus
845 1303 880 1334 et
897 1298 1210 1348 approbantibus,
1230 1311 1298 1348 pro
1314 1298 1664 1349 liberationeipsius
1679 1299 1813 1350 pupilli
1833 1300 1880 1337 ab
1898 1300 1997 1337 obli-
2057 1318 2073 1330 ο

455 1359 602 1409 gatione
635 1357 908 1408 praedictorum
940 1357 1150 1408 salmonum
1183 1361 1363 1407 perpetuo
1395 1358 1656 1407 consequenda
1687 1358 1842 1395 fecimus
1873 1359 1995 1408 ipsum

456 1416 765 1467 permutationem
787 1418 922 1461 facere7
938 1430 1002 1452 seu
1021 1429 1088 1452 suo
1108 1415 1260 1452 nomine
1278 1416 1572 1466 permutavimus
1590 1417 1636 1453 ad
1655 1417 1843 1454 redditum
1862 1430 1996 1468 quem-

455 1476 539 1512 dam
570 1481 733 1525 quatuor
763 1475 943 1512 librarum
978 1475 1262 1512 Flandrensium
1293 1475 1408 1524 ipsius
1439 1475 1571 1525 pupilli
1605 1476 1714 1512 talem
1744 1481 1778 1512 et
1805 1476 1934 1520 talem2
1961 1481 1996 1513 et

456 1536 598 1571 dictum
617 1540 779 1585 quatuor
798 1534 979 1570 librarum
999 1534 1186 1570 redditum
1212 1547 1279 1583 pro
1301 1534 1446 1570 redditu
1474 1534 1520 1570 de
1545 1535 1775 1571 salmonibus
1801 1535 1996 1571 antedictis

456 1594 628 1629 volumus
657 1598 691 1629 et
723 1593 976 1628 consentimus
1009 1592 1096 1629 dicti
1130 1593 1262 1642 pupilli
1289 1597 1324 1628 ct
1352 1598 1478 1629 nostro
1507 1593 1677 1630 tutelario
1702 1593 1853 1629 nomine
1877 1593 1995 1630 dictos

457 1652 626 1688 abbatem
647 1657 682 1687 et
700 1656 924 1687 conventum
944 1664 1052 1701 posse
1079 1651 1268 1701 percipere
1295 1651 1446 1687 nomine
1473 1651 1646 1688 ecclesiae
1669 1665 1774 1697 suae,
1793 1651 1900 1688 annis
1918 1652 1997 1688 sin-

457 1710 569 1760 gulis7
591 1715 625 1745 et
643 1710 776 1746 debere
795 1714 975 1759 perpetuo
996 1710 1033 1745 in
1054 1710 1223 1746 futurum
1244 1723 1287 1746 ex
1313 1709 1373 1746 die
1402 1710 1602 1759 praesenti3
1629 1715 1664 1746 et
1695 1723 1756 1746 eos
1779 1710 1997 1747 induximus

458 1783 521 1806 seu
542 1769 668 1805 induci
690 1770 843 1806 fecimus
862 1769 1049 1806 antedicto
1068 1770 1219 1806 nomine
1235 1769 1272 1805 in
1288 1770 1517 1819 corporalem
1533 1770 1803 1820 possessionem
1819 1770 1875 1806 vel
1890 1769 1996 1820 quasi

459 1828 672 1864 reddituum
693 1828 967 1877 praedictorum
981 1858 990 1872 Ἰ
1009 1828 1266 1878 promittentes
1281 1828 1373 1865 dicti
1386 1828 1521 1879 pupilli
1537 1828 1674 1865 tutorio
1690 1828 1842 1865 nomine
1854 1828 1996 1865 dictum

459 1892 620 1937 quatuor
639 1887 818 1924 librarum
845 1887 1053 1933 redditum5
1077 1892 1150 1924 tam
1177 1888 1214 1924 in
1239 1888 1464 1938 proprietate
1487 1901 1600 1938 quam
1619 1888 1868 1938 possessione,
1889 1887 1996 1924 dictis

459 1945 582 1981 abbati
598 1950 632 1981 et
647 1945 858 1985 conventui*
875 1959 1080 1996 eorumque
1094 1947 1369 1983 successoribus
1387 1946 1655 1997 garandire‚ab
1671 1946 1771 1982 omni
1792 1945 1944 1982 homine
1962 1950 1997 1982 et

459 2003 698 2039 universitate
717 2003 930 2049 defendere7
950 2004 1177 2040 auctorizare
1195 2009 1229 2040 et
1247 2005 1474 2054 praedictam
1494 2004 1802 2054 permutationem
1819 2009 1854 2040 et
1872 2004 1997 2040 omnia

461 2067 495 2098 et-
520 2062 664 2111 singula
691 2061 942 2111 suprascripta
973 2066 1153 2112 perpetuo
1186 2062 1291 2098 lii-ma
1318 2067 1354 2099 et
1382 2068 1459 2099 rata
1482 2062 1618 2099 habere
1643 2067 1678 2099 et
1703 2067 1848 2108 tenere,
1867 2067 1902 2099 et
1921 2075 1997 2099 non

461 2122 709 2158 contrafacere
729 2121 784 2157 vel
805 2121 931 2157 venire
948 2121 1072 2170 aliqua
1092 2135 1199 2158 causa
1219 2122 1275 2158 vel
1297 2122 1466 2172 ingenio⁷
1484 2122 1531 2159 de
1547 2122 1632 2172 jure
1650 2123 1707 2158 vel
1732 2122 1778 2158 de
1795 2123 1902 2159 sacto.
1925 2122 1998 2159 Pro

461 2193 611 2230 quoque
624 2187 659 2216 et
670 2179 824 2229 singulis
839 2179 1062 2229 supradict-is
1079 2180 1236 2216 firmiter
1244 2180 1485 2217 observandis
1497 2194 1564 2218 nos
1575 2181 1690 2217 tutrix
1706 2181 1893 2231 praedicta
1907 2181 1999 2218 obli-

460 2239 627 2288 gavimus
653 2239 760 2276 dictis
787 2239 912 2275 abbati
933 2244 968 2276 et
989 2240 1187 2276 conventui
1207 2240 1333 2277 omnia
1351 2240 1450 2277 bona
1475 2241 1591 2290 ipsius
1618 2240 1752 2291 pupilli
1771 2244 1845 2276 tam
1873 2239 1997 2276 habita

462 2311 574 2348 quam
598 2298 783 2342 habenda.v
809 2304 844 2335 et
869 2299 1153 2349 requisivimus,
1179 2300 1405 2350 requirimus
1430 2305 1466 2337 et
1489 2313 1662 2351 rogamus
1681 2299 1834 2337 illustris
1861 2299 1997 2336 simum

462 2356 669 2407 principem
701 2356 897 2393 dominum
916 2386 1038 2394 .....
1067 2358 1239 2395 comitem
1269 2358 1489 2395 Hollandiae
1507 2363 1548 2395 ut
1573 2358 1652 2408 ipse
1677 2357 1889 2408 praemissis
1915 2371 1998 2394 auc-

463 2415 647 2452 toritatem
666 2419 701 2450 et
719 2427 829 2450 suum
849 2428 1071 2452 consensum
1091 2417 1277 2454 adhibeat.
1297 2417 1333 2454 Si
1361 2417 1446 2467 quis
1470 2430 1622 2467 quoque
1645 2416 1811 2452 defectus
1831 2415 1941 2453 fuerit
1959 2417 1996 2454 in
