2184 3074
0 2020 9 2280 &ww-1-
0 1981 3 1983 v
0 1902 3 1923 -—
0 1851 3 1868 ν

0 2533 16 2640 antam-z
0 2452 11 2529 wa

732 350 894 390 CODEX
921 353 1017 392 DUN
1023 353 1083 391 EN
1087 353 1166 392 SlS.
1634 358 1707 396 553

173 465 296 504 taliter
312 471 526 517 prorogate,
545 471 609 504 aut
628 479 703 505 non
722 468 818 506 infra
837 473 920 506 octo
938 469 1017 507 dies
1035 471 1206 521 proximo
1220 472 1503 524 subsequentes,
1517 474 1705 518 solverint,

172 525 250 565 sive
272 525 312 563 in
334 524 435 562 illius
459 524 644 563 solutione
663 526 829 564 fraudem
850 527 904 564 vel
929 528 1107 566 malitiam
1129 529 1383 573 adhibuerint,
1402 532 1705 570 excommunica·

172 583 285 622 tionis
309 583 530 621 sententiam
554 583 592 620 in
620 584 738 634 ipsas,
755 589 839 635 post
863 585 981 623 dictos
1005 591 1088 624 octo
1114 586 1192 624 dies
1219 592 1255 625 et
1280 593 1477 640 postquam
1503 590 1550 628 ad
1576 598 1702 628 earum

171 642 342 681 notitiam
357 642 404 680 de
418 642 481 680 illa
495 643 722 693 pervenerit,
742 644 798 680 vel
817 657 901 682 cum
918 645 956 682 in
972 645 1060 683 locis
1074 646 1175 683 unde
1188 647 1234 684 ad
1247 661 1374 686 earum
1390 649 1558 687 notitiam
1573 663 1705 700 perve-

171 700 270 739 nisse
283 700 416 740 debeat
429 700 618 751 publicata
634 701 755 747 fuerit,
770 701 859 752 ligat
871 707 906 739 et
919 703 1091 741 volumus
1105 705 1321 743 auctoritate
1334 707 1446 744 simili
1462 708 1700 759 promulgari.

172 758 573 806 PaternitatiWestrae,
593 763 698 810 paler
714 760 844 807 electe,
863 761 902 797 in
926 761 1063 798 virtute
1085 762 1339 813 obligationis,
1358 772 1393 802 et
1410 765 1515 804 vobis
1535 766 1702 811 officiali,

172 818 244 857 suh
261 830 381 869 poena
399 817 796 856 excommunicationis
814 831 926 869 quam
942 819 980 856 in
995 832 1060 858 vos
1075 820 1242 868 serimus,
1256 822 1286 860 si
1301 823 1517 861 mandatum
1533 829 1700 862 nostrum

172 876 212 916 in
242 876 313 915 hac
343 880 447 928 parte
477 876 711 927 neglexeritis
741 876 965 927 adimplere,
997 877 1161 916 districte
1191 881 1451 931 praecipiendo
1482 883 1701 920 mandamus

170 939 356 987 quatenus
381 934 536 973 eandem
564 935 962 973 excommunicationis
993 937 1212 974 sententiam
1243 951 1310 989 pro
1341 939 1420 990 ipsa
1448 940 1589 978 decima
1614 953 1702 991 pro-

171 995 375 1047 mulgatam
401 995 440 1032 in
465 994 667 1032 cathedrali
696 999 732 1032 et
757 995 839 1032 aliis
866 995 1028 1033 ecclesiis
1049 1008 1091 1033 ac
1116 998 1347 1036 monasteriis
1364 999 1494 1037 vestris
1511 1000 1702 1037 civitatum

171 1058 208 1092 et
223 1053 410 1104 dyocesis,
427 1057 463 1091 et
481 1065 522 1090 ea
539 1057 643 1103 parte
661 1052 832 1103 dyocesis
849 1053 1122 1092 Cameracensis
1140 1068 1235 1106 quae
1251 1061 1305 1093 est
1321 1056 1367 1094 de
1385 1071 1499 1109 regno
1514 1058 1701 1104 Franciae,

171 1111 253 1150 sine
277 1111 379 1150 omni
404 1124 530 1150 morae
555 1110 754 1162 dispendio
781 1111 964 1162 publicari
991 1113 1244 1163 sollempniter
1274 1115 1428 1162 faciatis,
1459 1117 1701 1154 rescribentes

171 1171 281 1210 nobis
302 1171 456 1223 quando
479 1175 515 1208 et
539 1171 578 1209 in
602 1171 741 1222 quibus
767 1171 930 1209 ecclesiis
955 1176 990 1208 et
1008 1173 1239 1210 monasteriis
1258 1174 1546 1223 publicationem
1568 1175 1700 1225 hujus·

172 1230 274 1268 modi
293 1230 372 1269 fieri
392 1229 545 1268 facietis.

884 1313 995 1324 ‹00—

799 1450 1082 1489 CCCLXXXVl.

243 1565 366 1604 Lettre
389 1566 433 1605 de
453 1565 586 1605 Robert
607 1567 650 1605 de
674 1568 902 1618 Courtenay,
928 1568 1148 1620 archeveque
1172 1570 1215 1607 de
1240 1570 1378 1614 Reium,
1405 1569 1553 1606 relative
1578 1581 1626 1605 au

593 1626 726 1663 concile
746 1626 958 1676 provincial
981 1626 1024 1664 de
1051 1628 1276 1678 Compieqne.

219 1817 278 1855 Ad
295 1822 512 1869 perpetuam
533 1819 584 1856 rei
604 1820 820 1857 memoriam
841 1821 1132 1870 profuturam‘in
1152 1826 1371 1871 perpetuum
1390 1826 1426 1858 et
1443 1821 1648 1858 tenendam.

219 1875 294 1914 Nos
310 1876 352 1914 R.
367 1905 377 1923 ,
395 1876 632 1915 miseratione
650 1877 776 1915 divina
796 1878 987 1915 Remensis
1005 1878 1321 1929 archiepiscopus,
1341 1879 1378 1916 in
1398 1884 1524 1916 nostro
1547 1878 1701 1928 provin-

170 1935 255 1974 ciali
274 1935 432 1973 concilio
450 1936 553 1987 quod
572 1937 673 1988 apud
695 1937 967 1988 Compendium
988 1942 1132 1974 nostrae
1150 1937 1341 1975 Remensis
1367 1937 1579 1988 provinciae
1603 1949 1700 1973 anno

171 1993 323 2032 Domini
341 1994 392 2032 Μο
410 1994 513 2032 000ο
531 1995 672 2045 primo,
689 1995 750 2032 die
773 1995 947 2032 mercurii
974 2000 1057 2032 ante
1084 1995 1214 2032 festum
1243 1995 1344 2033 Beati
1369 1995 1585 2032 Clementis.
1614 1995 1701 2031 uni-

171 2052 286 2090 versis
302 2052 544 2104 'suffraganeis
564 2053 701 2100 nostris
719 2054 765 2091 ad
786 2055 890 2099 haec,
905 2060 946 2091 ut
961 2054 1073 2091 moris
1087 2059 1155 2100 est,
1171 2054 1379 2091 convocatis
1396 2059 1431 2091 et
1447 2053 1701 2104 praesentibus

171 2111 448 2150 venerabilibus
475 2112 653 2150 fratribus
681 2113 723 2150 G.
749 2113 1022 2159 Suessionensi,
1048 2112 1090 2150 G.
1120 2112 1377 2158 Laudunensi,
1404 2112 1439 2149 S.
1469 2111 1700 2157 Beli-acensi,

170 2171 204 2210 J.
227 2170 508 2217 cathalanensi,
526 2171 569 2209 G.
592 2172 837 2209 Attrebatensi
865 2176 901 2208 et
926 2171 969 2208 G.
995 2171 1234 2209 Ambianensi
1259 2170 1458 2221 episcopis,
1486 2169 1702 2207 absentibus

171 2229 448 2268 venerabilibus
481 2230 658 2268 fratribus
694 2231 732 2267 C.
769 2231 1039 2275 Cameracensi,
1075 2230 1116 2266 G.
1154 2229 1415 2267 Silvanectensi
1453 2229 1634 2280 episeopis
1667 2234 1702 2266 et

171 2288 215 2326 G.
234 2288 459 2326 'fornacensi
477 2289 592 2326 electo
611 2290 831 2327 confirmato
850 2303 916 2339 per
934 2289 1070 2326 litteras
1089 2288 1301 2326 eorumdem
1319 2293 1461 2339 apertas
1479 2287 1703 2325 sufficienter

172 2346 371 2392 excusatis,
391 2346 628 2385 Noviomensi
648 2352 685 2385 et
700 2347 901 2385 Morinensi
925 2346 1087 2384 ecclesiis
1111 2351 1201 2383 tunc
1224 2345 1440 2383 vacantibus
1464 2345 1583 2383 extitit
1607 2346 1702 2382 cele-

117 2413 122 2418 '
172 2406 343 2453 bratum,
371 2405 562 2444 nonnullis
593 2407 831 2444 ecclesiarum
857 2411 892 2443 et
919 2419 1160 2456 personarum
1188 2406 1351 2456 ipsarum
1378 2403 1701 2455 oppressionibus,

175 2463 323 2514 injuriis
341 2469 377 2502 et
394 2463 543 2503 offensis
561 2466 607 2503 ad
626 2471 789 2503 nostram
809 2464 978 2502 deductis
997 2464 1165 2501 notitiam
1184 2469 1219 2500 et
1240 2464 1358 2501 eidem
1382 2462 1541 2500 concilio
1563 2475 1701 2500 resera-
