2184 3074
757 307 919 345 CODEX
946 307 1192 346 DUNENSlS.
1695 315 1736 351 31

925 472 1020 509 XXI.

199 589 411 628 Guillaume
434 588 618 634 Haderic,
637 587 748 633 clerc,
762 599 974 636 procureur
988 586 1050 624 des
1068 593 1235 624 convenis
1255 587 1317 625 dea
1335 589 1483 634 Dones,
1503 589 1547 627 de
1571 589 1739 636 Tho-san,

249 648 294 686 de
311 647 512 693 Baudeloo,
531 652 607 692 ccc„
618 651 776 696 proteste
793 658 862 696 que
879 645 928 683 les
947 646 1084 682 moines
1101 658 1250 683 convers
1268 646 1330 684 des
1346 646 1483 697 sermea
1502 647 1565 686 des
1581 648 1741 697 Quatre-

252 707 396 745 Meliora
411 711 495 744 sont
512 711 671 755 exempla
689 705 733 742 de
751 710 826 742 tout
839 710 1034 755 payemenl
1051 704 1096 742 de
1113 704 1241 743 dimas.

249 899 382 938 Coram
400 900 507 938 vobis
527 899 681 938 domino
700 899 876 951 Philippo
895 900 941 937 de
959 901 1200 952 Castegnolis,
1219 902 1399 940 canonico
1417 903 1630 941 Treverensi
1642 933 1651 950 ,
1669 905 1739 942 do-

201 958 304 996 mino
319 957 525 1010 Stephano,
538 958 680 996 decano
694 958 817 996 Sancti
832 958 995 1005 Martini,
1010 963 1046 996 et
1059 959 1261 997 venerabili
1277 964 1379 1011 patre
1395 960 1550 998 domino
1565 962 1737 1008 Heni-ico,

198 1015 332 1053 abbate
360 1015 484 1054 Sancti
512 1016 635 1063 Pauli,
655 1017 894 1054 ecclesiarum
916 1016 1207 1067 Trajectensium
1225 1018 1505 1066 collectoribus,
1525 1024 1566 1056 ut
1589 1019 1738 1064 dicitur,

199 1074 472 1125 procurationis
499 1075 699 1112 venerandi
729 1075 843 1126 patris
873 1080 910 1113 et
939 1075 1082 1113 domini
1113 1076 1296 1115 Joliannis
1326 1077 1491 1129 episcopi
1518 1077 1737 1124 Tusculani,

146 1133 151 1138 ’
199 1132 434 1184 Apostolicae
452 1133 556 1171 Sedis
575 1133 682 1184 legati
709 1133 746 1171 in
770 1134 988 1172 Alamannia
1015 1134 1053 1172 in
1077 1134 1227 1185 dyocesi
1247 1135 1488 1186 Trajectensi,
1506 1149 1677 1187 propono
1703 1141 1739 1174 et

199 1190 284 1228 dico
309 1204 377 1242 ego
401 1191 616 1230 willelmus
641 1192 820 1239 Haderic,
846 1192 1022 1239 clericus,
1044 1198 1264 1243 procurator
1287 1194 1544 1244 religiosorum
1571 1194 1736 1231 virorum

128 1247 133 1253 “
199 1249 377 1287 abbatum
405 1254 440 1288 et
465 1255 716 1288 conventuum
744 1251 790 1288 de
806 1251 946 1299 Dunis,
963 1251 1184 1290 Morinensis
1203 1252 1392 1302 dyocesis,
1411 1252 1458 1289 de
1474 1252 1621 1290 'rhosan
1640 1257 1676 1290 et
1692 1252 1738 1290 de

197 1307 359 1355 Bodelo,
372 1308 616 1347 Tornacensis
629 1309 817 1360 dyocesis,
834 1323 978 1347 necnon
995 1310 1252 1360 religiosarum
1268 1310 1507 1347 dominarum
1525 1310 1572 1348 de
1591 1310 1736 1348 Boscho

197 1371 234 1404 et
245 1366 292 1404 de
306 1366 436 1404 Biloke
449 1367 721 1405 abbatissarum
736 1372 772 1405 et
785 1372 1039 1405 conventuum
1051 1397 1060 1415 ,
1073 1368 1216 1406 ordinis
1231 1368 1482 1406 Cisterciensis
1495 1369 1737 1407 Tornacensis

197 1423 386 1475 dyocesis,
405 1425 557 1462 nomine
574 1426 831 1477 procuratorio
850 1431 886 1463 et
904 1440 973 1477 pro
993 1426 1083 1477 ipsis
1102 1431 1139 1464 et
1155 1427 1312 1477 singulis
1330 1440 1459 1464 eorum
1482 1432 1518 1464 et
1538 1441 1682 1474 earum,
1702 1432 1738 1464 et

195 1483 404 1534 specialiter
421 1497 489 1534 pro
508 1484 694 1535 magistris
711 1489 746 1522 et
765 1485 943 1522 fratribus
961 1489 998 1522 et
1015 1485 1095 1522 aliis
1113 1485 1178 1536 qui
1199 1485 1237 1521 in
1256 1485 1419 1536 grangiis
1438 1490 1472 1522 et
1490 1485 1597 1523 bonis
1616 1486 1736 1523 dicto-

196 1554 280 1579 rum
307 1536 484 1579 abbatum
508 1546 545 1579 et
570 1542 841 1580 abbatissarum
870 1548 907 1581 et
931 1548 1184 1580 conventuum
1214 1544 1251 1580 in
1277 1544 1447 1592 Quatuor
1473 1544 1614 1582 Officiis
1636 1549 1673 1582 et
1697 1545 1734 1582 in

197 1598 458 1646 Sud-Bevern,
475 1599 645 1650 dyocesis
663 1600 927 1650 Trajectensis,
945 1601 1025 1638 sitis
1044 1606 1333 1648 commorantur,
1347 1602 1448 1652 quod
1464 1602 1551 1639 dicti
1569 1602 1736 1648 abbates,

196 1657 403 1695 abbatissae
421 1662 457 1695 et
475 1662 681 1695 conventus
700 1659 871 1709 grangias
890 1664 926 1695 et
942 1659 1040 1696 bona
1062 1659 1200 1696 habent
1222 1659 1316 1696 infra
1340 1660 1437 1697 (licta
1457 1661 1626 1708 Quatuor
1642 1660 1737 1698 Olli-

197 1715 253 1753 cia
274 1719 310 1753 et
327 1716 586 1759 Sud—Bevern,
608 1716 645 1754 in
663 1717 804 1768 quibus
823 1731 891 1754 nec
908 1722 981 1764 est,
1007 1731 1075 1755 nec
1097 1731 1175 1755 esse
1201 1719 1394 1755 consuevit
1418 1719 1533 1756 abbas
1553 1719 1609 1756 vel
1634 1719 1738 1770 prior

197 1774 254 1811 vel
272 1778 476 1811 conventus
490 1775 547 1812 vel
564 1775 748 1813 abbatissa
763 1776 819 1812 vel
836 1776 1010 1827 priorissa
1027 1790 1090 1814 seu
1110 1782 1331 1823 conventus,
1350 1777 1414 1824 sed
1433 1777 1548 1828 aliqui
1569 1778 1735 1815 conversi

197 1834 253 1871 vcl
271 1834 334 1871 alii
353 1835 399 1872 ad
418 1835 535 1873 dictas
554 1836 725 1886 grangias
744 1837 791 1874 ab
815 1837 904 1888 ipsis
933 1837 1131 1874 abbatibus
1158 1838 1214 1874 vel
1242 1838 1437 1875 abbatissis
1464 1838 1674 1885 mittuntur,
1701 1843 1736 1875 et

195 1892 302 1944 quasi
321 1893 492 1931 custodes
515 1894 699 1931 dictarum
719 1895 956 1946 grangiarum
977 1908 1042 1932 seu
1067 1895 1253 1932 bonorum
1276 1896 1565 1941 constituuntur,
1584 1896 1648 1947 qui
1668 1910 1736 1946 pro

196 1951 385 1988 voluntate
402 1951 587 1989 dictorum
607 1952 785 1989 abbatum
803 1966 868 1990 scu
887 1953 1160 1990 abbatissarum
1179 1954 1226 1990 ab
1247 1954 1336 2004 ipsis
1354 1954 1516 2004 grangiis
1540 1967 1603 1990 seu
1627 1954 1734 1991 bonis

195 2015 424 2048 amoventur.
443 2011 565 2059 Quare
583 2011 628 2048 de
649 2011 735 2060 jure
757 2011 876 2049 dictae
899 2012 1072 2063 grangiae
1096 2026 1160 2049 seu
1186 2012 1283 2049 bona
1307 2012 1494 2063 praedicta
1521 2016 1584 2048 aut
1614 2011 1652 2048 in
1683 2012 1735 2049 eis

197 2072 488 2114 commorantes,
507 2069 552 2105 ad
571 2082 666 2106 onus
684 2070 880 2106 solutionis
899 2070 1129 2120 procuratori
1150 2070 1327 2120 praedicti
1347 2069 1489 2106 domini
1510 2069 1616 2119 legati
1637 2069 1735 2106 obli-

196 2131 300 2177 gatae
325 2139 389 2164 seu
413 2127 574 2178 obligata
599 2141 673 2165 non
693 2133 797 2175 sunt,
816 2134 852 2166 et
875 2129 1053 2177 praedicti
1080 2129 1230 2166 abbates
1257 2134 1293 2166 et
1318 2129 1524 2165 abbatissae
1550 2141 1615 2165 seu
1644 2141 1735 2165 con-

198 2189 330 2222 ventus
351 2199 415 2223 seu
436 2185 474 2223 in
494 2186 602 2225 dictis
620 2187 783 2238 grangiis
804 2193 840 2224 et
861 2188 970 2225 bonis
994 2193 1266 2224 commorantes
1288 2187 1344 2223 vel
1364 2187 1480 2237 aliqui
1506 2200 1548 2223 ex
1578 2186 1666 2237 ipsis
1688 2187 1734 2223 ad

198 2243 418 2281 solvendum
437 2246 669 2295 procuratori
689 2246 779 2283 dicti
798 2246 939 2283 domini
960 2246 1067 2297 legati
1087 2259 1155 2296 pro
1173 2246 1281 2283 dictis
1299 2245 1461 2296 grangiis
1479 2250 1515 2282 et
1531 2245 1640 2283 bonis
1660 2258 1733 2282 non

199 2307 373 2340 tenentur
390 2302 547 2353 dejure.
1625 2340 1629 2345 ,

247 2360 338 2398 Item
358 2374 425 2398 nec
443 2361 489 2398 de
509 2362 779 2400 consuetudine
794 2367 967 2400 tenentur
984 2362 1072 2399 dicti
1092 2362 1263 2407 abbates,
1282 2362 1488 2398 abbatissae
1512 2366 1548 2399 ct
1571 2375 1734 2399 conven-

201 2424 258 2457 tus
281 2434 344 2459 seu
364 2421 402 2459 in
421 2422 620 2473 praedictis
638 2423 800 2473 grangiis
825 2428 889 2460 aut
911 2423 1020 2461 bonis
1045 2427 1316 2460 commorantes
1342 2423 1398 2459 vel
1420 2422 1535 2473 aliqui
1555 2436 1599 2459 ex
1618 2423 1670 2460 eis
1687 2423 1733 2459 ad
