2184 3074
439 307 512 344 246
993 301 1155 339 CODEX
1180 300 1429 339 DUNENSlS.

1137 476 1291 514 CLVIII.

445 601 680 639 De'claration
703 598 765 634 des
786 597 982 634 chanoines
999 595 1043 632 de
1061 596 1206 644 Bruqes
1228 594 1337 644 qu'ils
1361 594 1592 631 n'entendent
1609 595 1715 644 point
1735 596 1809 631 titre
1830 606 1984 643 respon-

493 659 608 697 sames
622 657 673 694 du
686 656 840 705 produit
852 655 895 691 de
908 655 1084 691 certaines
1094 652 1293 702 prebendes
1308 653 1396 690 donc
1410 652 1460 690 les
1476 652 1658 690 titulaires
1675 666 1712 690 se
1729 658 1810 690 som
1828 652 1984 703 e‘loiqne's

495 717 517 752 ἁ
535 728 640 752 cause
658 714 700 750 de
719 714 753 750 Ia
771 725 904 763 querre
922 712 972 748 du
991 713 1050 748 roi
1065 711 1108 748 de
1127 712 1271 748 France
1287 716 1320 747 et
1337 711 1388 748 du
1407 712 1465 748 roi
1481 711 1739 762 d’Anqlelerre
1758 714 1778 748 ¹.

497 918 685 958 Universis
703 920 913 968 praesentes
933 916 1070 952 litteras
1094 915 1331 965 inspecturis7
1354 920 1422 952 etc.
1442 914 1594 952 Noverit
1619 915 1842 953 universitas
1865 920 1987 953 vestra

448 978 550 1029 quod
579 989 677 1013 anno
704 974 856 1012 Domini
882 973 933 1010 Μ0
951 973 1035 1019 CC⁰7
1059 978 1139 1019 elea
1159 973 1322 1024 capitulo
1348 973 1495 1023 pulsato
1520 973 1795 1023 sollempniter,
1819 973 1916 1011 sicut
1935 978 1989 1012 est

448 1037 615 1081 solitum,
635 1033 864 1084 congregatis
880 1032 1057 1069 omnibus
1075 1033 1122 1068 de
1136 1031 1300 1082 capitulo
1322 1032 1387 1082 qui
1405 1031 1598 1077 volebant,
1616 1031 1804 1068 debebant
1829 1036 1873 1069 et·
1889 1037 1989 1083 pote-

448 1099 533 1132 rant
559 1095 750 1138 interesse,
775 1091 950 1141 magister
969 1090 1013 1127 G.
1038 1095 1074 1127 et
1100 1091 1160 1137 Β.,
1188 1095 1402 1127 executores
1423 1090 1567 1127 domini
1590 1090 1641 1128 St.
1659 1093 1671 1110 ²
1699 1096 1990 1141 comparuerunt

448 1152 661 1190 executorio
685 1150 837 1188 nomine
862 1162 986 1186 coram
1015 1149 1140 1195 nobis7
1165 1148 1363 1199 pecuniam
1385 1148 1579 1185 afferentes
1607 1149 1757 1186 totalem
1774 1161 1888 1199 quam
1914 1154 1992 1190 tam

449 1211 660 1262 praedictus
679 1209 856 1245 dominus
872 1208 925 1245 St.
945 1221 1058 1258 quam
1078 1207 1148 1257 ipsi
1171 1211 1386 1244 executores
1409 1207 1636 1257 collegerant
1655 1211 1692 1244 et
1713 1206 1887 1258 colligere
1905 1220 1991 1246 cum

449 1282 595 1307 summa
616 1267 809 1317 diligentia
837 1270 1006 1316 poterant
1033 1266 1078 1302 de
1105 1265 1230 1310 bonis,
1257 1265 1464 1302 redditibus
1490 1269 1526 1301 et
1553 1265 1797 1316 proventibus
1819 1265 1992 1316 praeben-

450 1328 581 1364 darum
615 1325 880 1375 Brugensium7
902 1329 1108 1375 spectantes
1133 1324 1180 1360 ad
1212 1324 1301 1361 tales
1329 1324 1603 1360 concanonicos
1631 1329 1775 1362 nostros
1810 1325 1849 1361 in
1881 1325 1991 1376 longa

450 1387 627 1423 distantes
657 1384 823 1421 absentia
854 1387 889 1420 et
912 1383 978 1433 qui
1005 1396 1146 1419 moram
1173 1386 1361 1419 traxerant
1380 1382 1428 1419 ab
1449 1395 1579 1419 eorum
1608 1382 1795 1432 praedicta
1822 1382 1991 1428 ecclesia⁷

451 1445 578 1482 multis
604 1456 789 1480 annorum
812 1441 1043 1492 temporibus
1065 1441 1143 1491 jam
1166 1441 1317 1491 elapsis,
1337 1453 1423 1477 cum
1449 1440 1611 1478 efficacia
1637 1446 1673 1478 et
1696 1441 1993 1492 promptitudine

448 1503 525 1551 jam
553 1507 701 1552 paratae
726 1500 906 1551 pecuniae
931 1500 1053 1537 totalis
1077 1512 1271 1550 expressae
1295 1499 1486 1549 superius⁷
1507 1498 1712 1536 offerebant
1735 1512 1773 1536 se
1799 1505 1992 1551 promptos

451 1561 600 1610 penitus
625 1565 661 1596 et
686 1564 833 1610 paratos
858 1559 904 1595 de
929 1559 1026 1595 dicta
1051 1558 1227 1608 pecunia⁷
1250 1562 1362 1608 prout
1390 1562 1539 1607 tangere
1563 1557 1762 1594 videbatur
1784 1557 1993 1608 praedictos

451 1618 650 1655 canonicos
673 1622 709 1654 et
729 1617 907 1654 habentes
931 1616 1149 1653 mandatum
1170 1615 1216 1652 ad
1241 1616 1491 1666 receptionem
1516 1615 1702 1666 ejusdem,
1725 1615 1931 1662 deliberare
1952 1629 1994 1670 ac

452 1678 609 1722 solvere7
628 1677 657 1713 si
679 1676 744 1726 qui
770 1682 890 1713 essent
907 1675 1043 1712 solutio
1066 1675 1206 1725 quibus
1225 1679 1348 1725 posset
1366 1674 1447 1712 fieri
1470 1679 1506 1711 et
1525 1675 1693 1720 deberetg
1712 1679 1750 1711 et·
1763 1687 1852 1712 cum
1869 1675 1995 1713 nullus

452 1740 544 1772 esset
560 1735 733 1771 inventus
746 1740 787 1771 et
797 1735 958 1771 maxima
972 1734 1211 1771 imminerent
1224 1734 1388 1784 pericula
1404 1738 1440 1770 et
1453 1733 1669 1771 discrimina
1684 1747 1810 1771 rerum
1825 1735 1994 1772 omnium

453 1806 715 1843 personarum,
730 1797 813 1835 ‚tam
837 1792 1166 1830 ecclesiasticarum
1195 1805 1309 1842 quam
1335 1793 1445 1828 etiam
1473 1792 1650 1838 aliarum,
1672 1805 1759 1829 cum
1783 1793 1893 1830 etiam
1919 1805 1995 1830 non

453 1855 667 1902 parceretur
680 1851 862 1902 religiosis
882 1851 1058 1888 domibus
1076 1855 1111 1887 et
1129 1850 1292 1888 ecclesiis
1311 1855 1376 1887 aut
1392 1851 1505 1888 sacris
1525 1850 1680 1888 aedibus
1705 1851 1996 1902 quibuscunque

453 1911 503 1948 ob
527 1923 675 1948 causam
699 1910 906 1947 discordiae
931 1923 1061 1960 regum
1087 1909 1265 1946 Franciae
1287 1914 1400 1960 atque
1422 1910 1576 1960 Angliae
1602 1909 1861 1960 principaliter
1875 1914 1912 1947 et
1927 1910 1996 1948 ad—

455 1969 703 2015 haerentium,
726 1982 888 2019 quorum
917 1982 993 2005 non
1024 1968 1203 2005 minimus
1237 1981 1360 2005 comes
1388 1968 1585 2006 Flandriae
1614 1973 1650 2006 et
1677 1973 1773 2006 terra
1807 1968 1887 2018 ejus
1919 1969 1995 2020 pati

454 2027 586 2064 habuit
601 2027 836 2078 gravissime7
855 2027 904 2064 ita
922 2026 1025 2077 quod
1045 2039 1113 2063 nec
1131 2026 1267 2077 aliquis
1285 2025 1540 2075 subjectorum
1559 2026 1679 2063 eidem
1698 2026 1825 2063 comiti
1844 2039 1883 2064 se
1901 2027 1995 2064 tueri

454 2090 613 2135 poterat,
639 2085 702 2122 sed
728 2086 882 2122 timebat
907 2086 953 2122 de
984 2085 1146 2122 inimicis
1173 2085 1396 2135 capitalibus
1424 2085 1657 2136 ubicunque,
1680 2085 1774 2122 adeo
1799 2085 1903 2136 quod
1929 2098 1998 2123 uec

456 2157 523 2180 nos
553 2144 727 2181 antedicti
765 2145 918 2195 capituli
956 2149 1079 2181 nostra
1106 2143 1316 2194 privilegia,
1349 2148 1474 2181 nostra
1507 2144 1618 2181 etiam
1650 2144 1749 2181 bona
1778 2145 1851 2181 alia
1880 2145 1999 2182 eccle-

457 2202 619 2248 siastica,
652 2216 773 2254 neque
806 2204 983 2254 reliquias
1015 2210 1158 2241 nostras
1184 2208 1220 2239 et
1243 2204 1444 2240 accessoria
1477 2203 1694 2240 earumdem
1721 2203 1898 2240 scivimus
1921 2203 1998 2241 sive

498 2326 503 2341 ¹
530 2330 603 2355 Cctte
614 2330 705 2356 charte
716 2334 756 2356 est
767 2332 1047 2358 vraisemblablement
1058 2333 1090 2358 dc
1102 2331 1205 2358 l'anne'e
1255 2331 1421 2358 archidiacre
1433 2333 1466 2358 de
1481 2332 1593 2366 Bruges,
1608 2331 1804 2366 frequemment
1815 2329 1924 2364 designe'
1935 2337 1998 2356 tous

460 2373 542 2402 ¹297·
1255 2379 1279 2405 le
1294 2379 1356 2405 titre
1371 2378 1563 2405 d'archidiacre
1577 2377 1610 2404 de
1625 2377 1749 2403 mandre.
1771 2375 1864 2402 C'etait
1882 2376 1938 2401 l'uu
1951 2375 1998 2401 des

497 2421 506 2435 ²
529 2421 549 2447 ll
562 2421 638 2455 s‘agit
652 2422 685 2447 ici
697 2423 902 2456 probablemcnt
912 2417 1052 2450 d'Etienne
1067 2425 1099 2450 dc
1112 2425 1202 2458 Suizy,
1254 2424 1352 2451 favoris
1365 2424 1398 2450 de
1414 2424 1539 2459 philippe
1554 2424 1578 2449 lc
1591 2423 1647 2449 Bel.
