2184 3074
476 395 524 432 58
1031 392 1192 429 CODEX
1218 390 1461 428 DUNENSlS.

477 511 628 558 habere,
655 516 907 563 competenter
928 511 1109 549 moneatis
1127 515 1169 547 ut
1186 510 1282 547 infra
1307 523 1352 546 xv
1377 509 1454 546 dies
1477 513 1561 559 post
1583 508 1826 546 monitionem
1851 513 2011 546 vestram

477 569 576 606 dicto
604 569 790 620 Stephano
809 583 921 620 super
939 570 1047 606 dictis
1064 583 1111 605 vn
1131 568 1236 605 libris
1254 572 1289 604 et
1306 581 1372 604 xm
1390 566 1517 604 solidis
1536 566 1734 603 satisfaciat
1750 571 2011 616 competenter,

477 627 642 678 alioquin
665 628 787 678 ipsum
807 632 944 664 extunc
962 628 1008 664 ab
1023 627 1146 664 officio
1166 625 1416 676 suspendatis,
1430 625 1508 661 etsi
1523 623 1777 674 suspensionis
1791 625 2010 662 sententiam

477 699 545 736 per
557 690 641 722 octo
655 686 733 723 dies
747 686 839 723 alios
853 686 1087 733 sustinuerit,
1107 686 1229 736 ipsum
1249 690 1386 722 extunc
1403 682 1750 729 excommunicetis,
1768 683 1848 720 sine
1861 683 2010 721 alterius

476 745 748 794 exspectatione
765 745 948 790 mandati,
966 749 1032 781 etc.

525 802 683 839 officiali
702 816 789 839 vero
808 802 1061 839 cameracensi
1086 806 1212 839 tenore
1233 801 1483 852 praesentium
1503 801 1634 838 damus
1652 801 1690 838 in
1710 800 1893 838 mandatis
1915 814 2010 852 qua-

475 866 581 898 tenus
599 860 741 897 dictum
761 864 995 897 executorem
1014 873 1057 896 ac
1073 859 1333 910 exequendum
1353 859 1554 910 praemissa
1572 859 1779 909 compellat.

1181 985 1300 994 -—-·0-—

1159 1125 1336 1173 xtvm„

551 1242 745 1292 Diffe'rend
753 1243 960 1293 judiciaire
976 1249 1076 1280 entre
1094 1242 1144 1279 les
1162 1242 1326 1279 e'chevins
1344 1242 1387 1279 de
1405 1243 1561 1280 Damme
1578 1248 1610 1279 el
1626 1242 1788 1289 Marthe,
1807 1256 1932 1288 veuve,

1062 1300 1212 1351 be'quine
1230 1306 1262 1337 et
1281 1301 1424 1337 croise'e.

517 1493 658 1530 Dicunt
683 1494 825 1531 scabini
850 1498 885 1530 et
908 1495 1059 1543 laycalis
1077 1493 1222 1543 justitia
1252 1495 1298 1531 de
1324 1495 1418 1531 Dam
1451 1498 1578 1530 contra
1609 1493 1807 1540 Martham,
1839 1494 2004 1531 relictam

468 1551 669 1598 Johannis,
686 1551 905 1601 beghinam,
924 1552 1027 1602 quod
1046 1564 1131 1588 cum
1151 1552 1250 1588 dicta
1268 1551 1410 1589 Martha
1424 1551 1571 1589 eosdem
1587 1551 1759 1589 scabinos
1773 1556 1809 1588 et
1819 1551 2003 1601 justitiam

468 1622 591 1646 coram
611 1609 760 1646 officiali
779 1609 1002 1646 Tornacensi
1021 1623 1134 1660 super
1150 1609 1377 1660 quibusdam
1396 1609 1526 1656 talliis,
1545 1609 1820 1646 extorsionibus
1839 1614 1874 1646 et
1892 1609 2003 1646 rebus

467 1667 569 1714 aliis,
588 1672 700 1718 prout
722 1668 760 1704 in
784 1668 962 1718 petitione
982 1668 1069 1705 inde
1087 1669 1243 1705 formata
1261 1668 1409 1718 plenius
1428 1668 1651 1714 continetur,
1670 1668 1840 1705 traxisset
1857 1668 1895 1704 in
1913 1681 2004 1705 cau-

466 1739 564 1773 sam,
580 1739 624 1763 ex
647 1730 751 1776 parte
768 1727 887 1763 dictae
911 1727 1074 1764 Marthae
1100 1727 1171 1764 fuit
1195 1727 1430 1778 propositum
1457 1740 1580 1764 coram
1609 1727 1738 1764 eodem
1765 1727 2002 1777 osficiali‚.in

467 1784 620 1820 modum
641 1789 940 1834 attemptatorum
960 1790 1087 1822 contra
1106 1786 1222 1823 dictos
1243 1786 1414 1823 scabinos
1428 1790 1464 1823 et
1477 1786 1678 1836 justitiam,
1696 1786 1798 1836 quod
1817 1785 1905 1822 dicti
1922 1799 2003 1823 sca-

467 1842 545 1878 bini
574 1846 609 1878 et
630 1841 774 1891 justitia
793 1843 943 1892 laycalis
968 1843 1031 1880 lite
1053 1844 1240 1893 praedicta
1267 1848 1302 1880 et
1327 1844 1501 1880 citatione
1526 1843 1776 1894 pendentibus
1806 1857 1930 1880 coram
1958 1857 2002 1881 eo

465 1899 562 1936 inter
584 1904 704 1950 partes
727 1901 932 1950 praedictas
963 1906 998 1938 et
1020 1902 1212 1938 occasione
1239 1902 1313 1938 litis
1335 1907 1371 1939 et
1391 1915 1522 1939 causae
1543 1901 1807 1951 judicaverunt
1824 1902 1870 1938 de
1887 1902 2000 1948 sacto,

464 1971 550 1994 cum
578 1958 623 1994 de
645 1958 730 2007 jure
748 1972 823 1995 non
843 1965 1008 2009 possent,
1026 1960 1180 1996 domum
1200 1960 1320 1997 dictae
1337 1961 1482 1997 actricis
1501 1964 1537 1997 et
1553 1960 1651 1997 bona
1669 1961 1708 1996 in
1727 1960 1786 1998 illa
1807 1953 2000 1998 existentia

463 2016 721 2067 pandaverunt
744 2021 780 2053 et
802 2017 925 2054 adhuc
951 2018 1111 2068 pandata
1139 2018 1322 2065 detinent,
1341 2023 1378 2055 et
1399 2018 1536 2055 dictam
1562 2018 1734 2055 actricem
1759 2031 1883 2056 coram
1909 2019 1999 2069 ipsis

463 2074 624 2111 scabinis
642 2080 678 2111 et
693 2074 856 2123 justitia,
875 2075 938 2112 lite
955 2076 1140 2126 pendente
1166 2081 1201 2112 et
1227 2077 1420 2114 occasione
1443 2077 1517 2114 litis
1541 2077 1722 2126 ejusdem,
1749 2081 1870 2128 spreta
1897 2077 2000 2114 inhi-

463 2132 604 2169 bitione
631 2132 702 2169 sibi
729 2133 824 2169 sacta
841 2147 908 2183 per
928 2134 1124 2171 officialem
1148 2135 1379 2185 praedictum
1405 2135 1594 2185 adjornari
1622 2129 1777 2181 debere,
1801 2139 1837 2172 et
1858 2135 1998 2172 ibidem

464 2203 543 2226 eam
562 2203 686 2227 coram
705 2203 743 2228 se
761 2192 961 2241 procedere
981 2198 1017 2229 et
1034 2194 1259 2243 respondere
1282 2194 1436 2239 debere,
1455 2194 1583 2231 et·alia
1601 2193 1743 2243 judicia
1763 2185 2000 2243 protulerunt

463 2252 590 2284 contra
608 2248 792 2295 eamdem,
810 2255 923 2299 prout
940 2250 979 2288 in
998 2251 1241 2302 petitionibus
1260 2256 1296 2288 et
1313 2252 1403 2289 actis
1426 2252 1523 2289 inter
1546 2251 1663 2289 dictas
1681 2255 1803 2301 partes
1822 2251 1999 2288 confectis

462 2305 610 2355 plenius
627 2306 848 2344 continetur.

508 2365 611 2402 Idem
634 2394 789 2403 .......
816 2367 985 2405 officialis
1012 2381 1087 2406 non
1114 2383 1159 2407 ex
1185 2370 1452 2407 deliberatione
1476 2369 1693 2420 praehabita
1728 2368 1765 2405 in
1787 2367 1998 2418 praemissis

460 2423 666 2475 procedens
683 2436 751 2474 pro
770 2425 867 2461 dicta
885 2426 1027 2463 Martha
1045 2432 1173 2465 contra
1192 2428 1363 2465 scabinos
1381 2432 1417 2464 et
1434 2428 1613 2478 laycalem
1629 2427 1812 2477 justitiam
1830 2426 1998 2463 antedic-

463 2488 539 2528 tos,
557 2481 795 2519 diffinitivam
816 2496 880 2520 seu
899 2484 1116 2524 diffinitivas
1134 2487 1353 2524 sententiam
1377 2500 1441 2525 seu
1462 2486 1661 2524 sententias
1685 2484 1952 2537 promulgavit,
1975 2496 1996 2520 a
