2184 3074
760 296 855 335 COD
862 296 921 334 EX
951 297 1191 336 DUNENSlS.
1672 302 1743 340 445

213 415 458 453 monitionem
484 415 642 453 reddant
666 419 703 452 et
725 414 920 452 restituant
941 427 983 451 ac
1005 413 1052 451 de
1068 415 1296 462 commissis,
1314 415 1487 468 dampnis
1511 422 1547 455 et
1571 418 1742 468 expensis

212 473 502 524 quibuscunque
531 486 624 524 quas
653 473 942 524 praemissorum
967 471 1161 510 occasione
1189 472 1278 510 dicti
1304 473 1466 524 religiosi
1495 474 1739 521 incurrerint,

212 535 464 582 competenter
476 531 701 569 satisfaciant
717 535 754 568 et
770 543 971 581 congruam
990 535 1176 581 praestent
1198 532 1409 579 emendam,
1428 533 1595 585 alioquin
1612 534 1643 572 si
1665 535 1740 572 cle-

212 591 279 628 rici
293 591 350 628 vel
367 588 560 641 presbiteri
574 594 638 628 aut
653 590 872 641 quicunque
884 589 1091 627 beneficiati
1110 591 1167 628 vel
1181 590 1342 643 religiosi
1359 591 1514 638 fuerint,
1530 591 1629 643 ipsos
1642 605 1737 644 quos

211 662 359 687 exnunc
375 654 417 686 ut
433 654 570 687 extunc
587 649 634 686 ab
652 648 776 686 officio
793 652 829 685 et
848 648 1028 686 beneficio
1041 648 1303 700 suspendimus
1323 650 1360 687 in
1380 650 1452 688 hiis
1471 650 1633 701 scriptis,
1652 656 1689 688 et
1706 651 1735 688 si

211 707 305 758 layci
332 707 485 754 suerint,
508 706 607 758 ipsos
632 719 726 758 quos
753 719 901 743 exnunc
927 711 968 744 ut
993 711 1129 744 extunc
1147 707 1185 744 in
1205 707 1277 745 hiis
1302 707 1449 759 scriptis
1476 710 1735 747 excommuni-

211 778 356 812 camus,
375 778 574 817 suspensos
595 770 632 803 et
655 766 994 803 excommunicatos
1020 778 1098 803 esse
1115 765 1264 815 publice
1284 766 1475 813 nuntietis,
1496 767 1566 804 nisi
1586 780 1733 805 causam

210 836 334 862 coram
350 823 457 861 vobis
475 823 750 875 praetenderint
763 823 947 861 efficacem
962 837 1078 875 quare
1091 836 1166 860 non
1181 823 1340 862 debeant
1352 824 1399 862 ad
1414 824 1484 862 hoc
1501 825 1601 876 cogi,
1618 838 1730 876 quam

210 882 240 920 si
258 882 534 934 praetenderint
550 883 607 919 vel
628 882 825 933 praemissa
845 883 1058 933 negaverint
1084 895 1161 919 esse
1186 895 1286 928 vera,
1311 883 1456 920 notoria
1474 888 1510 920 et
1527 883 1735 929 manifesta,

211 941 328 979 citetis
353 941 452 992 ipsos
482 953 606 978 coram
638 940 746 978 nobis
780 940 825 977 ad
853 940 950 977 diem
983 945 1250 991 competentem
1277 941 1332 978 vel
1360 941 1440 978 dies
1473 946 1736 992 competentes,

210 1003 246 1036 et
262 998 309 1036 ad
334 999 563 1036 voluntatem
586 998 711 1036 latoris
730 997 979 1049 praesentium
1005 1010 1151 1035 causam
1177 998 1390 1048 hujusmodi
1419 1004 1678 1050 praetensuros
1701 1005 1734 1036 et

212 1057 372 1095 facturos
392 1056 494 1108 quod
516 1056 609 1094 ordo
627 1056 821 1094 dictaverit
844 1055 1009 1093 rationis.
1034 1056 1244 1094 praedictos
1266 1062 1387 1094 autem
1413 1070 1590 1094 manuum
1619 1057 1735 1107 injec—

212 1119 308 1152 tores
325 1127 420 1166 quos
437 1115 544 1152 vobis
560 1114 766 1152 constiterit
783 1119 934 1166 propter
952 1114 1022 1152 hoc
1041 1115 1256 1152 canonicam
1275 1115 1492 1152 sententiam
1518 1115 1733 1160 incurrisse,

211 1176 552 1227 quotienscunque,
578 1175 795 1227 ubicunque
819 1181 854 1213 et
879 1175 1180 1226 quandocunque
1203 1188 1222 1212 a
1242 1176 1354 1212 latore
1372 1175 1596 1226 presentium
1615 1176 1735 1213 conti-

211 1234 305 1285 gerit
321 1247 386 1272 vos
404 1234 560 1285 requiri,
578 1234 786 1285 specialiter
807 1239 870 1271 aut
890 1234 928 1270 in
947 1233 1183 1271 ecclesiarum
1205 1238 1408 1270 vestrarum
1435 1233 1543 1279 facie,
1560 1233 1649 1270 dum
1669 1246 1733 1270 vos

212 1291 407 1342 contigerit
425 1291 619 1329 missarum
634 1292 923 1342 sollempnitates
937 1291 1123 1328 celebrare
1133 1320 1141 1336 ,
1159 1290 1384 1328 denuntietis
1404 1291 1522 1341 palam
1537 1295 1574 1328 et
1586 1290 1734 1342 publice

211 1349 606 1387 excommunicationis
630 1349 821 1399 subJacere
846 1354 882 1386 et
908 1348 1107 1386 inhibeatis
1132 1349 1283 1399 publice
1315 1362 1360 1385 ne
1385 1349 1469 1399 quis
1494 1348 1630 1386 eisdem
1663 1349 1734 1386 sub

211 1420 330 1458 poena
359 1406 771 1452 excommunicationis,
803 1407 960 1444 durante
991 1406 1206 1456 hujusmodi
1236 1407 1434 1453 sententia,
1462 1407 1735 1444 communicare

212 1470 432 1516 praesumat.
447 1465 530 1503 Etsi
550 1465 783 1515 injuriatores
801 1465 1133 1516 praedicti'dictam
1148 1465 1426 1515 suspensionem
1445 1465 1501 1501 vel
1519 1478 1735 1502 excommu-

214 1523 434 1562 nicationem
452 1524 548 1561 ultra
566 1523 660 1560 duos
686 1536 829 1561 menses
855 1523 979 1560 animo
1006 1523 1249 1560 sustinuerint
1267 1523 1455 1568 indurato,
1475 1522 1571 1573 ipsas
1588 1527 1736 1560 senten-

213 1583 280 1620 tias
306 1582 644 1633 quotienscunque,
670 1572 886 1632 ubicunque
910 1586 946 1618 et
970 1581 1272 1632 quandocunque
1298 1594 1318 1618 a
1344 1581 1459 1618 latore
1485 1581 1733 1631 praesentium

213 1640 380 1692 requisiti
405 1640 564 1686 fueritis,
590 1639 752 1677 candelis
776 1640 937 1677 accensis
961 1644 997 1676 et
1016 1640 1204 1690 campanis
1230 1640 1401 1690 pulsatis,
1419 1638 1560 1689 absque
1583 1651 1736 1689 exspec-

214 1700 350 1737 tatione
380 1698 543 1736 mandati
576 1698 727 1735 alterius
759 1697 972 1749 aggravetis.
1000 1698 1158 1735 Nomina
1188 1697 1430 1742 monitorum,
1455 1710 1734 1748 suspensorum,

212 1757 635 1802 excommunicatorum,
657 1760 955 1806 aggravatorum,
983 1756 1198 1802 citatorum,
1217 1761 1252 1792 et
1277 1755 1369 1806 quid
1396 1755 1484 1792 inde
1509 1755 1667 1792 feceritis
1684 1755 1736 1792 sic

213 1828 278 1866 per
295 1828 334 1852 se
351 1806 558 1866 specialiter
573 1814 703 1864 vestris
721 1813 851 1851 litteris
869 1814 1130 1861 rescribentes,
1148 1813 1250 1864 quod
1269 1825 1441 1864 praesens
1458 1812 1636 1863 scriptum
1654 1825 1736 1850 ves-

212 1872 278 1910 tris
295 1872 492 1924 infigendis
509 1871 815 1922 rescriptionibus
841 1885 916 1909 non
944 1873 1116 1922 tangatis,
1135 1885 1202 1909 nec
1227 1872 1297 1909 sub
1316 1884 1434 1922 poena
1462 1871 1599 1908 inflicta
1625 1884 1736 1921 supe-

213 1930 290 1968 rius
307 1930 515 1981 exequendi
533 1930 732 1981 praemissa
750 1930 799 1967 ob
826 1943 972 1967 causam
999 1929 1193 1967 auctentici
1221 1942 1296 1966 non
1323 1929 1458 1966 ostensi
1483 1928 1736 1965 difficultatem

214 1988 271 2026 vel
289 1988 504 2026 dilationem
523 1988 686 2039 aliquam
714 1987 905 2039 ingeratis,
925 2000 1010 2024 cum
1038 1987 1131 2024 illud
1158 1987 1223 2024 toti
1243 1986 1474 2024 Cisterciensi
1493 1986 1615 2023 ordini
1634 2000 1737 2024 com-

214 2059 327 2083 mune
345 2059 420 2084 non
439 2046 640 2083 audeamus
664 2050 816 2096 propter
832 2045 976 2082 viarum
999 2045 1163 2096 pericula
1189 2050 1225 2082 et
1248 2045 1414 2082 locorum
1440 2043 1655 2081 discrimina
1672 2057 1738 2094 per

212 2103 369 2154 patriam
387 2103 588 2150 destinare,
613 2104 720 2154 cujus
741 2104 885 2154 copiam
905 2108 1075 2154 prompte
1094 2103 1269 2140 faciemus
1287 2102 1333 2139 ad
1352 2102 1450 2139 diem
1472 2101 1528 2138 vel
1551 2101 1628 2139 dies
1645 2101 1738 2139 assi-

213 2160 404 2226 gnaqdum
435 2161 492 2198 vel
524 2161 766 2212 assignandos
800 2161 856 2198 vel
895 2161 1199 2212 quandocunque
1229 2160 1415 2198 Cameraci
1446 2160 1641 2210 contigerit
1673 2173 1739 2196 nos

213 2232 366 2270 requiri.

262 2277 419 2322 Datum,
438 2280 505 2312 etc.
