2184 3074
711 269 872 309 CODEX
897 269 1137 316 DUNRNsls.
1612 270 1687 319 579

857 443 990 481 chx.

256 559 438 596 Pouvoire
454 559 591 596 donnes
609 559 632 595 ἁ
650 558 687 596 la
703 559 796 595 suite
812 558 856 595 dc
868 563 989 608 perles
1006 558 1198 608 eprouveeo
1212 557 1377 607 pendam
1393 557 1429 595 la
1446 570 1591 609 quer-re.

209 750 303 790 cum
317 762 428 801 grave
444 750 683 800 dispendium
697 749 735 786 in
750 749 885 788 nostris
900 749 1136 788 facultatibus
1150 750 1342 788 occasione
1354 763 1572 800 guerrarum
1586 751 1682 802 passi

161 809 293 855 simus,
319 813 355 846 et
376 808 500 847 adhuc
522 813 708 847 crescente
732 808 894 846 humana
915 809 1054 846 malitia
1078 822 1208 847 manus
1234 809 1385 847 Domini
1407 809 1454 846 ad
1477 809 1684 847 feriendum

162 878 229 905 nos
246 866 416 904 videatur
432 871 599 914 extenta,
617 867 704 905 inde
719 871 775 904 est
791 867 892 918 quod
911 867 1160 918 praesentium
1180 867 1426 906 exhibitorem
1447 868 1594 905 fratrem
1613 868 1684 914 Jo.‚

160 925 406 972 sacerdotem,
424 926 660 964 karissimum
679 926 797 963 fliium
817 931 1003 971 nostrum,
1022 931 1089 964 etc.

867 1050 986 1060 “oc—⁷

852 1189 1002 1232 CCLXI.
1037 1201 1041 1206 ·

159 1306 240 1346 Par
256 1308 347 1344 suite
364 1307 426 1344 des
445 1306 634 1345 vnalheurs
654 1306 697 1343 de
717 1305 754 1344 la
772 1318 918 1356 quaerre,
934 1319 981 1344 οη
998 1319 1043 1344 ne
1054 1312 1139 1356 peut
1150 1306 1237 1356 plus
1250 1290 1424 1344 admcttre
1436 1307 1480 1344 de
1494 1319 1686 1345 nouveauae

171 1353 177 1370 ‘
575 1365 709 1402 moines
727 1364 822 1402 dam
840 1364 870 1402 le
887 1371 1038 1402 convent
1053 1365 1097 1402 de
1116 1394 1265 1402 ......

208 1558 327 1597 Variis
346 1558 591 1595 incommodis
606 1562 641 1594 et
652 1557 946 1607 gravaminibus,
962 1558 1161 1608 inopinatis
1176 1557 1404 1595 successibus
1419 1557 1554 1594 cotidie
1568 1571 1687 1594 emer-

158 1619 346 1669 gentibus,
360 1624 510 1670 propter
527 1632 743 1669 guerrarum
762 1618 975 1656 discrimina
994 1632 1035 1656 ac
1051 1632 1162 1656 onere
1176 1619 1387 1655 debitorum
1402 1619 1561 1668 graviter
1574 1631 1687 1656 occu-

160 1676 252 1727 pati,
274 1677 475 1714 venerabili
500 1677 723 1714 Discretioni
750 1676 897 1714 Vestrae
921 1677 1172 1727 significamus
1190 1677 1291 1727 quod
1316 1677 1544 1727 temporibus
1563 1677 1685 1713 adhuc

158 1735 417 1782 existentibus,
439 1736 524 1772 licet
547 1749 672 1786 preces
689 1740 826 1773 vestras
845 1749 929 1773 cum
948 1736 1049 1774 omni
1069 1736 1315 1773 benivolentia
1334 1736 1527 1773 admittere
1549 1737 1684 1787 gestia·

159 1806 259 1839 mus,
278 1807 504 1844 quemquam
532 1793 694 1844 recipere
721 1806 795 1830 non
824 1794 998 1831 valemus.
1017 1793 1154 1831 Verum
1174 1798 1310 1839 tamen,
1330 1793 1419 1830 dum
1441 1794 1547 1831 vobis
1570 1795 1681 1831 locuti

159 1851 354 1897 fuerimus,
384 1851 564 1902 quicquid
595 1864 707 1902 super
734 1851 805 1888 hiis
832 1851 948 1888 facere
977 1852 1199 1901 poterimus,
1226 1855 1323 1888 statu
1349 1852 1521 1888 ccclesiae
1539 1857 1683 1888 nostrae

158 1908 355 1960 diligenter
369 1909 549 1960 inspecto,
568 1909 782 1947 curabimus
801 1909 989 1960 indagarQ
1009 1910 1046 1947 in
1066 1909 1137 1947 hiis
1156 1914 1190 1946 et
1208 1909 1289 1946 aliis
1309 1923 1376 1959 pro
1391 1909 1542 1946 modulo
1557 1914 1682 1947 nostro

158 1967 349 2004 offerentes
367 1980 434 2004 nos
450 1971 588 2005 vestrae
606 1967 836 2018 beneplacito
855 1967 1066 2005 voluntatis.
