2184 3074
744 326 906 365 CODEX
932 325 1179 366 DUNENSlS.
1653 326 1726 363 415

850 500 1087 541 chxxxll.

295 618 416 656 Leure
439 617 484 655 de
509 616 664 667 l’eveque
688 616 731 654 de
757 615 941 666 Cambray
966 629 1011 654 en
1040 616 1175 666 faveur
1195 616 1240 654 de
1263 617 1359 654 Jean
1384 616 1428 654 de
1453 616 1625 662 Wecrde,

671 690 676 701 ·
767 675 886 712 moine
910 674 972 712 des
998 675 1134 712 Dunea.

241 867 481 914 Gufflelmus,
499 867 732 904 miseratione
744 866 871 903 divina
889 867 1162 904 Cameracensis
1179 867 1392 918 episcopus,
1412 867 1594 905 universis
1613 866 1723 904 abba·

194 925 314 973 tibus,
337 925 546 976 prioribus,
574 924 836 969 conventibus,
860 924 1027 971 decanis,
1053 924 1234 975 collegiis,
1264 925 1454 975 capitulis,
1486 924 1723 976 presbiteris,

194 984 342 1031 curatis,
355 983 580 1034 caeterisque
598 983 834 1021 ecclesiarum
856 982 1062 1020 rectoribus
1080 996 1147 1033 per
1162 983 1462 1021 Cameracensem
1480 983 1670 1033 dyocesim
1688 986 1725 1019 et

194 1044 377 1081 civitatem
395 1041 625 1088 constitutis,
643 1041 690 1078 ad
714 1054 808 1092 quos
832 1045 1041 1092 praesentes
1063 1041 1204 1079 litterae
1228 1041 1482 1092 pervenerint,
1500 1042 1655 1079 salutem
1684 1040 1721 1077 in

194 1101 368 1140 Domino.
1485 1115 1487 1117 ·

240 1159 383 1197 Tenore
401 1158 649 1209 praesentium
668 1157 775 1195 vobis
797 1157 928 1194 damus
948 1157 986 1194 in
1007 1156 1222 1194 mandatum
1246 1161 1431 1208 quatenus
1453 1157 1722 1208 quotienscun-

193 1230 266 1268 que
281 1217 340 1254 vir
356 1216 548 1267 religiosus
566 1217 678 1254 frater
694 1215 883 1254 Johannes
900 1215 947 1252 de
965 1215 1120 1262 werde,
1139 1215 1343 1253 monachus
1361 1215 1408 1252 de
1425 1215 1566 1260 Hunis,
1583 1215 1721 1253 Cister-

192 1275 326 1313 ciensis
339 1274 498 1320 ordinis,
511 1274 700 1311 exhibitor
712 1274 961 1325 praesentium
971 1303 981 1321 .,
995 1274 1041 1311 ad
1055 1287 1120 1311 vos
1134 1273 1326 1311 diverterit
1337 1273 1453 1324 gmtia
1467 1273 1720 1324 praedicandi,

193 1332 442 1371 consessiones
473 1331 670 1378 audiendi,
705 1331 940 1377 absolvendi,
975 1331 1220 1381 poenitentias
1252 1330 1472 1382 injungendi
1506 1331 1721 1369 auctoritato

194 1395 337 1436 nostra,
364 1402 449 1427 cum
472 1389 657 1440 recipiatis
679 1389 931 1426 favorabiliter
949 1394 984 1426 et
1004 1389 1180 1440 benigne,
1197 1393 1234 1427 et
1249 1389 1423 1426 volumus
1444 1393 1486 1426 ut
1505 1389 1722 1440 ubicunque

189 1447 469 1500 praedicaverit,
483 1447 585 1486 XXX
602 1447 748 1485 dierum
763 1446 1032 1498 indulgentiam
1049 1447 1266 1485 auctoritate
1284 1451 1408 1485 nostra
1425 1447 1545 1484 valeat
1560 1447 1719 1497 elargiri.

909 1572 998 1582 ⁴00-

837 1704 1090 1743 CCLXXXIll.

261 1821 380 1858 Letcre
402 1821 446 1858 de
469 1820 642 1871 Philippa
667 1821 699 1859 le
723 1821 791 1860 Bel
816 1821 965 1916 reltlatiqe
985 1821 1069 1916 ‹idla
1090 1821 1299 1859 conclusion
1326 1821 1371 1859 de
1394 1821 1430 1859 la
1450 1822 1547 1871 paim
1569 1833 1652 1858 avec

855 1892 878 1917 a
901 1880 937 1917 F
951 1891 999 1916 an
1027 1891 1078 1916 re.

237 2069 452 2122 Philippus,
472 2072 537 2109 Dei
555 2072 690 2123 gratia,
708 2076 776 2109 etc.
797 2072 934 2110 Notum
960 2072 1115 2109 facimus
1132 2071 1316 2110 universis
1334 2070 1437 2121 quod
1454 2070 1541 2107 licet
1558 2069 1717 2113 nobiles,

189 2130 470 2167 communitates
487 2135 523 2167 et
539 2130 709 2168 homines
726 2131 943 2182 quicunque
962 2135 1079 2168 terrae
1096 2129 1333 2167 Flandrensis
1352 2132 1609 2180 procuratores
1625 2140 1717 2166 oon·

188 2187 374 2225 stituerint
397 2188 444 2225 ad
470 2189 754 2240 approbandum
779 2203 846 2240 per
871 2202 932 2226 eos
966 2202 1094 2226 omnes
1116 2193 1152 2225 et
1173 2188 1340 2239 singulos
1365 2187 1465 2238 pacis
1486 2186 1661 2224 articulos
1683 2191 1719 2223 et

183 2245 290 2295 juxta
315 2259 443 2296 pacem
470 2251 506 2284 et
530 2247 672 2285 ratione
699 2248 799 2298 pacis
824 2252 995 2285 tractatos
1023 2261 1090 2298 per
1114 2250 1325 2284 tractatores
1351 2259 1480 2283 eorum
1507 2250 1544 2282 ct
1572 2250 1716 2283 nostros

186 2304 428 2342 concordatas
448 2305 486 2341 in
511 2318 639 2343 eorum
661 2306 791 2343 litteris
813 2306 1120 2357 comprehensos,
1142 2310 1178 2342 et
1202 2304 1248 2342 ad
1272 2303 1559 2355 supplicandum
1578 2316 1647 2354 pro
1665 2302 1717 2339 eis

187 2374 333 2399 summo
358 2362 524 2413 pontifici
551 2367 593 2400 ut
618 2363 709 2401 serat
732 2364 770 2401 in
796 2377 858 2402 eos
882 2364 920 2401 in
939 2364 1054 2402 dictas
1073 2363 1356 2401 communitates
1374 2367 1410 2399 et
1432 2366 1544 2399 terras
1567 2374 1717 2398 excom—

187 2419 448 2457 municationis
479 2424 516 2457 et
545 2420 730 2459 interdicti
761 2421 960 2459 sententias
990 2426 1027 2458 et
1052 2422 1140 2459 latas
1172 2425 1208 2458 et
1233 2419 1402 2458 serendas
1437 2419 1484 2456 ab
1517 2419 1716 2456 ordinariis
