2184 3074
426 341 473 377 58
973 331 1136 369 CODEX
1161 331 1407 370 DUNENSlS.

424 458 471 494 de
487 457 635 494 Thosan
654 453 795 490 devotis
813 452 1023 488 orationum
1043 449 1229 500 suffragiis
1248 453 1283 485 et
1300 449 1382 486 aliis
1401 450 1474 500 piis
1497 450 1688 501 obsequiis
1710 453 1822 490 variis
1845 460 1880 490 et
1904 454 1965 491 di-

424 515 537 554 versis
562 512 695 551 nostris
718 510 933 548 multotiens
955 508 1266 558 complacuissent
1287 508 1499 554 desideriis,
1522 521 1589 546 nos
1611 514 1763 560 propter
1786 512 1905 550 Deum
1930 518 1966 550 et

423 587 551 612 eorum
571 571 700 609 merita
719 569 877 620 gratiosa
896 572 932 604 et
949 568 998 604 ob
1019 572 1180 613 nostrae,
1204 564 1457 604 successorum
1476 572 1512 605 et
1529 568 1852 618 praedecessorum
1877 584 1966 609 nos-

425 638 566 670 trorum
586 629 792 667 remedium
811 626 1040 672 animarum,
1060 630 1102 662 ut
1120 630 1246 662 contra
1266 627 1514 676 possessiones
1533 631 1569 662 et
1585 626 1684 664 bona
1702 641 1767 665 sua
1791 633 1827 665 et
1847 630 1965 667 eccle-

425 692 500 729 siae
517 703 604 727 suae
621 687 742 725 omnis
761 685 1014 735 calumpniosa
1039 697 1191 734 prorsus
1214 689 1330 721 cesset
1348 685 1500 721 materia
1519 689 1554 721 et
1571 686 1716 723 occasio
1734 688 1965 738 temporibus

425 749 656 792 successivis,
677 747 862 796 dictisque
881 745 990 782 bonis
1005 749 1040 781 et
1054 744 1350 794 possessionibus
1365 745 1467 781 omni
1483 745 1752 796 tranquillitate
1763 747 1963 798 gaudeant,

425 809 534 846 etiam
554 806 655 844 omni
676 819 783 856 pace,
803 817 871 855 pro
889 803 1121 848 auctoritate,
1141 815 1342 848 consensu,
1361 803 1682 849 corroboratione,
1696 806 1965 855 approbatione

425 872 460 904 et
478 871 623 903 nostrae
641 862 934 901 confirmationis
954 861 1163 898 munimine
1181 861 1326 898 firmius
1347 861 1582 908 obtinendis,
1601 876 1642 899 ea
1660 863 1816 901 fecimus
1835 864 1874 901 in
1892 865 1965 902 hiis

424 925 570 976 scriptis
584 923 701 972 redigi
716 921 925 972 specialiter
938 925 974 957 et
987 933 1159 971 expresse
1168 949 1177 966 ,
1193 919 1380 966 videlicet,
1395 924 1462 957 etc.
1478 920 1596 971 Igitur
1608 921 1750 968 abbati,
1765 922 1964 960 conventui

424 989 460 1021 et
477 983 651 1020 ecclesiae
666 980 877 1018 memoratis
895 992 1008 1029 super
1024 978 1238 1029 optinendis
1255 982 1291 1014 et
1308 979 1543 1029 possidendis
1561 979 1738 1017 omnibus
1756 984 1792 1017 et
1808 980 1965 1031 singulis

425 1041 653 1092 praemissis,
685 1044 802 1090 prout
827 1038 999 1089 superius
1030 1042 1118 1075 sunt
1147 1037 1356 1088 conscripta
1370 1067 1378 1080 ‚
1411 1038 1688 1085 auctoritatem,
1721 1052 1943 1076 consensum
1955 1067 1964 1085 ,

424 1101 540 1137 robur
557 1105 593 1136 et
610 1099 822 1135 firmitatem
841 1097 1096 1148 sollempniter
1114 1096 1349 1147 inpartimur,
1368 1101 1404 1133 et
1421 1110 1462 1133 ea
1485 1097 1575 1147 ipsis
1598 1097 1741 1143 abbati,
1763 1098 1963 1134 conventui

424 1164 459 1196 et
477 1159 644 1209 ipsorum
664 1157 855 1198 ecclesiae,
873 1171 918 1194 ex
941 1161 1037 1194 certa
1058 1157 1228 1203 scicntia,
1250 1156 1454 1207 habitoque
1468 1169 1580 1207 super
1596 1151 1666 1194 hoc
1680 1157 1849 1207 diligenti
1871 1170 1964 1195 con-

423 1218 523 1264 silio,
543 1217 664 1254 taliter
681 1216 947 1253 confirmamus
967 1229 1014 1252 ne
1031 1229 1098 1266 per
1117 1229 1183 1252 nos
1210 1216 1267 1252 vel
1287 1219 1515 1252 successores
1535 1220 1680 1253 nostros
1698 1220 1826 1252 contra
1845 1216 1964 1254 dictos

423 1277 594 1313 abbatem
611 1281 647 1312 et
659 1279 898 1318 conventum,
914 1274 1157 1324 ipsorumque
1175 1273 1366 1310 ecclesiam
1376 1302 1384 1318 ,
1402 1286 1515 1324 super
1527 1273 1636 1311 dictis
1651 1273 1964 1324 possessionibus,

418 1334 569 1384 juribus
583 1334 659 1371 sive
673 1334 781 1370 bonis
798 1333 1076 1379 reindel'uratio,
1088 1345 1157 1369 nec
1170 1332 1366 1383 inquisitio
1380 1332 1418 1368 in
1435 1336 1624 1382 posterum
1640 1332 1714 1368 ulla
1728 1332 1803 1377 fiat,
1817 1331 1965 1368 aliudve

422 1407 488 1443 per
505 1393 607 1443 quod
626 1391 825 1442 praemissa
843 1391 900 1427 vel
920 1391 1073 1441 aliquod
1092 1391 1382 1441 praemissorum
1401 1391 1545 1441 possint
1561 1391 1618 1427 vel
1644 1391 1805 1427 debeant
1825 1394 1964 1427 retrac-

423 1451 510 1496 tari,
530 1451 586 1486 vel
607 1463 672 1500 per
689 1449 791 1499 quod
810 1449 848 1485 in
867 1449 1066 1499 praedictis
1085 1449 1164 1499 ipsa
1183 1449 1334 1486 ecclesia
1354 1449 1392 1485 in
1410 1449 1580 1499 personis
1598 1449 1676 1486 sive
1692 1448 1802 1486 bonis
1825 1448 1963 1485 moles-

424 1510 490 1546 tari
509 1510 629 1547 valeat
644 1522 708 1546 seu
727 1508 882 1545 turbari.

473 1568 530 1604 Ad
555 1567 644 1604 haec
670 1567 788 1616 ipsam
819 1567 1026 1611 ecclesiam,
1051 1579 1227 1617 personas
1251 1570 1288 1603 et
1314 1566 1410 1603 bona
1437 1566 1605 1616 ejusdem
1630 1566 1702 1603 sub
1732 1566 1962 1616 protectione

424 1631 546 1664 nostra
569 1626 816 1676 suscepimus,
830 1630 866 1662 et
882 1630 1010 1663 contra
1029 1639 1274 1676 quoscunque
1296 1626 1334 1662 in
1353 1626 1438 1675 jure
1458 1639 1526 1663 suo
1548 1630 1725 1676 tanquam
1748 1630 1864 1662 terrae
1882 1625 1963 1662 Do-

423 1685 513 1722 mini
529 1685 670 1721 ratione
689 1684 810 1734 prima
827 1684 1080 1721 defendemus.
1102 1685 1146 1720 Et
1164 1688 1204 1721 ut
1219 1684 1310 1721 fides
1327 1684 1493 1734 plenaria
1512 1683 1769 1734 praesentibus
1782 1683 1967 1733 adhibea7

423 1749 483 1780 tur
505 1743 654 1788 litteris,
676 1742 849 1779 volumus
872 1747 908 1779 et
929 1756 1100 1793 expresse
1126 1743 1365 1780 concedimus
1387 1742 1490 1793 quod
1514 1742 1603 1779 huic
1627 1742 1875 1780 instrumento
1899 1755 1966 1792 per

422 1816 459 1839 se
477 1805 606 1846 stetur,
624 1800 764 1849 absque
779 1800 1010 1838 exhibitione
1028 1801 1184 1838 aliarum
1209 1801 1416 1838 litterarum
1440 1814 1505 1838 seu
1530 1800 1600 1837 alia
1625 1800 1846 1851 probatione
1869 1813 1965 1850 qua-

422 1873 580 1910 cunque.
600 1859 644 1895 Et
661 1859 707 1895 ad
726 1858 815 1895 baec
833 1860 1034 1909 praemissa
1053 1860 1178 1896 omnia
1197 1864 1233 1896 et
1249 1860 1396 1910 singula
1412 1859 1569 1896 firmiter
1586 1859 1819 1896 observanda
1839 1871 1906 1896 nos
1928 1863 1964 1895 et

422 1930 647 1955 successores
674 1922 818 1954 nostros
845 1918 1053 1967 specialiter
1079 1917 1299 1968 obligamus.
1332 1918 1372 1954 In
1403 1918 1520 1955 robur
1545 1917 1659 1968 igitur
1684 1922 1720 1953 et
1743 1917 1961 1954 memoriam

422 1981 637 2027 perpetuam
658 1975 869 2012 futurorum
891 1976 947 2011 vel
966 1975 1019 2012 sic
1042 1976 1212 2012 omnium
1234 1980 1270 2012 et
1291 1976 1526 2026 singulorum
1552 1975 1827 2025 praedictorum
1852 1988 1962 2025 prae-

421 2039 559 2072 sentem
587 2037 725 2070 cartam
758 2034 1007 2071 concessimus
1039 2034 1211 2084 praefatis
1241 2034 1385 2079 abbati,
1416 2033 1615 2070 conventui
1647 2037 1682 2069 et
1711 2033 1884 2070 ecclesiae
1915 2032 1961 2069 de

422 2093 570 2130 Thosan
589 2092 796 2142 sigillorum
816 2097 1029 2130 nostrorum
1048 2092 1275 2143 appensione
1295 2092 1490 2129 munitam.
