2184 3074
0 2700 18 2824 ‚22:-0-2'5'
0 2679 16 2694 ;
8 2666 16 2673 z
0 2017 22 2660 ‚exst-:xm—

727 356 886 394 CODEX
915 358 1158 398 DUNENSIS.
1634 369 1699 408 56¹

173 473 315 523 pientes
338 470 477 508 eisdem
502 469 605 520 quod
626 470 656 507 si
683 471 887 521 praedictos
915 472 1110 521 ballivum,
1135 489 1352 526 praeconem
1372 478 1481 517 villae
1500 480 1702 520 Furnensis

173 534 209 568 et
228 529 428 568 servientes
445 528 660 566 eorumdem
684 542 726 566 ac
745 529 853 567 etiam
871 531 1068 581 complices
1083 546 1210 571 eorum
1226 535 1369 574 evitatis
1386 542 1538 589 propter
1551 552 1703 578 excom-

173 588 464 628 municationem
483 587 593 624 latam
612 600 631 624 a
650 600 791 625 canone
809 589 1024 628 auctoritate
1045 591 1202 641 alicujus
1230 595 1392 632 mandati
1421 597 1535 634 nostri
1563 611 1602 635 se
1629 599 1702 636 mi-

176 647 276 685 nime
294 650 420 684 contra
438 658 503 682 vos
522 645 778 683 intromittant.
801 647 953 692 Datum,
972 653 1038 685 etc.

884 770 997 781 —000—

846 912 1025 950 CCCXCl.

228 1033 347 1070 Lettre
365 1032 408 1069 de
421 1032 612 1082 plusieurs
630 1032 749 1078 abbe's,
768 1033 917 1070 relative
933 1034 956 1070 ὰ
971 1047 1040 1071 cute
1057 1035 1326 1074 re'conciliation
1346 1038 1368 1074 ἀ
1387 1037 1425 1075 la
1445 1039 1539 1076 suite
1556 1039 1646 1076 d'un
1700 1085 1703 1087 ¹

671 1098 832 1130 mem-tre
848 1094 996 1130 commis
1014 1094 1037 1129 ἀ
1055 1094 1207 1144 Bruqes.

218 1296 404 1335 Omnibus
433 1296 571 1334 Christi
598 1296 772 1335 fidelibus
800 1302 1007 1348 praesentes
1038 1298 1174 1336 litteras
1203 1299 1422 1350 inspecturis
1452 1304 1487 1336 et
1517 1299 1698 1337 audituris

172 1355 334 1393 universi
353 1355 505 1392 abbates
520 1354 663 1392 ordinis
682 1354 805 1392 Sancti
824 1356 1034 1402 Benedicti,
1048 1357 1300 1395 Cluniacensis
1314 1357 1474 1404 ordinis,
1498 1357 1698 1395 praemon-

171 1414 359 1451 stratensis
373 1413 531 1461 ordinis,
545 1414 797 1452 Arruasiensis
811 1415 968 1461 ordinis,
982 1415 1232 1453 Cisterciensis
1246 1415 1405 1463 ordinis,
1419 1416 1559 1466 priores
1574 1415 1696 1453 Sancti

173 1472 372 1523 Augustini
399 1472 557 1520 ordinis,
575 1473 795 1524 praepositi,
818 1474 947 1512 decani
975 1474 1210 1512 ecclesiarum
1237 1475 1560 1522 conventualium,
1581 1474 1698 1512 abba-

174 1531 301 1578 tissae,
319 1531 536 1582 priorissae,
554 1532 812 1584 cujuscunque
831 1533 972 1570 ordinis
990 1534 1080 1580 sint,
1100 1533 1238 1584 priores
1256 1534 1398 1571 ordinis
1417 1534 1571 1571 fratrum
1590 1547 1698 1584 prae-

171 1588 396 1635 dicatorum,
422 1589 590 1641 gurdiani
617 1590 759 1628 ordinis
786 1591 939 1628 fratrum
967 1591 1172 1637 minorum,
1197 1592 1338 1642 priores
1367 1591 1509 1629 ordinis
1542 1593 1695 1630 fratrum

173 1646 327 1685 Sanctae
346 1647 480 1686 Mariae
496 1649 543 1686 de
561 1654 686 1686 monte
703 1649 877 1696 Carmeli,
898 1650 1038 1700 priores
1060 1650 1202 1687 ordinis
1224 1650 1377 1687 fratrum
1399 1650 1445 1687 dc
1469 1649 1694 1701 poenitentia

175 1705 290 1744 Jhesu
305 1706 463 1755 Christi,
476 1708 620 1758 priores
633 1708 778 1746 ordinis
791 1721 982 1746 servorum
997 1708 1149 1746 Sanctae
1164 1708 1313 1755 Mariae,
1329 1708 1491 1759 magistri
1511 1713 1584 1746 tam
1600 1708 1696 1746 Hos-

174 1763 296 1815 pitalis
320 1778 433 1816 quam
462 1766 615 1804 militiae
632 1766 796 1817 Templi,
819 1767 960 1817 priores
984 1767 1240 1818 cujuscunque
1263 1767 1406 1804 ordinis
1428 1767 1518 1812 sint,
1542 1765 1694 1804 ecclesia

172 1822 295 1860 Sancti
313 1823 441 1861 Basilii
464 1824 501 1861 in
522 1824 672 1875 Brugis,
689 1825 896 1876 caeterique
914 1825 1137 1876 presbyteri,
1159 1825 1392 1876 parrochiani
1411 1829 1447 1862 et
1463 1825 1641 1876 capellani
1660 1829 1693 1861 el

173 1885 378 1918 conventus
402 1882 504 1930 talis,
521 1895 683 1933 quorum
707 1883 827 1933 sigilla
849 1883 920 1920 hiis
938 1883 1067 1920 litteris
1085 1887 1171 1920 sunt
1188 1895 1369 1934 appensa,
1387 1883 1541 1920 salutem
1562 1884 1599 1920 in
1620 1883 1697 1920 Do-

173 1939 276 1976 mino
301 1939 576 1991 sempiternam.

222 1997 405 2036 Noveritis
423 1999 526 2049 quod
546 2012 613 2037 nos
631 2000 768 2037 intuitu
786 2000 852 2037 Dei
872 2005 907 2037 et
924 2001 1023 2051 pacis
1041 2001 1136 2037 inter
1153 2000 1241 2037 tales
1263 2000 1479 2036 reformatae
1501 1999 1692 2036 occasione

175 2055 304 2093 mortis
318 2056 400 2094 talis
418 2057 549 2104 occisi,
564 2057 661 2095 sicut
680 2057 944 2102 intelleximus,
963 2059 1167 2109 recepimus
1184 2057 1345 2094 animam
1362 2057 1442 2107 ejus
1460 2057 1497 2094 in
1517 2057 1692 2094 omnibus

172 2113 281 2152 bonis
297 2127 394 2166 quae
411 2115 510 2166 apud
531 2128 614 2161 nos,
630 2116 708 2153 Deo
728 2116 849 2162 dante,
868 2116 963 2153 fiunt
981 2121 1017 2153 et
1035 2129 1130 2166 quae
1147 2115 1193 2152 de
1211 2119 1353 2152 caetero
1371 2114 1460 2151 fient
1475 2115 1512 2151 in
1526 2114 1690 2152 ecclesiis

173 2173 324 2220 nostris,
342 2173 516 2211 videlicet
532 2174 571 2211 in
590 2174 730 2221 missis,
748 2174 899 2225 vigiliis,
914 2174 1162 2220 orationibus,
1174 2173 1344 2224 jejuniis,
1357 2172 1692 2224 genuflexionibus,

171 2231 399 2278 elemosinis,
420 2232 577 2283 aliisque
602 2232 711 2270 bonis
741 2233 916 2270 omnibus
941 2246 982 2270 ac
1005 2233 1076 2284 piis
1100 2232 1292 2283 operibus,
1312 2236 1485 2282 tanquam
1509 2231 1692 2269 nobismet

172 2288 261 2340 ipsis
286 2290 610 2341 participationem
638 2292 807 2328 omnium
834 2291 1106 2342 praedictorum
1133 2291 1317 2328 bonorum
1343 2290 1487 2327 animae
1515 2289 1693 2341 praedicti

172 2348 254 2385 talis
273 2349 311 2385 in
329 2353 550 2399 perpetuum
569 2350 827 2397 concedentes,
841 2354 877 2387 et
889 2350 1061 2388 volumus
1075 2350 1192 2401 ipsam
1206 2349 1367 2386 animam
1381 2362 1459 2387 esse
1478 2348 1694 2400 participem

172 2410 207 2443 et
231 2411 457 2453 consortem,
476 2411 513 2445 et
529 2407 595 2445 has
609 2407 800 2446 'orationes
818 2420 860 2445 ac
878 2408 1006 2445 missas
1023 2407 1165 2458 acquiri
1184 2420 1250 2458 per
1267 2406 1376 2444 talem
1394 2406 1569 2444 clericum
1587 2419 1697 2457 prae-

174 2465 333 2502 sentium
352 2466 570 2515 portitorem
588 2467 801 2517 procuravit
826 2466 907 2503 talis
934 2479 1001 2516 pro
1024 2466 1123 2503 bono
1144 2465 1245 2516 pacis
1271 2469 1306 2502 et
1331 2464 1551 2504 concordiae
1580 2464 1698 2501 refor-

434 2539 440 2544 ·
1504 2523 1546 2559 71
