2184 3074
446 301 519 340 400
990 297 1152 336 CODEX
1180 297 1421 336 DUNENSIS.

449 419 643 470 inquiratis
674 418 888 467 diligentius
920 415 1133 459 veritatem,
1163 426 1280 463 eaque
1301 412 1498 463 diligenter
1527 417 1563 449 et
1589 413 1744 450 sollicite
1775 414 1970 464 inquisita,

447 489 692 528 quaecunque
716 474 930 511 inveneritis
953 473 991 509 in
1014 471 1160 522 scriptis
1183 470 1328 508 redacta
1350 483 1393 507 ac
1411 471 1637 508 sufficienter
1661 470 1839 508 instructa
1862 471 1971 512 nobis

448 535 518 572 sub
532 534 662 584 sigillis
680 532 809 570 vestris
826 530 1031 582 procuretis
1048 529 1207 566 fideliter
1229 528 1410 565 intimare.
1435 529 1627 566 Caeterum
1649 533 1808 566 castrum
1830 533 1867 566 et
1890 541 1972 572 moe

450 592 647 630 nasterium
667 589 984 628 Dunamundense
1002 587 1105 638 quod
1123 587 1211 624 dicti
1235 591 1489 638 praeceptores
1513 591 1550 624 et
1573 587 1719 632 fratres,
1738 591 1780 623 ut
1796 587 1972 638 praemit-

449 651 548 696 titur,
580 650 650 686 sub
681 648 874 697 cujusdam
905 645 1104 696 emptionis
1134 645 1257 682 colore
1286 645 1454 682 detinent
1479 649 1700 695 occupatum
1730 658 1798 695 per
1823 643 1972 682 eosdem

448 713 701 759 praeceptores
731 711 766 742 et
796 706 925 742 fratres
951 704 1125 741 facientes
1155 703 1369 754 expeditum
1400 708 1436 740 et
1466 703 1625 740 liberum
1655 703 1809 740 omnino
1835 702 1972 741 dimitti

448 767 569 817 ipsum
584 779 702 815 usque
716 765 761 801 ad
777 763 942 813 ejusdcm
957 762 1061 800 Sedis
1076 761 1346 812 beneplacitum
1362 762 1545 812 praefatae
1559 761 1664 799 Sedis
1679 764 1830 798 nomine
1844 761 1972 808 teneri,

448 838 489 862 ac
512 838 578 875 per
598 835 774 873 personas
800 821 964 871 ydoneas
990 825 1026 857 et
1050 820 1176 857 fideles
1203 833 1295 870 quas
1321 819 1508 870 eligendas
1534 819 1716 857 industria
1742 826 1861 856 vestra
1887 833 1973 870 per-

448 882 622 933 spexerit,
641 881 780 918 faciatis
799 893 882 917 cum
903 879 1093 929 diligentia
1112 878 1301 916 custodiri.

497 941 544 978 Ut
560 945 681 977 autem
704 939 750 975 ad
773 937 1059 989 praemissorum
1087 937 1342 974 executionem
1364 950 1407 973 eo
1431 937 1583 974 liberius
1607 937 1798 974 intendere
1822 932 1973 975 valeatis

447 1012 522 1050 quo
542 998 671 1047 majori
689 1011 755 1048 per
778 1010 845 1033 nos
871 996 1014 1033 fueritis
1035 995 1250 1032 auctoritate
1272 995 1423 1041 muniti,
1441 995 1547 1032 vobis
1568 995 1765 1032 invocandi
1792 996 1838 1032 ad
1865 1008 1974 1046 prae-

448 1057 558 1093 missa
577 1055 700 1092 omnia
719 1059 754 1091 et
775 1054 919 1104 singula
947 1053 1162 1103 exequenda
1187 1053 1253 1090 ubi
1275 1058 1310 1090 et
1337 1053 1488 1103 quando
1511 1054 1685 1104 expedire
1708 1054 1973 1104 cognoveritis,

447 1120 520 1151 tam
547 1114 794 1164 praelatorum
821 1125 935 1162 quam
958 1111 1068 1148 etiam
1093 1111 1307 1162 principum
1330 1116 1366 1148 et
1390 1111 1548 1148 aliorum
1574 1113 1812 1158 secularium,
1847 1113 1974 1162 cujus-

446 1185 595 1222 cunque
617 1170 842 1208 conditionis
864 1170 921 1206 vel
943 1174 1058 1206 status
1083 1169 1259 1214 existant,
1279 1170 1337 1206 vel
1363 1183 1588 1220 quacunque
1612 1170 1792 1220 dignitate
1811 1171 1974 1222 praeful-

445 1225 568 1282 geant,
587 1230 768 1266 auxilium
791 1233 827 1265 et
844 1241 1079 1274 succursum,
1097 1227 1384 1265 contradictores
1401 1241 1553 1278 quoque
1574 1233 1610 1265 et
1635 1229 1804 1275 rebelles,
1828 1242 1974 1266 necnon

447 1294 553 1326 testes
571 1302 664 1339 quos
683 1288 727 1325 ad
744 1288 814 1324 hoc
827 1287 1007 1323 duxeritis
1020 1286 1293 1332 convocandos,
1309 1300 1374 1337 per
1387 1287 1800 1334 excommunicationis,
1815 1301 1972 1338 suspeu-

445 1349 559 1386 sionis
577 1353 613 1384 et
632 1347 832 1391 interdicti,
854 1358 997 1382 necnon
1015 1345 1233 1395 privationis
1251 1345 1530 1396 privilegiorum
1553 1346 1691 1383 eisdem
1714 1359 1972 1384 concessorum

446 1420 465 1442 a
484 1405 576 1443 Sede
597 1405 782 1455 praedicta
800 1404 998 1441 sententias
1019 1403 1302 1454 compescendo,
1319 1408 1391 1440 tam
1407 1403 1453 1440 de
1467 1403 1612 1441 duabus
1631 1404 1738 1441 dietis
1756 1404 1793 1440 in
1814 1404 1971 1443 concilio

445 1464 604 1515 generali
622 1477 734 1514 quam
754 1463 799 1498 de
816 1462 942 1512 aliquo
961 1466 1063 1498 extra
1081 1474 1183 1498 suam
1201 1461 1385 1498 civitatem
1406 1462 1463 1498 vel
1488 1462 1697 1511 dyocesim,
1716 1463 1786 1500 nisi
1806 1462 1844 1500 in
1863 1463 1971 1501 certis

446 1522 607 1573 exceptis
623 1522 781 1567 casibus,
795 1521 880 1557 etin
897 1520 969 1557 illis
983 1520 1078 1556 ultra
1094 1533 1166 1556 una
1176 1519 1311 1557 dietam
1327 1533 1346 1556 a
1361 1520 1435 1556 fine
1447 1533 1534 1556 suae
1547 1520 1715 1569 dyocesis
1728 1521 1774 1557 ad
1785 1520 1971 1570 judicium

447 1595 520 1618 non
539 1581 724 1626 vocando,
742 1584 778 1616 et
798 1579 879 1615 aliis
900 1579 1190 1629 quibuscunque
1211 1578 1539 1615 constitutionibus
1558 1592 1653 1628 quae
1669 1584 1810 1616 vestrae
1830 1579 1972 1629 possint

447 1640 483 1676 in
505 1639 572 1675 hac
591 1643 691 1688 parte
705 1636 957 1687 jurisdictioni
977 1636 1034 1672 vel
1053 1636 1240 1686 potestati,
1259 1636 1414 1686 ejusque
1432 1636 1549 1672 libero
1567 1636 1742 1672 exercitio
1760 1637 1970 1687 quomodo—

447 1699 535 1735 libet
554 1697 719 1741 obviare,
738 1700 801 1732 aut
819 1695 848 1732 si
869 1700 976 1731 testes
994 1708 1088 1745 quos
1103 1695 1148 1731 ad
1165 1694 1236 1731 lioc
1249 1695 1392 1731 evocari
1408 1695 1617 1745 contigerit,
1632 1695 1770 1732 fuerint
1783 1695 1972 1734 Praedica-

448 1763 541 1793 tores
563 1756 619 1791 vel
646 1755 804 1791 Minores
830 1758 894 1790 aut
919 1753 1076 1790 aliorum
1096 1753 1272 1790 ordinum
1300 1766 1630 1803 quorumcunque,
1650 1753 1706 1789 vel
1725 1753 1754 1790 si
1773 1753 1970 1804 praedictis

445 1814 640 1852 ordinibus
658 1827 677 1849 a
697 1812 883 1862 praedicta
907 1811 1000 1849 Sede
1023 1811 1210 1848 indultum
1237 1812 1367 1848 existat
1386 1811 1487 1862 quod
1506 1811 1777 1861 praedictorum
1795 1812 1970 1848 ordinum

446 1874 574 1909 fratres
599 1872 646 1908 ad
672 1870 945 1921 perhibendum
966 1869 1218 1906 testimonium
1238 1869 1275 1906 in
1295 1869 1584 1920 quibuscunque
1602 1869 1721 1906 causis
1739 1870 1794 1906 vel
1815 1869 1971 1920 negotiis

445 1931 616 1981 compelli
648 1943 723 1966 non
750 1929 913 1979 possint,
936 1942 1000 1965 seu
1027 1928 1056 1965 si
1081 1929 1189 1965 dictis
1214 1929 1515 1979 praeceptoribus
1533 1933 1569 1965 et
1585 1928 1761 1965 fratribus
1778 1928 1825 1965 ab
1842 1928 1970 1966 eadem

445 1990 492 2026 sit
509 1989 602 2027 Sede
628 1988 815 2025 indultum
841 1987 942 2037 quod
965 1987 1297 2032 excommunicari,
1321 1987 1497 2037 suspendi
1515 1987 1571 2023 vel
1599 1986 1770 2023 interdici
1790 2000 1864 2023 non
1883 1999 1971 2037 pos-

445 2048 518 2084 sint
544 2061 608 2098 per
633 2047 770 2083 litteras
789 2046 1009 2096 apostolicas
1037 2059 1111 2082 non
1133 2046 1305 2083 facientes
1333 2046 1478 2096 plenam
1504 2050 1540 2082 et
1564 2058 1774 2095 expressam
1793 2045 1839 2082 de
1857 2045 1971 2082 verbo

445 2106 490 2142 ad
510 2106 664 2141 verbum
691 2105 736 2140 de
763 2104 909 2140 indulto
932 2103 1147 2153 hujusmodi
1178 2104 1421 2148 mentionem,
1447 2109 1482 2140 et
1498 2103 1728 2153 quibuslibet
1745 2103 1826 2140 aliis
1844 2103 1971 2140 indul-

444 2164 592 2214 gentiis.¹
611 2163 814 2213 privilegiis
833 2167 868 2199 et
885 2163 1015 2199 litteris
1029 2162 1240 2213 apostolicis
1259 2162 1549 2212 quibuscunque
1562 2162 1600 2198 in
1615 2175 1839 2212 quacunque
1853 2162 1970 2200 forma

445 2222 642 2258 verborum
663 2222 859 2266 concessis,
879 2235 946 2271 per
963 2235 1058 2271 quae
1076 2221 1330 2272 praesentibus
1350 2234 1424 2258 non
1449 2234 1619 2271 expressa
1638 2220 1694 2256 vel
1717 2219 1876 2257 totaliter
1894 2231 1968 2256 nou

444 2280 576 2316 inserta
596 2280 881 2329 praemissorum
906 2279 1073 2316 executio
1096 2279 1212 2330 possit
1235 2279 1517 2330 quomodolibet
1540 2278 1711 2329 impediri
1734 2290 1967 2328 nequaquam

443 2337 692 2383 obstantibus,
711 2337 857 2386 plenam
873 2337 979 2374 vobis
998 2337 1236 2374 concedimus
1255 2342 1380 2374 tenore
1398 2336 1648 2387 praesentium
1662 2335 1882 2372 facultatem.

1147 2421 1267 2432 “oe—..-
