2184 3074
750 268 911 307 CODEX
938 268 1181 307 DUNENSlS.
1664 269 1736 306 389

206 385 323 422 sentia
340 384 527 422 dictorum
553 384 792 422 scabinorum
818 387 854 420 et
875 383 1020 430 consilii
1046 383 1155 420 villae
1178 382 1396 434 Brugensis,
1422 382 1577 420 sabbato
1600 382 1733 420 ultimo

206 443 402 494 praeterito
419 443 522 494 quod
544 442 615 480 suit
630 442 756 493 vigilia
772 442 1021 488 pentecostes,
1034 454 1101 492 per
1116 440 1311 478 dominum
1325 441 1534 479 Johannem
1549 440 1595 477 de
1609 440 1735 478 Aden-

205 500 335 550 gheem
357 530 364 537 .
381 529 389 538 .
404 530 412 538 .
433 530 439 537 .
459 500 632 547 ostensis,
650 500 828 538 exhibitis
846 504 882 536 et
898 500 1106 537 executioni
1126 499 1308 536 mandatis
1334 499 1480 550 plenius
1504 498 1733 544 continetur,

206 557 370 609 dictique
387 558 542 605 scabini,
556 571 644 596 mox
660 558 752 595 sacta
771 562 807 595 et
824 557 1009 594 notificata
1024 557 1076 594 eis
1091 557 1295 594 monitione
1308 556 1525 607 praemissa,
1540 560 1732 607 praetextu

207 616 421 654 monitionis
444 617 609 667 ejusdem
629 622 666 654 et
695 617 1090 654 excommunicationis
1117 616 1332 666 hujusmodi
1360 621 1563 654 vestrarum
1591 615 1732 652 littera-

206 689 307 723 rum,
334 678 499 728 praefato
513 678 553 716 L.
573 678 620 715 ad
638 690 767 715 eorum
786 682 915 715 vocato
937 677 1180 727 praesentiam
1209 681 1475 728 praeceperunt
1491 681 1527 714 et
1548 676 1732 714 dederunt

205 734 244 772 in
263 735 446 773 mandatis
460 736 531 774 sub
549 736 667 773 forma
697 740 733 773 et
750 736 843 773 serie
861 735 1071 786 praemissis
1094 740 1135 772 ut
1153 736 1246 772 infra
1265 734 1480 785 quindecim
1502 734 1581 772 dies
1600 735 1731 771 imme-

205 793 303 830 diate
335 798 530 845 sequentes
559 795 783 832 satisfaceret
811 794 1071 831 executoribus
1101 794 1298 844 praedietis
1329 794 1374 830 de
1406 793 1526 830 dictae
1554 793 1732 844 pecuniae

204 851 410 901 quantitate
435 856 472 889 et
499 853 602 890 omni
626 866 669 890 eo
699 852 801 903 quod
830 852 1024 889 tenebatur
1042 852 1182 889 ratione
1201 857 1500 889 testamentorum
1524 851 1733 902 praedicto-

204 921 303 955 rum,
325 909 491 960 alioquin
517 911 563 948 ad
593 911 672 961 ejus
690 911 787 948 bona
815 911 1010 961 magnifice
1036 924 1187 947 manum
1212 915 1441 961 apponerent
1465 915 1500 947 et
1525 923 1611 947 eum
1630 922 1734 946 eom-

203 966 381 1016 pellerent
401 968 448 1004 ad
469 969 700 1006 solvendum.
722 970 814 1006 Cum
835 969 987 1020 insuper
1004 970 1189 1020 praefatus
1205 970 1241 1005 L.
1259 969 1372 1005 nichil
1395 969 1528 1006 habeat
1539 969 1596 1005 vel
1614 968 1736 1019 possi-

203 1023 306 1071 deat,
325 1025 441 1063 nichil
464 1026 636 1064 habuerit
661 1028 718 1064 vel
745 1027 969 1078 possederit,
989 1040 1056 1064 nee
1075 1027 1184 1063 etiam
1203 1027 1290 1063 dolo
1307 1026 1456 1064 desierit
1474 1026 1662 1077 possidere
1687 1025 1735 1062 de

203 1082 311 1121 bonis
330 1084 516 1123 dictorum
535 1090 749 1124 testatorum
769 1087 846 1124 sive
865 1087 911 1123 ad
931 1091 1147 1124 testamenta
1167 1086 1353 1136 praedicta
1372 1086 1641 1136 spectantibus,
1666 1099 1734 1122 nec

202 1154 269 1191 per
291 1155 520 1193 consequens
538 1144 585 1181 ad
603 1144 746 1195 aliquid
765 1149 942 1189 teneatur,
964 1144 1106 1181 ratione
1123 1144 1179 1180 vel
1199 1144 1395 1181 occasione
1409 1144 1593 1181 dictorum
1612 1143 1733 1180 bono-

203 1213 286 1238 rum
316 1201 373 1238 vel
407 1202 564 1253 alicujus
594 1203 708 1253 partis
742 1204 799 1240 vel
830 1203 1011 1254 portionis
1039 1216 1167 1240 eorum
1195 1207 1258 1239 aut
1289 1202 1398 1239 etiam
1428 1206 1730 1239 testamentorum

202 1259 475 1309 praedictorum
488 1289 497 1306 ,
515 1262 572 1298 vel
591 1275 686 1312 quae
705 1275 771 1312 per
787 1261 906 1299 dictos
924 1265 1114 1299 testatores
1132 1261 1321 1311 potuerint
1337 1260 1516 1310 obligari,
1535 1272 1603 1296 nec
1621 1259 1730 1296 etiam

203 1316 326 1367 aliqua
352 1320 578 1369 computatio
605 1319 767 1370 legitima
785 1320 842 1356 vel
870 1320 940 1356 alia
960 1332 1205 1370 quaecunque
1222 1318 1410 1356 sufficiens
1430 1318 1521 1355 saeta
1540 1318 1650 1355 suerit
1667 1331 1733 1369 per

202 1373 320 1411 dictos
346 1381 556 1414 executores
580 1377 636 1414 vel
663 1378 778 1414 alium
805 1378 956 1414 nominc
982 1377 1149 1428 ipsorum
1175 1377 1231 1414 vel
1251 1376 1408 1426 alicujus
1433 1389 1581 1422 eorum,
1606 1389 1730 1413 coram

203 1431 323 1478 vobis,
347 1433 496 1471 domine
517 1435 707 1480 officialis,
731 1448 798 1472 nee
814 1435 893 1486 ipse
916 1439 1066 1472 vocatus
1088 1435 1199 1471 suerit
1223 1435 1269 1471 ad
1295 1434 1458 1485 aliquam
1483 1434 1730 1485 eomputatio—

204 1501 288 1527 nem
307 1503 419 1541 super
436 1491 507 1528 hoc
523 1493 581 1529 vel
600 1493 802 1539 admissus,
824 1506 891 1530 nee
910 1493 1003 1544 ipse,
1023 1506 1090 1529 nec
1107 1497 1324 1543 procurator
1342 1492 1421 1541 ejus
1436 1506 1606 1543 praesens
1621 1493 1731 1529 suerit

202 1547 338 1585 alicubi
365 1549 431 1586 ubi
458 1549 505 1586 de
521 1550 630 1587 dietis
648 1551 757 1588 bonis
781 1556 1035 1601 computatum
1055 1551 1166 1587 suerit
1191 1551 1246 1587 vel
1266 1550 1331 1586 ubi
1351 1563 1543 1600 processus
1557 1550 1653 1599 juris
1671 1550 1727 1586 vel

202 1604 249 1642 de
273 1605 358 1654 jure
385 1611 512 1644 contra
543 1607 665 1658 ipsum
694 1609 811 1646 factus
839 1609 967 1654 fuerit,
993 1609 1050 1645 vel
1077 1608 1123 1645 ad
1149 1608 1364 1645 solvendum
1400 1607 1518 1644 dictae
1550 1608 1729 1658 pecuniae

199 1663 441 1713 quantitatem
473 1679 540 1716 per
566 1679 650 1713 vos,
677 1667 827 1704 domine
857 1667 1045 1712 officialis,
1076 1666 1187 1703 suerit
1216 1666 1378 1716 legitime
1404 1670 1439 1702 et
1464 1666 1730 1702 sententialiter

200 1721 509 1772 condempnatus,
540 1724 711 1774 quinimo
740 1724 943 1762 inhibitum
971 1724 1082 1761 suerit
1107 1724 1225 1761 eidem
1253 1737 1298 1760 ex
1325 1728 1427 1774 parte
1454 1727 1489 1759 et
1513 1723 1729 1759 auctoritate

198 1783 336 1825 vestra,
363 1780 514 1819 domine
540 1782 725 1829 officialis,
752 1797 798 1820 ne
817 1784 895 1834 ipse
910 1783 956 1820 ad
975 1783 1072 1820 bona
1098 1783 1144 1820 ad
1167 1783 1264 1819 dicta
1294 1786 1508 1819 testamenta
1527 1781 1726 1831 spectantia

199 1850 351 1875 manum
370 1844 585 1889 apponeret,
605 1841 661 1877 vel
681 1841 727 1877 de
745 1841 834 1892 ipsis
853 1841 976 1892 aliqua
996 1845 1183 1886 tractaret,
1206 1841 1324 1877 donec
1348 1840 1512 1890 ipsorum
1539 1844 1727 1875 testamen-

199 1899 322 1932 torum
346 1902 557 1935 executores
582 1899 718 1936 dictam
745 1900 998 1936 executionem
1024 1899 1250 1949 integraliter
1271 1898 1526 1949 perfecissent,
1552 1902 1663 1947 prout
1688 1897 1725 1933 in

200 1953 308 1990 dictis
325 1955 455 1992 vestris
478 1956 608 1994 litteris
630 1957 858 1995 inhibitoriis
877 1957 1099 2003 continetur,
1118 1971 1159 1994 ac
1179 1971 1245 2007 per
1263 1957 1352 1993 haec
1369 1960 1404 1992 et
1422 1956 1491 1992 alia
1512 1960 1632 2006 pateat
1649 1955 1727 1991 evi-

201 2011 329 2049 denter
357 2013 473 2051 dietas
499 2019 636 2052 vestras
666 2016 804 2053 litteras
835 2016 1070 2062 monitorias,
1102 2028 1261 2066 quarum
1290 2014 1434 2064 copiam
1464 2026 1586 2050 eoram
1618 2013 1726 2050 dietis

200 2070 362 2108 scabinis
383 2071 430 2108 ab
454 2078 648 2110 executore
674 2074 837 2124 ipsarum
864 2074 1043 2111 instanter
1061 2073 1166 2124 petiit
1182 2073 1303 2110 dictus
1330 2073 1383 2118 L,
1400 2076 1435 2108 et
1452 2071 1522 2108 sibi
1549 2072 1726 2122 denegata

201 2127 257 2164 vel
277 2140 447 2166 concessa
477 2142 551 2167 non
579 2131 663 2178 fuit,
686 2132 794 2168 tacita
816 2132 966 2169 veritate
988 2132 1044 2169 vel
1068 2135 1235 2181 suggesta
1254 2130 1409 2167 salsitate
1427 2129 1592 2166 obtentas
1617 2129 1727 2166 fuisse

201 2186 258 2223 vel
275 2186 384 2223 etiam
403 2187 635 2238 impetratas,
653 2194 687 2227 et
706 2195 941 2240 praeceptum
963 2203 1028 2227 seu
1046 2189 1262 2226 mandatum
1285 2188 1469 2224 dictorum
1489 2187 1724 2224 scabinorum

200 2248 391 2294 praetextu
409 2245 591 2284 dictarum
610 2246 814 2284 litterarum
831 2247 950 2284 eidem
970 2247 1008 2284 L.
1018 2247 1154 2284 factum
1172 2246 1284 2282 fuisse
1297 2245 1489 2294 injustum,
1505 2244 1644 2280 ideirco
1659 2257 1726 2293 ego

201 2301 390 2340 Johannes
407 2303 454 2340 de
470 2303 667 2355 Risinghe,
692 2310 911 2355 procurator
931 2305 1097 2355 ejusdem
1123 2305 1176 2351 L„
1195 2304 1241 2341 ad
1265 2304 1335 2341 hoc
1356 2302 1563 2353 specialiter
1588 2302 1727 2339 consti—

203 2364 319 2406 tutus,
346 2361 517 2398 eumdem
539 2362 735 2400 dominum
758 2377 881 2400 meum
905 2376 950 2400 ex
967 2363 1038 2400 hiis
1056 2367 1092 2399 et
1109 2375 1236 2400 eorum
1255 2361 1423 2412 quolibet
1441 2359 1601 2398 sentiens
1621 2359 1726 2397 inde—
