<?xml version="1.0" encoding="UTF-8"?>
<!DOCTYPE html PUBLIC "-//W3C//DTD XHTML 1.0 Transitional//EN"
    "http://www.w3.org/TR/xhtml1/DTD/xhtml1-transitional.dtd">
<html xmlns="http://www.w3.org/1999/xhtml" xml:lang="en" lang="en">
 <head>
  <title>
</title>
<meta http-equiv="Content-Type" content="text/html;charset=utf-8" />
  <meta name='ocr-system' content='tesseract 3.04.00' />
  <meta name='ocr-capabilities' content='ocr_page ocr_carea ocr_par ocr_line ocrx_word'/>
</head>
<body>
  <div class='ocr_page' id='page_1' title='image "./codexdunensissiv00kervuoft/codexdunensissiv00kervuoft_0337.png"; bbox 0 0 2184 3074; ppageno 0'>
   <div class='ocr_carea' id='block_1_1' title="bbox 749 273 1729 313">
    <p class='ocr_par' dir='ltr' id='par_1_1' title="bbox 749 273 1729 313">
     <span class='ocr_line' id='line_1_1' title="bbox 749 273 1729 313; baseline -0.003 0"><span class='ocrx_word' id='word_1_1' title='bbox 749 274 909 313; x_wconf 86' lang='lat' dir='ltr'>CODEX</span> <span class='ocrx_word' id='word_1_2' title='bbox 937 273 1183 312; x_wconf 81' lang='lat' dir='ltr'><strong>DUNENSIS.</strong></span> <span class='ocrx_word' id='word_1_3' title='bbox 1661 275 1729 310; x_wconf 68' lang='lat'><strong>2952·</strong></span> 
     </span>
    </p>
   </div>
   <div class='ocr_carea' id='block_1_2' title="bbox 151 390 1732 2435">
    <p class='ocr_par' dir='ltr' id='par_1_2' title="bbox 151 390 1732 2435">
     <span class='ocr_line' id='line_1_2' title="bbox 191 390 1728 443; baseline -0.002 -14"><span class='ocrx_word' id='word_1_4' title='bbox 191 392 343 430; x_wconf 88' lang='lat' dir='ltr'><strong>nomine</strong></span> <span class='ocrx_word' id='word_1_5' title='bbox 369 392 439 429; x_wconf 90' lang='lat' dir='ltr'><strong>sibi</strong></span> <span class='ocrx_word' id='word_1_6' title='bbox 469 392 705 430; x_wconf 86' lang='lat' dir='ltr'><strong>subditorum</strong></span> <span class='ocrx_word' id='word_1_7' title='bbox 733 392 770 429; x_wconf 91' lang='lat' dir='ltr'><strong>in</strong></span> <span class='ocrx_word' id='word_1_8' title='bbox 800 405 913 443; x_wconf 79' lang='lat' dir='ltr'><strong>regno</strong></span> <span class='ocrx_word' id='word_1_9' title='bbox 940 391 1134 436; x_wconf 81' lang='lat' dir='ltr'><strong>Franciae,</strong></span> <span class='ocrx_word' id='word_1_10' title='bbox 1163 390 1252 441; x_wconf 84' lang='lat' dir='ltr'><strong>ipsis</strong></span> <span class='ocrx_word' id='word_1_11' title='bbox 1282 395 1400 427; x_wconf 79' lang='lat' dir='ltr'><strong>ratum</strong></span> <span class='ocrx_word' id='word_1_12' title='bbox 1434 390 1657 427; x_wconf 79' lang='lat' dir='ltr'><strong>habentibus</strong></span> <span class='ocrx_word' id='word_1_13' title='bbox 1686 404 1728 426; x_wconf 67' lang='lat' dir='ltr'><strong>ex</strong></span> 
     </span>
     <span class='ocr_line' id='line_1_3' title="bbox 192 450 1729 502; baseline -0.001 -14"><span class='ocrx_word' id='word_1_14' title='bbox 192 451 320 497; x_wconf 79' lang='lat' dir='ltr'><strong>altera,</strong></span> <span class='ocrx_word' id='word_1_15' title='bbox 334 451 436 502; x_wconf 92' lang='lat' dir='ltr'><strong>quod</strong></span> <span class='ocrx_word' id='word_1_16' title='bbox 451 451 539 488; x_wconf 87' lang='lat' dir='ltr'><strong>dicti</strong></span> <span class='ocrx_word' id='word_1_17' title='bbox 555 450 814 488; x_wconf 85' lang='lat' dir='ltr'><strong>Cistercienses</strong></span> <span class='ocrx_word' id='word_1_18' title='bbox 828 450 1009 488; x_wconf 82' lang='lat' dir='ltr'><strong>decimam</strong></span> <span class='ocrx_word' id='word_1_19' title='bbox 1027 450 1238 487; x_wconf 78' lang='lat' dir='ltr'><strong>reddituum</strong></span> <span class='ocrx_word' id='word_1_20' title='bbox 1255 455 1291 486; x_wconf 89' lang='lat' dir='ltr'><strong>et</strong></span> <span class='ocrx_word' id='word_1_21' title='bbox 1309 455 1557 501; x_wconf 79' lang='lat' dir='ltr'><strong>proventuum</strong></span> <span class='ocrx_word' id='word_1_22' title='bbox 1577 463 1729 487; x_wconf 91' lang='lat' dir='ltr'><strong>suorum</strong></span> 
     </span>
     <span class='ocr_line' id='line_1_4' title="bbox 191 507 1732 560; baseline -0.002 -13"><span class='ocrx_word' id='word_1_23' title='bbox 191 509 522 547; x_wconf 87' lang='lat' dir='ltr'><strong>ecclesiasticorum</strong></span> <span class='ocrx_word' id='word_1_24' title='bbox 547 514 583 546; x_wconf 89' lang='lat' dir='ltr'><strong>et</strong></span> <span class='ocrx_word' id='word_1_25' title='bbox 609 509 818 560; x_wconf 67' lang='lat' dir='ltr'>specialiter</span> <span class='ocrx_word' id='word_1_26' title='bbox 843 522 910 560; x_wconf 90' lang='lat' dir='ltr'><strong>pro</strong></span> <span class='ocrx_word' id='word_1_27' title='bbox 943 507 1100 546; x_wconf 90' lang='lat' dir='ltr'><strong>termino</strong></span> <span class='ocrx_word' id='word_1_28' title='bbox 1134 508 1408 559; x_wconf 74' lang='lat' dir='ltr'><strong>Assumptionis</strong></span> <span class='ocrx_word' id='word_1_29' title='bbox 1437 509 1569 545; x_wconf 86' lang='lat' dir='ltr'><strong>Beatac</strong></span> <span class='ocrx_word' id='word_1_30' title='bbox 1599 508 1732 545; x_wconf 74' lang='lat' dir='ltr'><strong>Mariae</strong></span> 
     </span>
     <span class='ocr_line' id='line_1_5' title="bbox 192 566 1730 620; baseline -0.001 -15"><span class='ocrx_word' id='word_1_31' title='bbox 192 568 324 605; x_wconf 89' lang='lat' dir='ltr'><strong>ultimo</strong></span> <span class='ocrx_word' id='word_1_32' title='bbox 343 568 561 620; x_wconf 84' lang='lat' dir='ltr'><strong>praeteritae</strong></span> <span class='ocrx_word' id='word_1_33' title='bbox 577 567 722 605; x_wconf 89' lang='lat' dir='ltr'><strong>solvant</strong></span> <span class='ocrx_word' id='word_1_34' title='bbox 739 567 848 604; x_wconf 87' lang='lat' dir='ltr'><strong>certis</strong></span> <span class='ocrx_word' id='word_1_35' title='bbox 868 566 1035 618; x_wconf 85' lang='lat' dir='ltr'><strong>personis</strong></span> <span class='ocrx_word' id='word_1_36' title='bbox 1054 566 1135 603; x_wconf 81' lang='lat' dir='ltr'><strong>aliis</strong></span> <span class='ocrx_word' id='word_1_37' title='bbox 1154 580 1265 617; x_wconf 86' lang='lat' dir='ltr'><strong>quam</strong></span> <span class='ocrx_word' id='word_1_38' title='bbox 1289 566 1550 604; x_wconf 76' lang='lat' dir='ltr'><strong>collectoribus</strong></span> <span class='ocrx_word' id='word_1_39' title='bbox 1566 566 1730 603; x_wconf 75' lang='lat' dir='ltr'>decimae</span> 
     </span>
     <span class='ocr_line' id='line_1_6' title="bbox 192 624 1731 675; baseline -0.003 -11"><span class='ocrx_word' id='word_1_40' title='bbox 192 625 484 670; x_wconf 85' lang='lat' dir='ltr'><strong>Morinensibus,</strong></span> <span class='ocrx_word' id='word_1_41' title='bbox 499 630 535 662; x_wconf 89' lang='lat' dir='ltr'><strong>et</strong></span> <span class='ocrx_word' id='word_1_42' title='bbox 548 625 709 662; x_wconf 79' lang='lat' dir='ltr'>maxime</span> <span class='ocrx_word' id='word_1_43' title='bbox 723 624 847 662; x_wconf 86' lang='lat' dir='ltr'><strong>abbati</strong></span> <span class='ocrx_word' id='word_1_44' title='bbox 862 625 909 662; x_wconf 88' lang='lat' dir='ltr'><strong>de</strong></span> <span class='ocrx_word' id='word_1_45' title='bbox 921 625 1065 670; x_wconf 84' lang='lat' dir='ltr'><strong>Joiaco,</strong></span> <span class='ocrx_word' id='word_1_46' title='bbox 1079 624 1331 662; x_wconf 81' lang='lat' dir='ltr'><strong>Cisterciensis</strong></span> <span class='ocrx_word' id='word_1_47' title='bbox 1346 624 1488 662; x_wconf 79' lang='lat' dir='ltr'><strong>ordinis</strong></span> <span class='ocrx_word' id='word_1_48' title='bbox 1498 654 1506 669; x_wconf 89' lang='lat'><strong>,</strong></span> <span class='ocrx_word' id='word_1_49' title='bbox 1522 624 1731 675; x_wconf 71' lang='lat' dir='ltr'><strong>praemissis</strong></span> 
     </span>
     <span class='ocr_line' id='line_1_7' title="bbox 193 683 1730 734; baseline -0.002 -12"><span class='ocrx_word' id='word_1_50' title='bbox 193 698 267 725; x_wconf 88' lang='lat' dir='ltr'><strong>non</strong></span> <span class='ocrx_word' id='word_1_51' title='bbox 286 684 540 728; x_wconf 66' lang='lat' dir='ltr'><strong>obstantibus,</strong></span> <span class='ocrx_word' id='word_1_52' title='bbox 558 689 595 720; x_wconf 89' lang='lat' dir='ltr'><strong>ct</strong></span> <span class='ocrx_word' id='word_1_53' title='bbox 618 683 827 734; x_wconf 80' lang='lat' dir='ltr'><strong>specialiter</strong></span> <span class='ocrx_word' id='word_1_54' title='bbox 852 683 1026 734; x_wconf 83' lang='lat' dir='ltr'><strong>magister</strong></span> <span class='ocrx_word' id='word_1_55' title='bbox 1047 683 1250 720; x_wconf 86' lang='lat' dir='ltr'><strong>Gausridus</strong></span> <span class='ocrx_word' id='word_1_56' title='bbox 1274 684 1320 720; x_wconf 85' lang='lat' dir='ltr'><strong>de</strong></span> <span class='ocrx_word' id='word_1_57' title='bbox 1347 683 1511 728; x_wconf 73' lang='lat' dir='ltr'><strong>Boseho,</strong></span> <span class='ocrx_word' id='word_1_58' title='bbox 1530 683 1730 721; x_wconf 72' lang='lat' dir='ltr'><strong>canonieus</strong></span> 
     </span>
     <span class='ocr_line' id='line_1_8' title="bbox 193 741 1727 793; baseline -0.002 -12"><span class='ocrx_word' id='word_1_59' title='bbox 193 743 448 788; x_wconf 87' lang='lat' dir='ltr'><strong>Nivernensis,</strong></span> <span class='ocrx_word' id='word_1_60' title='bbox 462 742 527 793; x_wconf 87' lang='lat' dir='ltr'><strong>qui</strong></span> <span class='ocrx_word' id='word_1_61' title='bbox 548 756 586 779; x_wconf 88' lang='lat' dir='ltr'><strong>se</strong></span> <span class='ocrx_word' id='word_1_62' title='bbox 605 742 699 793; x_wconf 83' lang='lat' dir='ltr'><strong>gerit</strong></span> <span class='ocrx_word' id='word_1_63' title='bbox 718 754 785 792; x_wconf 89' lang='lat' dir='ltr'><strong>pro</strong></span> <span class='ocrx_word' id='word_1_64' title='bbox 800 741 1040 791; x_wconf 77' lang='lat' dir='ltr'><strong>subdelegato</strong></span> <span class='ocrx_word' id='word_1_65' title='bbox 1059 756 1077 778; x_wconf 91' lang='lat' dir='ltr'><strong>a</strong></span> <span class='ocrx_word' id='word_1_66' title='bbox 1098 742 1299 779; x_wconf 81' lang='lat' dir='ltr'><strong>reverendo</strong></span> <span class='ocrx_word' id='word_1_67' title='bbox 1318 747 1421 792; x_wconf 88' lang='lat' dir='ltr'><strong>patre</strong></span> <span class='ocrx_word' id='word_1_68' title='bbox 1440 741 1727 792; x_wconf 76' lang='lat' dir='ltr'><strong>Rothomagcnsi</strong></span> 
     </span>
     <span class='ocr_line' id='line_1_9' title="bbox 193 799 1729 852; baseline -0.002 -13"><span class='ocrx_word' id='word_1_69' title='bbox 193 801 473 852; x_wconf 79' lang='lat' dir='ltr'><strong>archiepiscopo</strong></span> <span class='ocrx_word' id='word_1_70' title='bbox 486 799 613 850; x_wconf 88' lang='lat' dir='ltr'><strong>judice</strong></span> <span class='ocrx_word' id='word_1_71' title='bbox 631 813 695 837; x_wconf 90' lang='lat' dir='ltr'><strong>seu</strong></span> <span class='ocrx_word' id='word_1_72' title='bbox 713 804 909 836; x_wconf 81' lang='lat' dir='ltr'><strong>executore</strong></span> <span class='ocrx_word' id='word_1_73' title='bbox 932 813 950 836; x_wconf 88' lang='lat' dir='ltr'><strong>a</strong></span> <span class='ocrx_word' id='word_1_74' title='bbox 977 799 1130 836; x_wconf 77' lang='lat' dir='ltr'><strong>donnino</strong></span> <span class='ocrx_word' id='word_1_75' title='bbox 1149 814 1242 851; x_wconf 89' lang='lat' dir='ltr'><strong>papa</strong></span> <span class='ocrx_word' id='word_1_76' title='bbox 1261 800 1366 842; x_wconf 68' lang='lat' dir='ltr'><strong>dato,</strong></span> <span class='ocrx_word' id='word_1_77' title='bbox 1385 800 1600 837; x_wconf 85' lang='lat' dir='ltr'><strong>anctoritate</strong></span> <span class='ocrx_word' id='word_1_78' title='bbox 1622 814 1729 851; x_wconf 84' lang='lat' dir='ltr'><strong>prac-</strong></span> 
     </span>
     <span class='ocr_line' id='line_1_10' title="bbox 193 857 1728 896; baseline -0.001 0"><span class='ocrx_word' id='word_1_79' title='bbox 193 859 290 896; x_wconf 87' lang='lat' dir='ltr'><strong>dicta</strong></span> <span class='ocrx_word' id='word_1_80' title='bbox 310 859 452 896; x_wconf 87' lang='lat' dir='ltr'><strong>moneri</strong></span> <span class='ocrx_word' id='word_1_81' title='bbox 475 859 599 895; x_wconf 86' lang='lat' dir='ltr'><strong>fecerit</strong></span> <span class='ocrx_word' id='word_1_82' title='bbox 617 862 652 895; x_wconf 86' lang='lat' dir='ltr'><strong>et</strong></span> <span class='ocrx_word' id='word_1_83' title='bbox 674 858 904 895; x_wconf 88' lang='lat' dir='ltr'><strong>mandaverit</strong></span> <span class='ocrx_word' id='word_1_84' title='bbox 919 857 1037 895; x_wconf 89' lang='lat' dir='ltr'><strong>dictos</strong></span> <span class='ocrx_word' id='word_1_85' title='bbox 1053 858 1223 895; x_wconf 78' lang='lat' dir='ltr'><strong>abbatem</strong></span> <span class='ocrx_word' id='word_1_86' title='bbox 1244 863 1280 895; x_wconf 89' lang='lat' dir='ltr'><strong>et</strong></span> <span class='ocrx_word' id='word_1_87' title='bbox 1294 864 1517 895; x_wconf 86' lang='lat' dir='ltr'><strong>conventum</strong></span> <span class='ocrx_word' id='word_1_88' title='bbox 1533 858 1579 895; x_wconf 91' lang='lat' dir='ltr'><strong>de</strong></span> <span class='ocrx_word' id='word_1_89' title='bbox 1593 858 1728 895; x_wconf 82' lang='lat' dir='ltr'><strong>Dunis.</strong></span> 
     </span>
     <span class='ocr_line' id='line_1_11' title="bbox 193 915 1731 967; baseline -0.001 -13"><span class='ocrx_word' id='word_1_90' title='bbox 193 916 444 955; x_wconf 89' lang='lat' dir='ltr'><strong>Cisterciensis</strong></span> <span class='ocrx_word' id='word_1_91' title='bbox 462 916 623 962; x_wconf 84' lang='lat' dir='ltr'><strong>ordinis,</strong></span> <span class='ocrx_word' id='word_1_92' title='bbox 642 921 678 953; x_wconf 88' lang='lat' dir='ltr'><strong>et</strong></span> <span class='ocrx_word' id='word_1_93' title='bbox 695 915 794 953; x_wconf 91' lang='lat' dir='ltr'><strong>dicto</strong></span> <span class='ocrx_word' id='word_1_94' title='bbox 812 916 936 953; x_wconf 87' lang='lat' dir='ltr'><strong>abbati</strong></span> <span class='ocrx_word' id='word_1_95' title='bbox 957 915 1187 954; x_wconf 89' lang='lat' dir='ltr'><strong>Cisterciensi</strong></span> <span class='ocrx_word' id='word_1_96' title='bbox 1208 917 1378 954; x_wconf 89' lang='lat' dir='ltr'><strong>subditos</strong></span> <span class='ocrx_word' id='word_1_97' title='bbox 1398 923 1438 954; x_wconf 90' lang='lat' dir='ltr'><strong>ut</strong></span> <span class='ocrx_word' id='word_1_98' title='bbox 1456 917 1550 953; x_wconf 78' lang='lat' dir='ltr'><strong>infra</strong></span> <span class='ocrx_word' id='word_1_99' title='bbox 1569 917 1731 967; x_wconf 85' lang='lat' dir='ltr'><strong>quinde-</strong></span> 
     </span>
     <span class='ocr_line' id='line_1_12' title="bbox 193 973 1729 1025; baseline -0.001 -13"><span class='ocrx_word' id='word_1_100' title='bbox 193 974 264 1012; x_wconf 90' lang='lat' dir='ltr'><strong>cim</strong></span> <span class='ocrx_word' id='word_1_101' title='bbox 285 973 363 1011; x_wconf 88' lang='lat' dir='ltr'><strong>dies</strong></span> <span class='ocrx_word' id='word_1_102' title='bbox 381 987 401 1011; x_wconf 88' lang='lat' dir='ltr'><strong>a</strong></span> <span class='ocrx_word' id='word_1_103' title='bbox 421 978 587 1024; x_wconf 88' lang='lat' dir='ltr'><strong>tempore</strong></span> <span class='ocrx_word' id='word_1_104' title='bbox 606 973 822 1010; x_wconf 88' lang='lat' dir='ltr'><strong>monitionis</strong></span> <span class='ocrx_word' id='word_1_105' title='bbox 841 973 911 1010; x_wconf 91' lang='lat' dir='ltr'><strong>sibi</strong></span> <span class='ocrx_word' id='word_1_106' title='bbox 934 974 1048 1010; x_wconf 85' lang='lat' dir='ltr'><strong>factae</strong></span> <span class='ocrx_word' id='word_1_107' title='bbox 1062 974 1202 1025; x_wconf 82' lang='lat' dir='ltr'><strong>integre</strong></span> <span class='ocrx_word' id='word_1_108' title='bbox 1215 980 1251 1011; x_wconf 90' lang='lat' dir='ltr'><strong>et</strong></span> <span class='ocrx_word' id='word_1_109' title='bbox 1264 975 1423 1025; x_wconf 78' lang='lat' dir='ltr'><strong>perfecte</strong></span> <span class='ocrx_word' id='word_1_110' title='bbox 1437 975 1581 1012; x_wconf 86' lang='lat' dir='ltr'><strong>solvant</strong></span> <span class='ocrx_word' id='word_1_111' title='bbox 1595 975 1729 1011; x_wconf 84' lang='lat' dir='ltr'><strong>collec-</strong></span> 
     </span>
     <span class='ocr_line' id='line_1_13' title="bbox 194 1031 1730 1083; baseline -0.001 -13"><span class='ocrx_word' id='word_1_112' title='bbox 194 1033 337 1070; x_wconf 84' lang='lat' dir='ltr'><strong>toribus</strong></span> <span class='ocrx_word' id='word_1_113' title='bbox 355 1031 630 1069; x_wconf 86' lang='lat' dir='ltr'><strong>Morinensibus</strong></span> <span class='ocrx_word' id='word_1_114' title='bbox 649 1031 830 1068; x_wconf 82' lang='lat' dir='ltr'><strong>decimam</strong></span> <span class='ocrx_word' id='word_1_115' title='bbox 851 1031 1065 1069; x_wconf 84' lang='lat' dir='ltr'><strong>reddituum</strong></span> <span class='ocrx_word' id='word_1_116' title='bbox 1094 1038 1130 1069; x_wconf 89' lang='lat' dir='ltr'><strong>et</strong></span> <span class='ocrx_word' id='word_1_117' title='bbox 1155 1038 1405 1083; x_wconf 86' lang='lat' dir='ltr'><strong>proventuum</strong></span> <span class='ocrx_word' id='word_1_118' title='bbox 1433 1046 1585 1070; x_wconf 90' lang='lat' dir='ltr'><strong>suorum</strong></span> <span class='ocrx_word' id='word_1_119' title='bbox 1613 1034 1730 1070; x_wconf 84' lang='lat' dir='ltr'><strong>eccle-</strong></span> 
     </span>
     <span class='ocr_line' id='line_1_14' title="bbox 193 1092 1725 1145; baseline 0.001 -15"><span class='ocrx_word' id='word_1_120' title='bbox 193 1093 424 1131; x_wconf 88' lang='lat' dir='ltr'><strong>siasticorum</strong></span> <span class='ocrx_word' id='word_1_121' title='bbox 452 1106 519 1143; x_wconf 90' lang='lat' dir='ltr'><strong>pro</strong></span> <span class='ocrx_word' id='word_1_122' title='bbox 543 1092 701 1130; x_wconf 90' lang='lat' dir='ltr'><strong>termino</strong></span> <span class='ocrx_word' id='word_1_123' title='bbox 722 1093 802 1130; x_wconf 86' lang='lat' dir='ltr'><strong>sesti</strong></span> <span class='ocrx_word' id='word_1_124' title='bbox 822 1093 1098 1144; x_wconf 85' lang='lat' dir='ltr'><strong>Assumptionis</strong></span> <span class='ocrx_word' id='word_1_125' title='bbox 1117 1094 1278 1145; x_wconf 84' lang='lat' dir='ltr'><strong>Virginis</strong></span> <span class='ocrx_word' id='word_1_126' title='bbox 1297 1095 1487 1131; x_wconf 84' lang='lat' dir='ltr'><strong>Gloriosae</strong></span> <span class='ocrx_word' id='word_1_127' title='bbox 1506 1095 1725 1144; x_wconf 56' lang='lat' dir='ltr'><strong>praedictae„</strong></span> 
     </span>
     <span class='ocr_line' id='line_1_15' title="bbox 193 1151 1726 1204; baseline -0.001 -15"><span class='ocrx_word' id='word_1_128' title='bbox 193 1152 359 1203; x_wconf 88' lang='lat' dir='ltr'><strong>alioquin</strong></span> <span class='ocrx_word' id='word_1_129' title='bbox 393 1151 535 1188; x_wconf 86' lang='lat' dir='ltr'><strong>dictum</strong></span> <span class='ocrx_word' id='word_1_130' title='bbox 567 1151 738 1188; x_wconf 82' lang='lat' dir='ltr'><strong>abbatem</strong></span> <span class='ocrx_word' id='word_1_131' title='bbox 774 1152 932 1188; x_wconf 88' lang='lat' dir='ltr'><strong>termino</strong></span> <span class='ocrx_word' id='word_1_132' title='bbox 962 1152 1082 1189; x_wconf 77' lang='lat' dir='ltr'><strong>&lt;lictae</strong></span> <span class='ocrx_word' id='word_1_133' title='bbox 1112 1153 1329 1190; x_wconf 88' lang='lat' dir='ltr'><strong>monitionis</strong></span> <span class='ocrx_word' id='word_1_134' title='bbox 1357 1154 1482 1204; x_wconf 88' lang='lat' dir='ltr'><strong>elapso</strong></span> <span class='ocrx_word' id='word_1_135' title='bbox 1513 1154 1559 1190; x_wconf 92' lang='lat' dir='ltr'><strong>de</strong></span> <span class='ocrx_word' id='word_1_136' title='bbox 1589 1154 1683 1190; x_wconf 84' lang='lat' dir='ltr'><strong>facto</strong></span> <span class='ocrx_word' id='word_1_137' title='bbox 1708 1168 1726 1189; x_wconf 83' lang='lat' dir='ltr'><strong>a</strong></span> 
     </span>
     <span class='ocr_line' id='line_1_16' title="bbox 193 1209 1728 1262; baseline 0.001 -16"><span class='ocrx_word' id='word_1_138' title='bbox 193 1210 332 1247; x_wconf 87' lang='lat' dir='ltr'><strong>divinis</strong></span> <span class='ocrx_word' id='word_1_139' title='bbox 356 1209 606 1261; x_wconf 88' lang='lat' dir='ltr'><strong>suspendebat</strong></span> <span class='ocrx_word' id='word_1_140' title='bbox 627 1214 663 1246; x_wconf 88' lang='lat' dir='ltr'><strong>et</strong></span> <span class='ocrx_word' id='word_1_141' title='bbox 685 1210 826 1247; x_wconf 87' lang='lat' dir='ltr'><strong>dictum</strong></span> <span class='ocrx_word' id='word_1_142' title='bbox 854 1215 1077 1248; x_wconf 87' lang='lat' dir='ltr'><strong>conventum</strong></span> <span class='ocrx_word' id='word_1_143' title='bbox 1097 1211 1342 1248; x_wconf 84' lang='lat' dir='ltr'><strong>eeclesiastico</strong></span> <span class='ocrx_word' id='word_1_144' title='bbox 1361 1212 1596 1262; x_wconf 80' lang='lat' dir='ltr'><strong>supponebat</strong></span> <span class='ocrx_word' id='word_1_145' title='bbox 1613 1212 1728 1248; x_wconf 87' lang='lat' dir='ltr'><strong>inter-</strong></span> 
     </span>
     <span class='ocr_line' id='line_1_17' title="bbox 193 1268 1728 1320; baseline 0.001 -14"><span class='ocrx_word' id='word_1_146' title='bbox 193 1269 304 1306; x_wconf 85' lang='lat' dir='ltr'><strong>dicto.</strong></span> <span class='ocrx_word' id='word_1_147' title='bbox 318 1268 468 1305; x_wconf 87' lang='lat' dir='ltr'><strong>Timens</strong></span> <span class='ocrx_word' id='word_1_148' title='bbox 483 1281 550 1318; x_wconf 79' lang='lat' dir='ltr'><strong>ego</strong></span> <span class='ocrx_word' id='word_1_149' title='bbox 565 1273 784 1318; x_wconf 84' lang='lat' dir='ltr'><strong>procurator</strong></span> <span class='ocrx_word' id='word_1_150' title='bbox 798 1269 1009 1319; x_wconf 87' lang='lat' dir='ltr'><strong>praedictus</strong></span> <span class='ocrx_word' id='word_1_151' title='bbox 1028 1283 1074 1306; x_wconf 92' lang='lat' dir='ltr'><strong>ne</strong></span> <span class='ocrx_word' id='word_1_152' title='bbox 1090 1275 1216 1307; x_wconf 87' lang='lat' dir='ltr'><strong>contra</strong></span> <span class='ocrx_word' id='word_1_153' title='bbox 1237 1271 1418 1320; x_wconf 80' lang='lat' dir='ltr'><strong>praefatos</strong></span> <span class='ocrx_word' id='word_1_154' title='bbox 1436 1270 1608 1307; x_wconf 87' lang='lat' dir='ltr'><strong>dominos</strong></span> <span class='ocrx_word' id='word_1_155' title='bbox 1629 1284 1728 1308; x_wconf 86' lang='lat' dir='ltr'><strong>meos</strong></span> 
     </span>
     <span class='ocr_line' id='line_1_18' title="bbox 193 1326 1725 1380; baseline 0.002 -17"><span class='ocrx_word' id='word_1_156' title='bbox 193 1331 229 1364; x_wconf 85' lang='lat' dir='ltr'><strong>et</strong></span> <span class='ocrx_word' id='word_1_157' title='bbox 251 1326 417 1377; x_wconf 79' lang='lat' dir='ltr'><strong>singulos</strong></span> <span class='ocrx_word' id='word_1_158' title='bbox 445 1326 661 1364; x_wconf 89' lang='lat' dir='ltr'><strong>eorumdem</strong></span> <span class='ocrx_word' id='word_1_159' title='bbox 688 1331 724 1363; x_wconf 85' lang='lat' dir='ltr'><strong>et</strong></span> <span class='ocrx_word' id='word_1_160' title='bbox 749 1339 878 1364; x_wconf 89' lang='lat' dir='ltr'><strong>eorum</strong></span> <span class='ocrx_word' id='word_1_161' title='bbox 907 1328 1235 1374; x_wconf 84' lang='lat' dir='ltr'><strong>monasteriorum,</strong></span> <span class='ocrx_word' id='word_1_162' title='bbox 1261 1329 1388 1380; x_wconf 88' lang='lat' dir='ltr'><strong>eisque</strong></span> <span class='ocrx_word' id='word_1_163' title='bbox 1416 1329 1656 1366; x_wconf 82' lang='lat' dir='ltr'><strong>adhaerentes</strong></span> <span class='ocrx_word' id='word_1_164' title='bbox 1689 1330 1725 1366; x_wconf 90' lang='lat' dir='ltr'><strong>in</strong></span> 
     </span>
     <span class='ocr_line' id='line_1_19' title="bbox 193 1385 1725 1438; baseline 0.002 -17"><span class='ocrx_word' id='word_1_165' title='bbox 193 1385 262 1422; x_wconf 81' lang='lat' dir='ltr'><strong>hac</strong></span> <span class='ocrx_word' id='word_1_166' title='bbox 280 1390 394 1436; x_wconf 85' lang='lat' dir='ltr'><strong>parte,</strong></span> <span class='ocrx_word' id='word_1_167' title='bbox 420 1385 613 1422; x_wconf 87' lang='lat' dir='ltr'><strong>occasione</strong></span> <span class='ocrx_word' id='word_1_168' title='bbox 630 1389 665 1422; x_wconf 91' lang='lat' dir='ltr'><strong>et</strong></span> <span class='ocrx_word' id='word_1_169' title='bbox 683 1390 873 1436; x_wconf 85' lang='lat' dir='ltr'><strong>praetextu</strong></span> <span class='ocrx_word' id='word_1_170' title='bbox 894 1387 1110 1424; x_wconf 89' lang='lat' dir='ltr'><strong>monitionis</strong></span> <span class='ocrx_word' id='word_1_171' title='bbox 1129 1392 1164 1423; x_wconf 88' lang='lat' dir='ltr'><strong>et</strong></span> <span class='ocrx_word' id='word_1_172' title='bbox 1182 1401 1374 1438; x_wconf 78' lang='lat' dir='ltr'><strong>processus</strong></span> <span class='ocrx_word' id='word_1_173' title='bbox 1396 1388 1667 1438; x_wconf 82' lang='lat' dir='ltr'><strong>praedictorum</strong></span> <span class='ocrx_word' id='word_1_174' title='bbox 1693 1394 1725 1424; x_wconf 88' lang='lat' dir='ltr'><strong>et</strong></span> 
     </span>
     <span class='ocr_line' id='line_1_20' title="bbox 151 1447 1727 1500; baseline 0 -14"><span class='ocrx_word' id='word_1_175' title='bbox 151 1451 155 1455; x_wconf 88' lang='lat'>&#39;</span> <span class='ocrx_word' id='word_1_176' title='bbox 193 1448 385 1486; x_wconf 86' lang='lat' dir='ltr'><strong>occasione</strong></span> <span class='ocrx_word' id='word_1_177' title='bbox 407 1447 572 1484; x_wconf 82' lang='lat' dir='ltr'><strong>decimae</strong></span> <span class='ocrx_word' id='word_1_178' title='bbox 595 1461 662 1498; x_wconf 88' lang='lat' dir='ltr'><strong>pro</strong></span> <span class='ocrx_word' id='word_1_179' title='bbox 693 1448 852 1485; x_wconf 88' lang='lat' dir='ltr'><strong>termino</strong></span> <span class='ocrx_word' id='word_1_180' title='bbox 878 1449 1080 1499; x_wconf 87' lang='lat' dir='ltr'><strong>praedicto,</strong></span> <span class='ocrx_word' id='word_1_181' title='bbox 1110 1463 1175 1499; x_wconf 89' lang='lat' dir='ltr'><strong>per</strong></span> <span class='ocrx_word' id='word_1_182' title='bbox 1205 1449 1346 1486; x_wconf 90' lang='lat' dir='ltr'><strong>dictum</strong></span> <span class='ocrx_word' id='word_1_183' title='bbox 1379 1450 1593 1500; x_wconf 81' lang='lat' dir='ltr'><strong>magistrum</strong></span> <span class='ocrx_word' id='word_1_184' title='bbox 1625 1450 1727 1487; x_wconf 86' lang='lat' dir='ltr'><strong>Gau-</strong></span> 
     </span>
     <span class='ocr_line' id='line_1_21' title="bbox 194 1506 1727 1559; baseline 0.002 -16"><span class='ocrx_word' id='word_1_185' title='bbox 194 1506 332 1544; x_wconf 82' lang='lat' dir='ltr'><strong>sridum</strong></span> <span class='ocrx_word' id='word_1_186' title='bbox 355 1511 419 1543; x_wconf 88' lang='lat' dir='ltr'><strong>aut</strong></span> <span class='ocrx_word' id='word_1_187' title='bbox 452 1506 566 1543; x_wconf 90' lang='lat' dir='ltr'><strong>alium</strong></span> <span class='ocrx_word' id='word_1_188' title='bbox 599 1519 864 1557; x_wconf 89' lang='lat' dir='ltr'><strong>quemcunque</strong></span> <span class='ocrx_word' id='word_1_189' title='bbox 890 1507 1107 1544; x_wconf 86' lang='lat' dir='ltr'><strong>auctoritate</strong></span> <span class='ocrx_word' id='word_1_190' title='bbox 1132 1521 1357 1559; x_wconf 88' lang='lat' dir='ltr'><strong>quacunque</strong></span> <span class='ocrx_word' id='word_1_191' title='bbox 1383 1508 1430 1545; x_wconf 88' lang='lat' dir='ltr'><strong>ad</strong></span> <span class='ocrx_word' id='word_1_192' title='bbox 1456 1508 1727 1559; x_wconf 80' lang='lat' dir='ltr'><strong>suspensionis,</strong></span> 
     </span>
     <span class='ocr_line' id='line_1_22' title="bbox 192 1564 1727 1618; baseline 0.003 -17"><span class='ocrx_word' id='word_1_193' title='bbox 192 1564 379 1603; x_wconf 87' lang='lat' dir='ltr'><strong>interdicti</strong></span> <span class='ocrx_word' id='word_1_194' title='bbox 420 1564 477 1601; x_wconf 85' lang='lat' dir='ltr'><strong>vel</strong></span> <span class='ocrx_word' id='word_1_195' title='bbox 511 1565 907 1603; x_wconf 87' lang='lat' dir='ltr'><strong>excommunicationis</strong></span> <span class='ocrx_word' id='word_1_196' title='bbox 943 1566 1141 1604; x_wconf 88' lang='lat' dir='ltr'><strong>sententias</strong></span> <span class='ocrx_word' id='word_1_197' title='bbox 1180 1567 1422 1618; x_wconf 83' lang='lat' dir='ltr'><strong>spiritualiter</strong></span> <span class='ocrx_word' id='word_1_198' title='bbox 1450 1572 1514 1604; x_wconf 87' lang='lat' dir='ltr'><strong>aut</strong></span> <span class='ocrx_word' id='word_1_199' title='bbox 1541 1572 1727 1618; x_wconf 88' lang='lat' dir='ltr'><strong>tempora-</strong></span> 
     </span>
     <span class='ocr_line' id='line_1_23' title="bbox 194 1622 1727 1676; baseline 0.002 -17"><span class='ocrx_word' id='word_1_200' title='bbox 194 1623 277 1660; x_wconf 90' lang='lat' dir='ltr'><strong>liter</strong></span> <span class='ocrx_word' id='word_1_201' title='bbox 298 1623 354 1660; x_wconf 88' lang='lat' dir='ltr'><strong>vel</strong></span> <span class='ocrx_word' id='word_1_202' title='bbox 377 1622 466 1660; x_wconf 88' lang='lat' dir='ltr'><strong>alias</strong></span> <span class='ocrx_word' id='word_1_203' title='bbox 487 1636 642 1674; x_wconf 90' lang='lat' dir='ltr'><strong>quoquo</strong></span> <span class='ocrx_word' id='word_1_204' title='bbox 663 1623 775 1661; x_wconf 87' lang='lat' dir='ltr'><strong>modo</strong></span> <span class='ocrx_word' id='word_1_205' title='bbox 795 1624 1029 1675; x_wconf 78' lang='lat' dir='ltr'><strong>procedatur,</strong></span> <span class='ocrx_word' id='word_1_206' title='bbox 1048 1638 1134 1662; x_wconf 88' lang='lat' dir='ltr'><strong>cum</strong></span> <span class='ocrx_word' id='word_1_207' title='bbox 1154 1624 1243 1662; x_wconf 88' lang='lat' dir='ltr'><strong>dicti</strong></span> <span class='ocrx_word' id='word_1_208' title='bbox 1266 1625 1409 1662; x_wconf 90' lang='lat' dir='ltr'><strong>domini</strong></span> <span class='ocrx_word' id='word_1_209' title='bbox 1426 1626 1498 1662; x_wconf 88' lang='lat' dir='ltr'><strong>mei</strong></span> <span class='ocrx_word' id='word_1_210' title='bbox 1517 1625 1633 1676; x_wconf 88' lang='lat' dir='ltr'><strong>parati</strong></span> <span class='ocrx_word' id='word_1_211' title='bbox 1653 1626 1727 1663; x_wconf 92' lang='lat' dir='ltr'><strong>sint</strong></span> 
     </span>
     <span class='ocr_line' id='line_1_24' title="bbox 193 1680 1728 1735; baseline 0.001 -18"><span class='ocrx_word' id='word_1_212' title='bbox 193 1694 320 1732; x_wconf 85' lang='lat' dir='ltr'><strong>parere</strong></span> <span class='ocrx_word' id='word_1_213' title='bbox 336 1680 563 1719; x_wconf 87' lang='lat' dir='ltr'><strong>ordinationi</strong></span> <span class='ocrx_word' id='word_1_214' title='bbox 582 1681 813 1732; x_wconf 89' lang='lat' dir='ltr'><strong>praedictae:</strong></span> <span class='ocrx_word' id='word_1_215' title='bbox 834 1696 902 1733; x_wconf 78' lang='lat' dir='ltr'><strong>ego</strong></span> <span class='ocrx_word' id='word_1_216' title='bbox 920 1687 1139 1734; x_wconf 90' lang='lat' dir='ltr'><strong>procurator</strong></span> <span class='ocrx_word' id='word_1_217' title='bbox 1156 1683 1365 1734; x_wconf 84' lang='lat' dir='ltr'><strong>praedictus</strong></span> <span class='ocrx_word' id='word_1_218' title='bbox 1384 1683 1640 1735; x_wconf 86' lang='lat' dir='ltr'><strong>procuratorio</strong></span> <span class='ocrx_word' id='word_1_219' title='bbox 1659 1696 1728 1719; x_wconf 94' lang='lat' dir='ltr'><strong>no-</strong></span> 
     </span>
     <span class='ocr_line' id='line_1_25' title="bbox 192 1738 1728 1792; baseline 0.001 -17"><span class='ocrx_word' id='word_1_220' title='bbox 192 1739 293 1776; x_wconf 85' lang='lat' dir='ltr'><strong>mine</strong></span> <span class='ocrx_word' id='word_1_221' title='bbox 318 1751 387 1789; x_wconf 91' lang='lat' dir='ltr'><strong>pro</strong></span> <span class='ocrx_word' id='word_1_222' title='bbox 413 1738 523 1776; x_wconf 87' lang='lat' dir='ltr'><strong>dietis</strong></span> <span class='ocrx_word' id='word_1_223' title='bbox 551 1739 714 1777; x_wconf 89' lang='lat' dir='ltr'><strong>dominis</strong></span> <span class='ocrx_word' id='word_1_224' title='bbox 740 1740 831 1778; x_wconf 88' lang='lat' dir='ltr'><strong>meis</strong></span> <span class='ocrx_word' id='word_1_225' title='bbox 856 1744 892 1777; x_wconf 86' lang='lat' dir='ltr'><strong>et</strong></span> <span class='ocrx_word' id='word_1_226' title='bbox 916 1740 1072 1792; x_wconf 80' lang='lat' dir='ltr'><strong>singulis</strong></span> <span class='ocrx_word' id='word_1_227' title='bbox 1094 1741 1310 1779; x_wconf 90' lang='lat' dir='ltr'><strong>eorumdem</strong></span> <span class='ocrx_word' id='word_1_228' title='bbox 1329 1747 1365 1778; x_wconf 86' lang='lat' dir='ltr'><strong>et</strong></span> <span class='ocrx_word' id='word_1_229' title='bbox 1380 1740 1602 1778; x_wconf 85' lang='lat' dir='ltr'><strong>monasterio</strong></span> <span class='ocrx_word' id='word_1_230' title='bbox 1621 1755 1728 1791; x_wconf 79' lang='lat' dir='ltr'><strong>prae-</strong></span> 
     </span>
     <span class='ocr_line' id='line_1_26' title="bbox 190 1798 1726 1851; baseline 0.001 -16"><span class='ocrx_word' id='word_1_231' title='bbox 190 1798 310 1845; x_wconf 82' lang='lat' dir='ltr'><strong>dicto,</strong></span> <span class='ocrx_word' id='word_1_232' title='bbox 329 1802 365 1835; x_wconf 88' lang='lat' dir='ltr'><strong>et</strong></span> <span class='ocrx_word' id='word_1_233' title='bbox 390 1810 436 1835; x_wconf 92' lang='lat' dir='ltr'><strong>ne</strong></span> <span class='ocrx_word' id='word_1_234' title='bbox 461 1798 593 1849; x_wconf 86' lang='lat' dir='ltr'><strong>spretis</strong></span> <span class='ocrx_word' id='word_1_235' title='bbox 619 1799 790 1850; x_wconf 87' lang='lat' dir='ltr'><strong>superius</strong></span> <span class='ocrx_word' id='word_1_236' title='bbox 817 1800 1017 1851; x_wconf 90' lang='lat' dir='ltr'><strong>propositis</strong></span> <span class='ocrx_word' id='word_1_237' title='bbox 1040 1805 1167 1838; x_wconf 90' lang='lat' dir='ltr'><strong>contra</strong></span> <span class='ocrx_word' id='word_1_238' title='bbox 1186 1801 1368 1851; x_wconf 81' lang='lat' dir='ltr'><strong>praefatos</strong></span> <span class='ocrx_word' id='word_1_239' title='bbox 1385 1800 1557 1837; x_wconf 90' lang='lat' dir='ltr'><strong>dominos</strong></span> <span class='ocrx_word' id='word_1_240' title='bbox 1576 1813 1676 1837; x_wconf 89' lang='lat' dir='ltr'><strong>meos</strong></span> <span class='ocrx_word' id='word_1_241' title='bbox 1693 1805 1726 1836; x_wconf 90' lang='lat' dir='ltr'><strong>et</strong></span> 
     </span>
     <span class='ocr_line' id='line_1_27' title="bbox 191 1856 1727 1909; baseline 0 -16"><span class='ocrx_word' id='word_1_242' title='bbox 191 1856 457 1894; x_wconf 87' lang='lat' dir='ltr'><strong>monasterium</strong></span> <span class='ocrx_word' id='word_1_243' title='bbox 481 1856 730 1907; x_wconf 87' lang='lat' dir='ltr'><strong>praedictum,</strong></span> <span class='ocrx_word' id='word_1_244' title='bbox 756 1858 884 1909; x_wconf 87' lang='lat' dir='ltr'><strong>eisque</strong></span> <span class='ocrx_word' id='word_1_245' title='bbox 910 1858 1150 1896; x_wconf 87' lang='lat' dir='ltr'><strong>adhaerentes</strong></span> <span class='ocrx_word' id='word_1_246' title='bbox 1174 1859 1211 1896; x_wconf 93' lang='lat' dir='ltr'><strong>in</strong></span> <span class='ocrx_word' id='word_1_247' title='bbox 1239 1859 1306 1896; x_wconf 87' lang='lat' dir='ltr'><strong>hac</strong></span> <span class='ocrx_word' id='word_1_248' title='bbox 1335 1863 1454 1909; x_wconf 80' lang='lat' dir='ltr'><strong>parte,</strong></span> <span class='ocrx_word' id='word_1_249' title='bbox 1476 1858 1668 1895; x_wconf 87' lang='lat' dir='ltr'><strong>occasione</strong></span> <span class='ocrx_word' id='word_1_250' title='bbox 1693 1862 1727 1894; x_wconf 89' lang='lat' dir='ltr'><strong>et</strong></span> 
     </span>
     <span class='ocr_line' id='line_1_28' title="bbox 194 1915 1726 1968; baseline -0.001 -16"><span class='ocrx_word' id='word_1_251' title='bbox 194 1920 383 1965; x_wconf 87' lang='lat' dir='ltr'><strong>praetextu</strong></span> <span class='ocrx_word' id='word_1_252' title='bbox 403 1915 621 1954; x_wconf 86' lang='lat' dir='ltr'><strong>monitionis</strong></span> <span class='ocrx_word' id='word_1_253' title='bbox 639 1920 676 1953; x_wconf 83' lang='lat' dir='ltr'><strong>et</strong></span> <span class='ocrx_word' id='word_1_254' title='bbox 692 1930 885 1968; x_wconf 89' lang='lat' dir='ltr'><strong>processus</strong></span> <span class='ocrx_word' id='word_1_255' title='bbox 904 1917 1179 1968; x_wconf 88' lang='lat' dir='ltr'><strong>praedictorum</strong></span> <span class='ocrx_word' id='word_1_256' title='bbox 1198 1923 1234 1955; x_wconf 88' lang='lat' dir='ltr'><strong>et</strong></span> <span class='ocrx_word' id='word_1_257' title='bbox 1253 1918 1446 1955; x_wconf 88' lang='lat' dir='ltr'><strong>occasione</strong></span> <span class='ocrx_word' id='word_1_258' title='bbox 1468 1917 1555 1954; x_wconf 88' lang='lat' dir='ltr'><strong>dicti</strong></span> <span class='ocrx_word' id='word_1_259' title='bbox 1580 1915 1726 1952; x_wconf 89' lang='lat' dir='ltr'><strong>termini</strong></span> 
     </span>
     <span class='ocr_line' id='line_1_29' title="bbox 190 1973 1728 2027; baseline -0.001 -16"><span class='ocrx_word' id='word_1_260' title='bbox 190 1973 384 2021; x_wconf 82' lang='lat' dir='ltr'><strong>antedicti,</strong></span> <span class='ocrx_word' id='word_1_261' title='bbox 396 1987 463 2025; x_wconf 88' lang='lat' dir='ltr'><strong>per</strong></span> <span class='ocrx_word' id='word_1_262' title='bbox 476 1973 618 2011; x_wconf 88' lang='lat' dir='ltr'><strong>dictum</strong></span> <span class='ocrx_word' id='word_1_263' title='bbox 633 1975 850 2026; x_wconf 78' lang='lat' dir='ltr'><strong>magistrum</strong></span> <span class='ocrx_word' id='word_1_264' title='bbox 867 1976 1090 2014; x_wconf 84' lang='lat' dir='ltr'><strong>Gaufridum</strong></span> <span class='ocrx_word' id='word_1_265' title='bbox 1109 1977 1165 2014; x_wconf 86' lang='lat' dir='ltr'><strong>vel</strong></span> <span class='ocrx_word' id='word_1_266' title='bbox 1184 1977 1299 2014; x_wconf 90' lang='lat' dir='ltr'><strong>alium</strong></span> <span class='ocrx_word' id='word_1_267' title='bbox 1319 1988 1582 2027; x_wconf 85' lang='lat' dir='ltr'><strong>quemcunque</strong></span> <span class='ocrx_word' id='word_1_268' title='bbox 1599 1979 1728 2011; x_wconf 74' lang='lat' dir='ltr'><strong>aucto-</strong></span> 
     </span>
     <span class='ocr_line' id='line_1_30' title="bbox 193 2031 1728 2084; baseline 0 -15"><span class='ocrx_word' id='word_1_269' title='bbox 193 2031 298 2069; x_wconf 86' lang='lat' dir='ltr'><strong>ritate</strong></span> <span class='ocrx_word' id='word_1_270' title='bbox 315 2045 542 2084; x_wconf 83' lang='lat' dir='ltr'><strong>quacunque</strong></span> <span class='ocrx_word' id='word_1_271' title='bbox 562 2033 607 2070; x_wconf 87' lang='lat' dir='ltr'><strong>ad</strong></span> <span class='ocrx_word' id='word_1_272' title='bbox 632 2034 904 2084; x_wconf 73' lang='lat' dir='ltr'><strong>suspensionis,</strong></span> <span class='ocrx_word' id='word_1_273' title='bbox 930 2034 1117 2072; x_wconf 83' lang='lat' dir='ltr'><strong>interdicti</strong></span> <span class='ocrx_word' id='word_1_274' title='bbox 1142 2036 1198 2072; x_wconf 88' lang='lat' dir='ltr'><strong>vel</strong></span> <span class='ocrx_word' id='word_1_275' title='bbox 1226 2032 1621 2072; x_wconf 83' lang='lat' dir='ltr'><strong>excommunicationis</strong></span> <span class='ocrx_word' id='word_1_276' title='bbox 1643 2045 1728 2070; x_wconf 87' lang='lat' dir='ltr'><strong>sen-</strong></span> 
     </span>
     <span class='ocr_line' id='line_1_31' title="bbox 192 2089 1728 2144; baseline 0.001 -18"><span class='ocrx_word' id='word_1_277' title='bbox 192 2089 324 2127; x_wconf 86' lang='lat' dir='ltr'><strong>tentias</strong></span> <span class='ocrx_word' id='word_1_278' title='bbox 342 2089 584 2140; x_wconf 84' lang='lat' dir='ltr'><strong>spiritualiter</strong></span> <span class='ocrx_word' id='word_1_279' title='bbox 601 2092 658 2129; x_wconf 91' lang='lat' dir='ltr'><strong>vel</strong></span> <span class='ocrx_word' id='word_1_280' title='bbox 678 2092 930 2143; x_wconf 88' lang='lat' dir='ltr'><strong>temporaliter</strong></span> <span class='ocrx_word' id='word_1_281' title='bbox 947 2098 1011 2130; x_wconf 86' lang='lat' dir='ltr'><strong>ant</strong></span> <span class='ocrx_word' id='word_1_282' title='bbox 1028 2093 1117 2131; x_wconf 87' lang='lat' dir='ltr'><strong>alias</strong></span> <span class='ocrx_word' id='word_1_283' title='bbox 1133 2106 1288 2144; x_wconf 88' lang='lat' dir='ltr'><strong>quoquo</strong></span> <span class='ocrx_word' id='word_1_284' title='bbox 1311 2092 1422 2130; x_wconf 90' lang='lat' dir='ltr'><strong>modo</strong></span> <span class='ocrx_word' id='word_1_285' title='bbox 1444 2091 1676 2142; x_wconf 87' lang='lat' dir='ltr'><strong>procedatur,</strong></span> <span class='ocrx_word' id='word_1_286' title='bbox 1693 2095 1728 2128; x_wconf 91' lang='lat' dir='ltr'><strong>et</strong></span> 
     </span>
     <span class='ocr_line' id='line_1_32' title="bbox 192 2148 1727 2202; baseline 0 -17"><span class='ocrx_word' id='word_1_287' title='bbox 192 2161 212 2185; x_wconf 88' lang='lat' dir='ltr'><strong>a</strong></span> <span class='ocrx_word' id='word_1_288' title='bbox 242 2148 352 2186; x_wconf 88' lang='lat' dir='ltr'><strong>dictis</strong></span> <span class='ocrx_word' id='word_1_289' title='bbox 381 2148 584 2187; x_wconf 90' lang='lat' dir='ltr'><strong>monitione</strong></span> <span class='ocrx_word' id='word_1_290' title='bbox 609 2154 646 2187; x_wconf 88' lang='lat' dir='ltr'><strong>et</strong></span> <span class='ocrx_word' id='word_1_291' title='bbox 670 2163 844 2201; x_wconf 87' lang='lat' dir='ltr'><strong>processu</strong></span> <span class='ocrx_word' id='word_1_292' title='bbox 872 2155 999 2189; x_wconf 89' lang='lat' dir='ltr'><strong>contra</strong></span> <span class='ocrx_word' id='word_1_293' title='bbox 1026 2151 1167 2189; x_wconf 91' lang='lat' dir='ltr'><strong>dictum</strong></span> <span class='ocrx_word' id='word_1_294' title='bbox 1199 2151 1415 2202; x_wconf 85' lang='lat' dir='ltr'><strong>magistrum</strong></span> <span class='ocrx_word' id='word_1_295' title='bbox 1443 2149 1666 2187; x_wconf 79' lang='lat' dir='ltr'><strong>Gausridum</strong></span> <span class='ocrx_word' id='word_1_296' title='bbox 1693 2154 1727 2185; x_wconf 91' lang='lat' dir='ltr'><strong>et</strong></span> 
     </span>
     <span class='ocr_line' id='line_1_33' title="bbox 192 2206 1728 2260; baseline -0.001 -16"><span class='ocrx_word' id='word_1_297' title='bbox 192 2206 300 2253; x_wconf 89' lang='lat' dir='ltr'><strong>alios,</strong></span> <span class='ocrx_word' id='word_1_298' title='bbox 323 2219 569 2258; x_wconf 82' lang='lat' dir='ltr'><strong>quoscunque</strong></span> <span class='ocrx_word' id='word_1_299' title='bbox 592 2212 719 2255; x_wconf 88' lang='lat' dir='ltr'><strong>status,</strong></span> <span class='ocrx_word' id='word_1_300' title='bbox 742 2209 985 2254; x_wconf 90' lang='lat' dir='ltr'><strong>auctoritatis,</strong></span> <span class='ocrx_word' id='word_1_301' title='bbox 1001 2209 1192 2260; x_wconf 74' lang='lat' dir='ltr'><strong>dignitatis</strong></span> <span class='ocrx_word' id='word_1_302' title='bbox 1215 2214 1278 2246; x_wconf 88' lang='lat' dir='ltr'><strong>ant</strong></span> <span class='ocrx_word' id='word_1_303' title='bbox 1300 2207 1611 2260; x_wconf 82' lang='lat' dir='ltr'><strong>praeeminentiae</strong></span> <span class='ocrx_word' id='word_1_304' title='bbox 1629 2207 1728 2244; x_wconf 84' lang='lat' dir='ltr'><strong>exis-</strong></span> 
     </span>
     <span class='ocr_line' id='line_1_34' title="bbox 192 2265 1727 2318; baseline 0 -17"><span class='ocrx_word' id='word_1_305' title='bbox 192 2269 282 2311; x_wconf 83' lang='lat' dir='ltr'><strong>tant,</strong></span> <span class='ocrx_word' id='word_1_306' title='bbox 298 2269 334 2301; x_wconf 89' lang='lat' dir='ltr'><strong>et</strong></span> <span class='ocrx_word' id='word_1_307' title='bbox 348 2277 443 2315; x_wconf 89' lang='lat' dir='ltr'><strong>quos</strong></span> <span class='ocrx_word' id='word_1_308' title='bbox 457 2278 628 2316; x_wconf 87' lang='lat' dir='ltr'><strong>praesens</strong></span> <span class='ocrx_word' id='word_1_309' title='bbox 643 2266 832 2317; x_wconf 80' lang='lat' dir='ltr'><strong>negotium</strong></span> <span class='ocrx_word' id='word_1_310' title='bbox 848 2267 966 2318; x_wconf 80' lang='lat' dir='ltr'><strong>tangit</strong></span> <span class='ocrx_word' id='word_1_311' title='bbox 978 2272 1013 2304; x_wconf 90' lang='lat' dir='ltr'><strong>et</strong></span> <span class='ocrx_word' id='word_1_312' title='bbox 1027 2271 1176 2318; x_wconf 80' lang='lat' dir='ltr'><strong>tangere</strong></span> <span class='ocrx_word' id='word_1_313' title='bbox 1189 2271 1327 2317; x_wconf 86' lang='lat' dir='ltr'><strong>potest,</strong></span> <span class='ocrx_word' id='word_1_314' title='bbox 1344 2266 1408 2317; x_wconf 88' lang='lat' dir='ltr'><strong>qui</strong></span> <span class='ocrx_word' id='word_1_315' title='bbox 1424 2279 1490 2303; x_wconf 84' lang='lat' dir='ltr'><strong>sua</strong></span> <span class='ocrx_word' id='word_1_316' title='bbox 1504 2265 1727 2302; x_wconf 84' lang='lat' dir='ltr'><strong>crediderint</strong></span> 
     </span>
     <span class='ocr_line' id='line_1_35' title="bbox 192 2324 1726 2378; baseline -0.001 -17"><span class='ocrx_word' id='word_1_317' title='bbox 192 2324 384 2370; x_wconf 82' lang='lat' dir='ltr'><strong>interesse,</strong></span> <span class='ocrx_word' id='word_1_318' title='bbox 404 2324 555 2362; x_wconf 88' lang='lat' dir='ltr'><strong>nomine</strong></span> <span class='ocrx_word' id='word_1_319' title='bbox 573 2325 842 2378; x_wconf 85' lang='lat' dir='ltr'><strong>procuratorio,</strong></span> <span class='ocrx_word' id='word_1_320' title='bbox 861 2339 928 2376; x_wconf 82' lang='lat' dir='ltr'><strong>ego</strong></span> <span class='ocrx_word' id='word_1_321' title='bbox 948 2331 1166 2377; x_wconf 90' lang='lat' dir='ltr'><strong>procurator</strong></span> <span class='ocrx_word' id='word_1_322' title='bbox 1183 2325 1394 2377; x_wconf 87' lang='lat' dir='ltr'><strong>praedictus</strong></span> <span class='ocrx_word' id='word_1_323' title='bbox 1412 2339 1480 2376; x_wconf 91' lang='lat' dir='ltr'><strong>pro</strong></span> <span class='ocrx_word' id='word_1_324' title='bbox 1498 2324 1607 2361; x_wconf 88' lang='lat' dir='ltr'><strong>dictis</strong></span> <span class='ocrx_word' id='word_1_325' title='bbox 1623 2354 1726 2360; x_wconf 89' lang='grc'>.....</span> 
     </span>
     <span class='ocr_line' id='line_1_36' title="bbox 192 2381 1727 2435; baseline -0.001 -16"><span class='ocrx_word' id='word_1_326' title='bbox 192 2381 325 2419; x_wconf 87' lang='lat' dir='ltr'><strong>abbate</strong></span> <span class='ocrx_word' id='word_1_327' title='bbox 350 2386 386 2419; x_wconf 87' lang='lat' dir='ltr'><strong>et</strong></span> <span class='ocrx_word' id='word_1_328' title='bbox 411 2387 596 2420; x_wconf 86' lang='lat' dir='ltr'><strong>conventu</strong></span> <span class='ocrx_word' id='word_1_329' title='bbox 620 2388 655 2420; x_wconf 91' lang='lat' dir='ltr'><strong>et</strong></span> <span class='ocrx_word' id='word_1_330' title='bbox 677 2384 899 2422; x_wconf 88' lang='lat' dir='ltr'><strong>monasterio</strong></span> <span class='ocrx_word' id='word_1_331' title='bbox 924 2390 959 2422; x_wconf 84' lang='lat' dir='ltr'><strong>et</strong></span> <span class='ocrx_word' id='word_1_332' title='bbox 983 2385 1064 2422; x_wconf 84' lang='lat' dir='ltr'><strong>aliis</strong></span> <span class='ocrx_word' id='word_1_333' title='bbox 1087 2385 1253 2435; x_wconf 88' lang='lat' dir='ltr'><strong>personis</strong></span> <span class='ocrx_word' id='word_1_334' title='bbox 1277 2385 1566 2435; x_wconf 76' lang='lat' dir='ltr'><strong>quibuscunque</strong></span> <span class='ocrx_word' id='word_1_335' title='bbox 1590 2382 1727 2419; x_wconf 75' lang='lat' dir='ltr'><strong>eisdem</strong></span> 
     </span>
    </p>
   </div>
  </div>
 </body>
</html>
