2184 3074
409 338 413 341 “
487 346 582 385 558,
1011 395 1016 402 ¹
1040 339 1202 377 CODEX
1229 338 1473 377 DUNENS1s.

490 462 715 499 wilhelmus
738 461 785 497 de
802 459 966 503 Juliaco,
986 458 1161 502 clericus,
1181 441 1325 493 nobiles
1348 456 1437 501 viri,
1457 455 1654 506 Philippus
1676 456 1723 492 de
1743 456 1935 503 Flaudria,
1955 458 2023 496 Jo-

487 520 629 556 hannes
648 523 683 555 et
701 518 825 555 Guido
842 517 889 554 de
907 517 1094 554 Namurco
1106 544 1116 561 ,
1133 528 1176 552 ac
1193 514 1413 565 Brugensis,
1432 514 1660 560 Gaudensis,
1688 515 1906 561 lusulensis,
1924 516 2027 555 Dua-

487 578 606 616 oensis
643 577 817 614 villarum
852 575 1130 619 universitates,
1164 573 1426 619 Tornacensis,
1460 573 1713 610 Atrebatensis
1737 578 1780 616 ,et
1812 573 2028 613 Leodiensis
2061 596 2067 600 ·

487 637 711 681 diocesium,
736 635 783 672 ad
806 634 998 671 ecclesiam
1017 632 1264 678 Morinensem
1289 644 1402 669 manu
1426 637 1564 669 armata
1588 631 1772 670 hostiliter
1793 633 2028 680 accedentes,

487 695 679 746 aliquibus
709 693 876 744 personis
908 691 1055 729 vicariis
1084 691 1252 740 ejusdem
1282 689 1456 728 ecclesiae
1486 689 1627 728 ibidem
1658 690 1903 730 existentibus
1933 705 2026 731 ausu

488 755 666 805 sacrilego
685 752 886 791 interfectis
903 757 940 789 et
956 751 1148 802 aliquibus
1165 751 1326 801 graviter
1343 749 1546 788 vulneratis
1565 754 1602 789 et
1620 749 1710 788 alias
1728 749 1909 799 injuriose
1931 755 2028 789 trac-

489 815 589 860 tatis,
605 812 755 850 tandem
774 811 966 863 ecclesiam
985 815 1021 847 et
1039 809 1243 847 claustrum
1262 821 1304 845 ac
1322 807 1554 857 domosejus
1567 812 1604 845 et
1620 812 1834 846 sanctorum
1849 809 2028 861 reliquias

487 875 526 911 in
545 873 672 910 eadem
691 870 843 909 ecclesia
866 870 1108 907 consistentes
1133 873 1436 915 concremarunt,
1453 868 1586 914 calices
1606 872 1643 905 et
1664 867 1737 905 alia
1761 868 1860 907 bona
1887 868 2028 910 ibidem

490 934 638 970 inventa
657 943 781 968 secum
801 929 937 966 exinde
959 927 1131 978 nequiter
1148 925 1385 977 asportando·
1403 926 1587 974 Quocirca
1603 926 1828 965 Discretioni
1846 927 1948 967 Tuae
1963 941 2031 979 per

489 991 689 1043 apostolica
707 989 843 1039 scripta
862 987 1082 1028 mandamus
1101 991 1284 1037 quatenus
1303 985 1427 1023 statim
1448 985 1496 1022 de
1515 986 1726 1036 praemissis
1747 987 1957 1026 constiterit
1978 988 2029 1027 ita

488 1065 581 1097 esse,
606 1049 803 1099 sacrilegos
821 1047 968 1091 acillos
986 1047 1033 1083 de
1051 1045 1161 1083 dictis
1180 1044 1486 1082 universitatibus
1508 1058 1603 1096 quos
1624 1058 1737 1096 super
1763 1045 1836 1083 hoc
1861 1046 2028 1086 iuvenies

490 1109 605 1160 magis
632 1107 837 1158 culpabiles
861 1105 1039 1150 extitisse,
1066 1103 1208 1141 tamdiu
1234 1103 1482 1154 appellatione
1506 1108 1665 1149 remota,
1684 1106 2028 1143 excommunicatos

489 1167 640 1219 publice
672 1166 819 1203 nunties
850 1170 886 1202 et
913 1164 1024 1202 facias
1048 1163 1096 1200 ab
1123 1163 1300 1200 omnibus
1330 1162 1467 1200 arctius
1493 1162 1639 1208 evitari,
1667 1163 1787 1201 donec
1816 1177 1930 1215 super
1956 1165 2029 1203 hiis

489 1225 733 1271 satisfecerint
751 1228 1016 1275 competenter,
1034 1227 1070 1260 et
1095 1235 1181 1260 cum
1202 1227 1351 1259 tuarum
1369 1221 1582 1260 testimonio
1602 1222 1811 1260 litterarum
1829 1222 1876 1260 ad
1895 1223 2029 1261 sedem

490 1286 641 1324 veniant
658 1284 908 1335 Apostolicam
926 1281 1156 1320 absolvendi.
1172 1281 1310 1318 Datum
1332 1280 1519 1326 Laterani,
1538 1294 1559 1317 v
1578 1281 1649 1318 kal.
1669 1280 1809 1331 aprilis.

1197 1407 1313 1418 ψ-

1121 1552 1406 1590 CCCLXXXIX.

585 1673 756 1723 Plzilippe
776 1674 807 1710 Ie
827 1668 892 1710 Bel
907 1673 1052 1710 de'clare
1070 1673 1231 1709 recevoir
1248 1671 1298 1709 les
1315 1670 1523 1709 Flamands
1541 1685 1583 1709 en
1602 1684 1643 1708 sa
1661 1671 1770 1722 qrdce
1783 1683 1931 1720 pourvu
1966 1705 1970 1710 .

1006 1730 1116 1781 qu'ils
1138 1729 1327 1767 observent
1348 1729 1384 1767 la
1404 1731 1511 1779 paim.
1967 1734 1977 1737 ”

538 1927 754 1978 Philippus,
785 1928 853 1965 Dei
884 1928 1021 1978 gratia,
1048 1927 1278 1964 Francorum
1304 1940 1380 1963 rex.

538 1986 675 2023 Notum
696 1986 852 2023 facimus
873 1986 1056 2023 universis
1078 1990 1152 2023 tam
1171 1985 1428 2037 praesentibus
1447 1997 1561 2035 quam
1581 1983 1717 2021 suturis
1734 1981 1838 2034 quod
1855 1994 1941 2018 cum
1961 1994 2029 2019 nos

490 2049 695 2082 teneremus
713 2045 759 2082 ad
782 2049 937 2082 manum
962 2050 1125 2083 nostram
1143 2045 1250 2082 villas
1263 2075 1271 2091 ,
1290 2049 1427 2091 castra,
1447 2049 1638 2094 totamque
1660 2047 1796 2080 terram
1816 2040 2030 2087 Flandriae,

489 2117 633 2141 necnon
657 2104 868 2141 Guidonem
891 2104 937 2141 de
959 2105 1130 2155 Dampna
1153 2105 1278 2151 Petra,
1296 2103 1488 2155 quondam
1507 2102 1681 2140 comitem
1700 2100 1916 2144 Flandriae,
1935 2098 2030 2136 libe-

487 2175 623 2213 rosque
640 2175 727 2200 suos
744 2163 950 2200 Robertum
967 2176 1067 2200 nunc
1086 2163 1259 2200 comitem
1279 2162 1477 2200 Flandriae
1494 2165 1529 2198 et
1546 2159 1759 2197 Guidonem
1778 2159 1929 2196 fratrem
1947 2157 2029 2208 ejus

412 2228 418 2234 '
487 2221 551 2270 qui
579 2234 636 2266 se,
667 2226 858 2272 terrasque
882 2234 967 2258 suas
998 2226 1145 2259 nostrae
1171 2223 1447 2272 supposuerant
1475 2217 1677 2264 voluntati,
1705 2217 1848 2254 ratione
1876 2229 2030 2268 guerrae

486 2293 599 2331 quam
626 2280 734 2317 nobis
760 2280 923 2317 fecerant
946 2293 1032 2317 cum
1061 2280 1179 2331 patria
1203 2279 1400 2317 Flandriae
1425 2277 1632 2329 praedicta,
1656 2276 1781 2328 primo
1805 2276 2029 2326 Brugenses,

486 2339 622 2377 deinde
635 2336 821 2376 'terrarum
841 2344 876 2376 et
897 2339 1072 2383 villarum
1092 2339 1263 2376 homines
1281 2351 1365 2376 cum
1386 2337 1578 2375 nobilibus
1597 2334 1826 2387 praecipuis,
1845 2333 2029 2385 certisque

487 2397 655 2448 personis
682 2401 759 2434 tam
787 2397 979 2435 nobilibus
1007 2410 1120 2448 quam
1148 2396 1399 2448 burgensibus
1419 2396 1614 2433 dumtaxat
1637 2393 1801 2444 exceptis
1825 2392 1892 2444 qui
1919 2391 2029 2430 nobis

488 2456 646 2493 fideliter
667 2455 933 2498 adhaeserunn
955 2460 1180 2506 procurante
1206 2455 1478 2493 discordiarum
1501 2453 1698 2504 magistro,
1721 2465 1815 2490 ausu
1832 2450 2028 2488 temerario
