2184 3074
759 276 920 316 CODEX
948 275 1191 314 DUNENSlS.
1646 274 1715 310 517

182 397 375 443 mandato,
401 396 570 448 partibus
597 394 794 447 praedictis
819 406 942 431 coram
965 406 1022 429 me
1040 391 1269 437 convocatis,
1289 391 1406 441 ipsam
1425 402 1573 427 eausam
1592 388 1717 426 audivi

181 460 216 493 et
241 455 440 507 diligenter
462 468 530 506 pro
556 467 663 506 posse
683 466 764 490 meo
784 451 1010 497 examinavi,
1033 455 1070 488 et
1095 463 1180 487 cum
1209 449 1357 486 tandem
1378 453 1530 485 eatenus
1559 447 1597 484 in
1620 446 1717 483 (licta

180 524 290 552 causa
308 517 402 551 esset
418 525 632 564 processum
646 510 755 562 quod
774 510 853 548 dies
866 509 913 547 ad
931 507 1194 546 diffiniendum
1214 521 1233 544 a
1254 507 1422 558 partibus
1437 511 1532 543 esset
1546 505 1698 542 collecta
1710 533 1718 540 .

182 573 354 610 videlicet
383 572 472 610 feria
499 571 603 610 tertia
635 575 718 622 post
739 570 882 615 ⁴l'estum
913 567 1017 606 Beati
1050 566 1195 604 Martini
1225 565 1422 616 hyemalis,
1454 565 1628 615 dietaque
1658 563 1719 600 die

180 643 304 669 coram
319 643 379 668 me
395 629 697 680 comparentibus
711 628 820 666 dictis
839 627 1007 678 partibus
1023 631 1059 663 et
1077 625 1289 676 petentibus
1307 624 1461 661 diffiniri
1473 652 1482 669 ,
1496 636 1564 674 ego
1580 627 1717 665 tamen2

180 690 268 741 quia
286 702 395 727 causa
421 690 536 726 ardua
562 688 674 726 miclii
697 687 903 731 videbatur.¹
924 685 1138 737 praesertim
1160 684 1333 735 inspectis
1353 682 1521 734 personis
1541 681 1716 732 partium.

181 753 259 786 tum
285 747 374 799 quia
400 747 735 785 discussiocausae
758 745 974 795 hujusmodi
998 744 1098 796 apud
1118 758 1175 781 me
1199 747 1279 781 erat
1295 743 1450 780 minime
1468 741 1618 787 usitata,
1639 747 1715 776 {nm

179 807 268 859 quia
294 806 513 844 dubitabam
540 806 586 843 de
613 806 716 856 jure,
745 810 823 843 tum
849 804 937 855 quia
961 804 1081 842 dietae
1109 808 1230 854 partes
1267 802 1303 839 in
1338 801 1506 852 partibus
1543 799 1633 837 meis
1666 804 1717 836 tol

180 866 366 904 habebant
393 865 530 902 amicos
560 870 596 902 et
621 864 820 901 familiares
842 863 944 914 quod
973 862 1180 900 nesciebam
1201 875 1220 898 a
1239 860 1379 911 quibus
1401 859 1481 897 sine
1503 858 1716 908 suspicione

180 923 271 961 mihi
295 928 389 961 esset
415 923 613 960 consilium
632 921 920 972 requirendum,
943 921 989 957 de
1012 920 1215 971 proborum
1239 919 1401 955 virorum
1424 917 1580 954 consilio
1599 916 1715 966 ipsam

180 995 327 1019 causam
374 981 591 1018 instructam
635 985 672 1017 et
708 984 826 1016 totum
873 979 952 1029 ejus
992 991 1203 1029 processum
1239 977 1285 1013 ad
1327 976 1476 1013 Vestrae
1508 974 1718 1011 Sanctitatis

180 1053 335 1078 examen
358 1039 449 1076 duxi
473 1039 543 1076 sub
568 1039 690 1090 sigillo
716 1052 798 1076 meo
825 1039 991 1075 clausum
1031 1037 1284 1081 referendum,
1310 1036 1399 1086 ipsis
1428 1034 1595 1086 partibus
1620 1033 1717 1070 diem

181 1097 484 1155 peremptoriam,
510 1097 650 1134 scilicet
675 1097 803 1134 seriam
834 1096 1035 1133 secundam
1058 1101 1142 1146 post
1165 1094 1400 1149 Dominieam
1430 1107 1526 1144 quae
1549 1097 1719 1129 cantatur

181 1156 369 1193 [avocavit
397 1168 453 1192 me
481 1156 704 1206 praefigens,
736 1155 773 1192 in
805 1155 1015 1193 Sanctitatis
1051 1154 1199 1192 Vestrae
1221 1152 1445 1204 praesentia5
1480 1157 1520 1188 ut
1545 1150 1647 1201 quod
1681 1149 1716 1185 in

185 1214 313 1252 eadem
340 1228 455 1266 >causa
491 1215 729 1252 statuendum
762 1215 828 1262 sit,
863 1214 1043 1252 Sanctitas
1076 1213 1201 1251 Vestra
1232 1212 1416 1249 decernat.
1449 1213 1580 1247 Actum
1618 1223 1716 1246 anno

182 1273 350 1319 Domini,
373 1277 457 1318 etc„
486 1273 575 1310 feria
601 1277 732 1323 quarta
758 1277 841 1323 post
868 1273 984 1310 dictas
1015 1277 1162 1308 octavas
1186 1270 1419 1308 continuatas
1441 1283 1461 1306 a
1496 1268 1585 1305 seria
1614 1268 1717 1305 tertia

181 1331 407 1382 supradicta.

229 1391 350 1441 Super
367 1390 506 1441 quibus
530 1391 713 1440 praefatus
733 1390 908 1426 dominus
927 1402 1020 1440 papa
1049 1402 1115 1426 nos
1139 1388 1347 1424 auditorem
1372 1385 1570 1430 conces-sit,
1590 1398 1717 1421 verum

182 1449 373 1487 nominato
392 1449 567 1500 magistro
588 1449 631 1485 G.
650 1452 717 1499 pro
735 1462 774 1486 se
791 1453 827 1485 et
846 1449 1021 1499 magistro
1038 1447 1210 1485 Johanne
1228 1446 1274 1483 (le
1293 1445 1521 1489 (laminiae07
1541 1456 1719 1494 procura-

183 1508 276 1545 torio
301 1507 468 1552 nomine.¹
494 1520 562 1557 pro
584 1507 713 1544 eodem
741 1511 908 1552 cantore,
936 1506 973 1543 in
1003 1511 1126 1543 nostra
1148 1505 1355 1556 praesentia
1383 1503 1609 1547 constitutis,
1632 1515 1720 1552 pro-

182 1578 324 1603 cessum
352 1570 388 1602 et
413 1570 492 1602 aeta
512 1565 674 1616 praefata
701 1565 914 1602 curavimus
934 1563 1256 1614 aperire7‘quibus
1278 1563 1475 1612 diligenter
1494 1560 1668 1611 inspectis
1686 1560 1717 1596 ei

182 1624 337 1669 auditis,
355 1637 452 1674 quae
471 1627 592 1674 partes
611 1636 819 1674 proponere
843 1623 1060 1667 voluerunt,
1080 1622 1234 1658 domino
1258 1634 1373 1672 papae
1393 1633 1489 1671 quae
1509 1619 1719 1656 invenimus

182 1686 218 1720 et
240 1681 468 1726 audivimus,
487 1681 682 1718 retulimus
705 1681 920 1731 diligenter,
940 1680 1005 1732 qui
1027 1680 1134 1717 uobis
1156 1685 1332 1730 tanquam
1348 1692 1488 1729 organo
1507 1691 1596 1715 suae
1622 1677 1720 1713 vocis

184 1740 402 1778 sententiam
433 1739 692 1790 proferendam
726 1739 921 1776 commisit.
954 1740 1028 1777 Nos
1055 1752 1141 1775 vero
1171 1738 1298 1775 habito
1330 1737 1534 1788 peritorum
1566 1736 1721 1772 consilio

186 1798 418 1836 nominatum
451 1799 669 1849 magistrum
698 1798 898 1836 Henricum
931 1804 1118 1835 cantorem
1147 1797 1411 1834 denuntiamus
1438 1809 1479 1833 ac
1509 1795 1719 1832 denuntiari

187 1857 406 1894 mandamus
424 1857 806 1903 exconnuunicatum2
827 1862 862 1894 et
880 1858 998 1894 donec
1019 1856 1264 1894 absolut-ionis
1284 1855 1506 1892 beneficium
1525 1860 1559 1890 et
1578 1854 1722 1903 dispen-

186 1916 365 1971 sationem
393 1929 504 1966 super
527 1916 796 1967 irregularitate
813 1930 926 1968 quam
946 1930 984 1954 se
1008 1915 1251 1953 immiscendo
1276 1914 1415 1951 divinis
1439 1913 1638 1953 contraxit,
1660 1925 1723 1962 per

187 1975 316 2012 sedem
329 1975 578 2025 apostolicam
595 1975 771 2012 meruerit
784 1975 963 2012 obtinere.
979 1974 1252 2012 Nicliilominus
1266 1973 1475 2011 Jollannem
1492 1972 1537 2007 de
1553 1971 1720 2008 Besiaco.

187 2034 382 2078 clericum,
402 2039 631 2084 praesentem
655 2035 899 2071 substitutum
916 2049 937 2070 a
956 2035 1119 2084 praefato
1139 2033 1318 2069 canonico
1339 2036 1615 2082 procuratorem
1635 2042 1723 2065 can-

189 2092 278 2130 toris
297 2092 461 2142 ejusdem
482 2092 598 2143 ipsius
617 2093 768 2130 nomine
792 2093 829 2129 in
850 2092 1020 2130 (lucentis
1044 2092 1148 2128 libris
1166 2090 1448 2128 'l'uronensibus
1468 2102 1535 2139 pro
1553 2087 1724 2124 aestima-

190 2151 290 2188 tione
317 2151 476 2200 injuriae
502 2155 538 2188 et
563 2147 720 2188 centum*
741 2152 845 2189 libris
869 2151 1035 2201 ejusdem
1066 2154 1233 2190 monetae
1263 2162 1331 2199 pro
1352 2147 1524 2198 expensis
1551 2146 1725 2197 magistro

189 2208 231 2247 G.
260 2209 576 2260 condempnantes
607 2208 724 2247 eidein
752 2210 964 2260 juramento
991 2209 1094 2260 prius
1115 2208 1162 2245 ab
1190 2208 1269 2258 ipso
1298 2211 1443 2257 recepto
1475 2210 1508 2242 et
1541 2204 1726 2242 taxatiom·

190 2268 406 2319 praehabita
431 2268 531 2318 quod
558 2269 785 2319 nominatam
812 2270 986 2319 injuriam
1011 2268 1192 2305 sustinere
1215 2280 1287 2318 pro
1313 2265 1498 2317 praedicta
1522 2263 1727 2314 quantitah¹

191 2327 371 2378 pecuniae
396 2327 575 2364 noluisset
598 2333 633 2365 et
654 2328 757 2378 quod
785 2329 1010 2379 expenderat
1025 2340 1092 2378 pro
1115 2340 1224 2363 causa
1245 2325 1291 2362 ita
1311 2330 1459 2361 centum
1480 2323 1592 2359 libras
1614 2322 1726 2358 Turo-

193 2399 325 2424 nenses
342 2386 562 2432 antedictas,
576 2387 735 2423 maxime
749 2400 833 2423 eum
854 2387 962 2423 nobis
976 2386 1181 2423 constiterit
1199 2385 1301 2435 quod
1320 2383 1525 2433 saepefatus
1543 2387 1671 2417 cantor
1690 2382 1724 2418 in
