2184 3074
444 338 456 374 l
470 338 514 375 10
989 335 1152 373 CODEX
1176 334 1423 374 DUNENSls.

1141 498 1284 538 LXXV.

607 616 717 652 Levee
732 614 822 651 d’un
840 614 986 652 subside
1003 615 1154 653 accorde'
1169 629 1247 653 aux
1265 617 1340 653 roi-s
1359 615 1403 653 de
1423 617 1567 654 France
1584 621 1617 653 et
1633 616 1676 654 de
1692 616 1812 654 Sicile.

493 800 767 851 Experientiam
786 804 944 836 vestram
964 800 1152 837 credimus
1166 813 1242 837 non
1258 801 1370 837 latere
1387 801 1490 851 quod
1507 801 1545 838 in
1561 806 1687 839 nostro
1700 803 1862 853 generali
1878 804 1983 855 capi·-

445 861 522 897 tulo
540 859 754 896 ordinatum
773 858 894 895 extitit
912 862 947 894 et
966 862 1145 895 statutum
1165 859 1266 910 quod
1286 858 1388 896 XXX
1413 860 1514 896 milia
1534 860 1714 898 librarum
1733 874 1802 912 pro
1820 862 1984 900 subven-

445 919 544 955 tione
555 917 755 953 illustrium
770 916 1010 953 dominorum
1020 917 1330 968 videlicetregum
1350 917 1524 955 Franciae
1538 923 1574 955 et
1587 919 1759 966 Ceciliae,
1776 920 1982 958 secundum

446 975 709 1013 conventiones
726 988 811 1011 cum
832 975 922 1025 ipsis
942 975 1177 1026 praehabitas
1197 989 1309 1027 super
1327 976 1481 1014 decimis
1505 991 1598 1027 quas
1616 991 1636 1015 a
1655 979 1823 1029 personis
1841 979 1985 1021 ordinis

447 1035 660 1085 exigebant,
683 1034 730 1070 ab
753 1033 892 1070 eisdem
917 1033 1086 1083 personis
1114 1033 1257 1071 ordinis
1277 1034 1374 1071 intra
1393 1034 1577 1072 dictarum
1598 1035 1890 1074 decimationum
1910 1041 1987 1076 ter*-

447 1093 569 1130 minos
591 1092 801 1129 constitutis
823 1092 1029 1129 secundum
1051 1093 1208 1129 sormam
1228 1093 1505 1131 constitutionis
1531 1107 1643 1145 super
1660 1095 1732 1132 hoc
1747 1095 1868 1133 editae
1886 1096 1986 1135 leva-

446 1157 594 1198 rentur,
623 1152 660 1188 in
688 1156 815 1188 octava
836 1151 1068 1202 Epiphaniae
1092 1155 1182 1188 tunc
1205 1152 1394 1202 sequentis
1412 1152 1562 1190 Parisiis
1581 1154 1862 1204 persolvendae,
1880 1155 1987 1206 cujus

447 1210 636 1262 integralis
662 1223 830 1247 summae
855 1210 1066 1260 praedictae
1092 1209 1160 1247 XX
1186 1210 1288 1247 milia
1316 1210 1392 1261 regi
1418 1211 1592 1258 Ceciliae,
1617 1213 1744 1250 decem
1771 1227 1860 1252 vero
1884 1209 1986 1252 milia

446 1270 522 1320 regi
550 1269 727 1306 Franciae
755 1268 932 1318 assignari
961 1268 1157 1305 debebant.
1178 1269 1281 1306 Aliae
1298 1283 1386 1306 vero
1412 1270 1559 1308 additae
1579 1276 1666 1308 sunt
1692 1278 1728 1308 et
1745 1272 1897 1310 suerunt
1918 1286 1987 1325 pro

446 1328 617 1379 expensis
629 1327 732 1364 factis
747 1331 782 1363 et
791 1327 901 1364 etiam
918 1327 1108 1364 faciendis.
1123 1327 1317 1364 Caeterum
1327 1328 1374 1364 de
1389 1328 1559 1378 portione
1569 1335 1806 1380 praenotatae
1819 1345 1988 1370 summae

447 1387 555 1436 nobis
573 1385 907 1423 Clarevallensibus
931 1386 1185 1433 incumbente,
1211 1387 1384 1424 videlicet
1404 1387 1472 1424 de.
1490 1417 1497 1424 .
1518 1417 1525 1424 .
1542 1417 1569 1434 .,
1589 1389 1683 1426 sacta
1709 1391 1988 1441 computatione

448 1444 655 1482 secundum
670 1444 896 1481 taxationem
911 1449 1060 1481 octavae
1074 1445 1189 1495 partis
1207 1458 1331 1482 coram
1347 1446 1524 1484 omnibus
1534 1475 1543 1492 ,
1558 1451 1633 1484 tam
1652 1447 1851 1486 abbatibus
1872 1462 1987 1500 quam

446 1502 767 1554 procuratoribus,
792 1507 881 1539 tunc
905 1502 956 1540 ibi
981 1503 1238 1553 praesentibus
1257 1504 1326 1541 tria
1344 1504 1447 1541 milia
1466 1504 1677 1542 defuerunt.
1706 1506 1821 1544 Porro
1840 1508 1988 1545 nemine

447 1568 536 1600 tunc
552 1562 603 1599 ibi
619 1575 687 1612 pro
706 1575 791 1613 rege
805 1562 952 1599 Siciliae
971 1567 1228 1613 comparente,
1243 1567 1279 1600 et
1297 1577 1381 1614 rege
1400 1564 1577 1602 Franciae
1595 1565 1641 1602 de
1657 1570 1733 1603 rata
1751 1567 1875 1618 ipsum
1895 1581 1988 1606 con-

447 1622 611 1672 tingente
632 1621 801 1658 inducias
830 1621 1074 1668 concedente,
1101 1626 1240 1659 vestras
1267 1623 1462 1660 vobiscum
1489 1625 1666 1674 pecunias
1691 1625 1880 1664 retulistis.
1904 1626 1987 1664 Non

448 1680 567 1716 multo
586 1683 685 1729 post,
705 1679 801 1715 sicut
817 1679 906 1716 alias
925 1679 1032 1716 vobis
1050 1680 1284 1730 scripsimus,
1303 1681 1420 1718 nostri
1441 1682 1584 1719 ordinis
1601 1683 1808 1721 cardinales
1826 1696 1988 1729 unacum

447 1738 751 1788 procuratoribus
770 1738 905 1775 nostris
923 1738 1152 1776 unanimiter
1174 1739 1283 1777 nobis
1309 1741 1498 1783 monendo
1519 1746 1554 1778 et
1575 1742 1806 1780 consulendo
1829 1743 1989 1795 scripse·

449 1803 537 1835 runt
551 1802 592 1834 ut
609 1797 814 1834 secundum
831 1798 1139 1848 compositionem
1158 1813 1272 1849 quam
1291 1801 1505 1838 asserebant
1523 1801 1619 1838 inter
1638 1802 1737 1852 ipsos
1757 1806 1793 1839 et
1810 1815 1990 1853 procura-

448 1861 544 1894 tores
563 1855 651 1892 dicti
677 1855 820 1892 domini
842 1856 937 1907 regis
961 1857 1108 1894 Siciliae
1125 1858 1320 1895 formatam
1347 1863 1383 1895 et
1405 1860 1510 1910 quasi
1536 1860 1736 1906 firmatam,
1759 1860 1862 1899 XXX
1886 1862 1989 1899 milia

449 1915 629 1952 librarum
646 1914 683 1950 in
700 1914 880 1951 nundinis
899 1915 945 1951 de
964 1915 1080 1952 Bari-0
1095 1919 1185 1952 tunc
1203 1917 1445 1967 sequentibus
1465 1917 1574 1954 certis
1589 1918 1858 1956 mercatoribus
1875 1919 1991 1956 solve-

449 1987 589 2020 remus,
618 1973 647 2010 si
675 1973 898 2010 solutionem
932 1974 1119 2025 integralis
1150 1979 1185 2012 et
1217 1975 1407 2012 triennalis
1433 1976 1600 2013 decimae
1629 1977 1766 2014 evitare
1798 1977 1987 2016 vellemus.

449 2032 564 2071 Nobis
583 2036 705 2068 antem
724 2036 887 2082 quatuor
906 2033 1037 2083 primis
1054 2033 1269 2080 abbatibus,
1293 2047 1366 2071 una
1387 2047 1472 2071 cum
1499 2035 1702 2073 reverendo
1732 2041 1859 2074 nostro
1885 2041 1990 2088 patre

448 2092 679 2130 Cisterciensi
708 2097 743 2129 et
767 2093 847 2130 aliis
869 2094 1043 2144 pluribus
1064 2094 1308 2131 coabbatibus
1333 2095 1488 2142 nostris,
1509 2096 1704 2133 occasione
1722 2097 1835 2147 hujus
1855 2110 1990 2148 repen-

450 2153 518 2189 tini
537 2152 697 2189 rumoris
714 2152 751 2188 in
770 2152 933 2203 quadam
955 2157 1079 2190 nostra
1098 2154 1251 2204 grangia
1268 2155 1512 2204 personaliter
1534 2155 1744 2193 constitutis
1763 2161 1799 2193 et
1817 2157 1863 2194 de
1881 2170 1991 2207 prae-

450 2212 522 2247 fata
540 2210 692 2247 materia
713 2210 779 2247 diu
802 2211 1118 2262 disceptantibus,
1144 2218 1257 2263 prout
1283 2213 1372 2251 alias
1398 2214 1503 2251 vobis
1524 2214 1766 2252 meminimus
1785 2227 1853 2252 nos
1871 2215 1991 2266 scrip—

449 2269 550 2315 sisse,
564 2269 609 2305 ad
624 2269 695 2306 hoc
709 2269 1139 2308 finaliterestdeventum
1155 2276 1197 2308 ut
1212 2285 1278 2309 nos
1293 2273 1591 2319 Clarevallenses,
1605 2273 1815 2310 secundum
1831 2273 1989 2310 formam

451 2328 592 2379 primae
611 2327 804 2364 divisionis
822 2342 886 2365 seu
906 2329 1132 2379 partitionis,
1158 2330 1203 2367 de
1222 2330 1324 2368 XXX
1344 2331 1497 2368 milibus
1518 2331 1627 2368 nobis
1646 2330 1830 2382 impositis
1857 2330 1989 2382 viginti

451 2399 570 2422 unum
589 2385 691 2422 milia
716 2387 952 2425 solveremus.
974 2388 1031 2425 Ad
1050 2389 1121 2425 hoc
1144 2394 1268 2426 autem
1291 2394 1333 2426 ut
1353 2394 1441 2427 tunc
1461 2390 1571 2426 etiam
1594 2390 1807 2427 levarentur
1824 2389 1895 2426 alia
1913 2389 1990 2427 duo

453 2442 554 2480 milia
579 2443 625 2479 ad
649 2456 742 2493 opus
761 2445 856 2494 regis
876 2446 1051 2483 Franciae
1069 2452 1267 2501 reservata,
1292 2450 1463 2498 quamvis
1486 2448 1556 2485 hoc
1582 2447 1690 2485 nobis
1714 2447 1830 2498 aliqui
1854 2448 1989 2485 suade-
