2184 3074
444 223 518 260 456
997 221 1156 273 CODEX
1183 222 1428 261 DUNENSIS.

445 342 485 375 ut
505 338 642 375 intuitu
660 338 728 375 Dei
752 342 788 374 et
806 337 908 374 Beati
928 337 1085 386 Remigii
1113 337 1342 376 Francorum
1359 340 1516 390 apostoli
1534 344 1571 377 et
1587 354 1741 391 precum
1762 346 1974 381 nostrarum

448 396 657 434 interventu
687 395 848 445 benigne
879 395 1081 446 recipiatis,
1111 396 1220 446 eique
1251 397 1552 436 sustentationem
1586 399 1701 437 victui
1733 402 1975 440 necessariam

449 454 613 491 hilariter
628 453 803 490 exhibere
820 453 1025 504 dignemini
1039 458 1076 491 et
1088 454 1187 491 diem
1201 467 1277 505 quo
1291 456 1338 493 ad
1351 470 1417 494 vos
1431 458 1574 496 venerit
1586 460 1708 497 rotulo
1722 464 1850 498 nostro
1863 460 1976 499 inseri

449 511 673 563 procuretis,
691 511 819 548 scituri
847 524 915 548 nos
934 511 1041 549 vobis
1060 525 1128 549 suo
1157 517 1321 564 tempore
1333 514 1468 552 similia
1485 516 1598 554 corde
1611 522 1786 568 prompto
1802 522 1838 555 et
1851 518 1986 557 auimo

448 570 584 608 volenti
604 574 958 620 recompensaturos.

1160 684 1269 694 —dDO-o

1144 837 1294 874 CCClll.

703 954 812 991 Bulle
837 954 880 990 de
908 953 1070 991 Clement
1085 953 1124 991 V
1142 966 1212 990 sur
1235 953 1267 990 le
1286 956 1414 1003 proces
1435 953 1734 1006 desTempliera.

501 1158 669 1195 Clemens
683 1158 893 1209 episcopus,
911 1172 1038 1196 servus
1052 1172 1242 1196 servorum
1261 1159 1348 1206 Dei,
1362 1159 1498 1197 dilecto
1516 1160 1594 1198 filio
1615 1190 1622 1197 .
1643 1190 1651 1198 .
1671 1190 1679 1198 .
1697 1161 1823 1198 abbati
1838 1172 1982 1198 monas*

453 1215 532 1252 terii
569 1216 958 1266 praemonstratensis,
993 1217 1251 1254 Laudunensis
1281 1217 1651 1267 dyocesis,'salutem
1680 1223 1717 1256 et
1739 1219 1980 1269 apostolicam

451 1273 760 1311 benedictionem.

500 1334 672 1384 chnans
690 1334 729 1370 in
753 1334 864 1371 coelis
882 1334 1118 1385 triumphans
1136 1335 1303 1382 ecclesia,
1322 1335 1429 1385 cujus
1447 1339 1573 1386 pastor
1595 1339 1650 1372 est
1666 1340 1771 1386 pater
1794 1339 1981 1381 aeternus,

452 1392 511 1429 cui
531 1397 742 1430 sanctorum
761 1392 974 1430 ministrant
986 1393 1133 1444 agmina
1148 1398 1183 1430 et
1199 1393 1318 1430 laudis
1335 1394 1490 1444 gloriam
1504 1394 1719 1445 angelorum
1735 1393 1839 1431 chori
1854 1394 1984 1430 decan-

451 1456 548 1495 tant,
576 1452 614 1487 in
642 1451 748 1487 terris
775 1451 822 1487 ad
849 1451 906 1488 sui
933 1451 1217 1488 similitudinem
1236 1456 1272 1489 et
1288 1452 1659 1503 repraesentationem
1679 1451 1840 1489 instituit
1855 1450 1985 1488 Eccle-

454 1510 544 1547 siam
572 1510 813 1555 militantem,
842 1510 1036 1561 unigenito
1066 1510 1144 1547 filio
1177 1510 1244 1547 Dei
1270 1510 1345 1547 vivi
1372 1510 1526 1548 domino
1554 1514 1681 1548 nostro
1702 1510 1818 1548 Jhesu
1837 1509 1983 1547 Christo

455 1569 632 1606 ineffabili
665 1568 888 1605 commercio
919 1569 1148 1619 copulatam,
1184 1569 1222 1605 in
1255 1582 1329 1619 qua
1365 1569 1462 1606 idem
1495 1568 1712 1620 unigenitus
1736 1568 1805 1605 Dei
1835 1568 1934 1606 filius
1963 1581 1985 1605 a

455 1633 558 1679 patre
592 1628 832 1679 progrediens
869 1641 935 1678 per
971 1628 1255 1665 illustrationem
1293 1629 1461 1666 Paracliti
1498 1628 1732 1680 procedentis
1769 1628 1909 1679 pariter
1937 1627 1985 1673 ab

455 1692 629 1738 utroque,
656 1687 783 1724 statuit
813 1687 899 1723 fidei
928 1687 1224 1724 fundamentum.
1251 1687 1346 1725 Sane
1371 1689 1538 1726 Romana
1563 1687 1730 1734 ecclesia,
1749 1691 1866 1724 mater
1889 1687 1986 1724 alma

456 1746 640 1791 fidelium,
663 1750 774 1796 caput
791 1750 859 1792 est,
883 1745 1103 1796 disponente
1120 1746 1300 1792 Domino,
1319 1747 1556 1783 ecclesiarum
1576 1747 1746 1784 omnium
1764 1746 1921 1783 aliarum
1947 1749 1984 1782 et

457 1804 646 1855 magistra,
673 1818 692 1841 a
719 1817 793 1854 qua
816 1804 930 1841 veluti
957 1818 977 1841 a
998 1804 1190 1855 primitivo
1214 1805 1315 1842 fonte
1338 1805 1384 1842 ad
1411 1805 1575 1855 singulas
1600 1805 1689 1842 alias
1711 1804 1877 1854 ejusdem
1901 1803 1986 1841 fidei

457 1862 567 1899 rivuli
599 1862 833 1908 derivantur,
860 1862 906 1898 ad
933 1862 1040 1911 cujus
1065 1863 1229 1913 regimen
1254 1863 1373 1900 voluit
1398 1863 1534 1901 Christi
1559 1862 1752 1900 clementia
1778 1863 1986 1900 Romanum

457 1920 669 1971 pontificem
700 1920 781 1956 vice
810 1920 867 1957 sui
898 1920 1076 1970 deputare
1107 1921 1338 1968 ministrum,
1368 1926 1410 1958 ut
1445 1921 1726 1958 instructionem
1754 1924 1866 1970 atque
1895 1919 1987 1956 doc—

458 1980 590 2016 trinam
619 1979 735 2029 ipsius
761 1979 912 2030 eloquio
935 1980 1099 2017 veritatis
1129 1981 1373 2032 ewangelicae
1398 1981 1568 2018 traditam
1593 1979 1716 2017 cuncti
1743 1978 1861 2016 renati
1886 1979 1988 2015 fonte

457 2038 687 2088 baptismatis
714 2042 862 2075 teneant
884 2042 919 2075 et
942 2043 1179 2085 conservent,
1199 2044 1238 2076 ut
1262 2039 1327 2090 qui
1350 2039 1421 2076 sub
1443 2039 1512 2076 hac
1528 2038 1697 2076 doctrina
1721 2050 1871 2074 cursum
1888 2035 1986 2073 vitae

457 2100 552 2132 recte
580 2096 804 2146 peregerint,
824 2097 914 2133 salvi
938 2097 1045 2143 fiant,
1063 2097 1128 2148 qui
1147 2111 1235 2134 vero
1253 2098 1301 2134 ab
1323 2111 1364 2134 ea
1386 2097 1632 2143 deviaverint,
1655 2095 1986 2145 condempnentur.

457 2154 537 2204 lpsa
558 2167 690 2204 nempe
707 2155 875 2192 Romana
897 2161 1015 2192 mater
1040 2156 1191 2193 ecclesia
1211 2156 1319 2206 juxta
1341 2156 1562 2206 exigentiam
1580 2154 1837 2206 possibilitatis
1854 2152 1987 2203 ipsius,

457 2213 501 2249 ad
517 2218 667 2249 cunctas
682 2213 783 2251 orbis
798 2214 1028 2264 provincias,
1044 2215 1081 2251 in
1099 2215 1238 2265 quibus
1252 2215 1370 2252 divini
1386 2215 1548 2252 nominis
1562 2214 1682 2251 cultus
1694 2213 1810 2264 viget,
1825 2211 1987 2261 fideique

456 2271 658 2307 catholicae
683 2272 916 2309 observantia
953 2274 1098 2320 rutilat,
1134 2273 1311 2311 intuitum
1346 2274 1496 2311 sedulae
1524 2270 1831 2310 considerationis
1855 2274 1985 2307 exten-

456 2331 565 2375 dens,
585 2342 626 2366 ac
643 2330 829 2367 subiciens
853 2331 900 2368 ab
922 2331 1011 2368 olim
1038 2345 1125 2369 suae
1150 2332 1456 2369 considerationis
1479 2330 1640 2369 examini
1666 2330 1864 2366 diuturnae
1889 2326 1988 2364 cala-
