2184 3074
443 304 516 341 288
996 299 1156 336 CODEX
1182 298 1430 337 DUNENSIS.

443 420 615 458 scandala
633 425 670 456 et
686 419 895 455 animarum
915 417 1080 468 pericula
1100 417 1138 453 in
1161 417 1260 453 clero
1279 421 1315 454 et
1337 417 1478 468 populo
1497 422 1584 455 sunt
1606 423 1750 466 exorta,
1769 432 1856 456 cum
1882 420 1985 471 peri-

441 481 525 517 culo
544 479 781 517 subditorum
800 481 1011 514 nostrorum
1031 489 1194 526 quorum
1213 476 1363 526 sanguis
1391 476 1430 512 in
1454 476 1624 514 districto
1648 477 1819 522 examine
1835 491 1856 516 a
1875 479 1984 516 nobis

443 539 654 589 requiretur
669 536 863 581 manibus,
881 535 1098 585 praesertim
1117 547 1202 571 cum
1229 534 1266 571 in
1291 534 1531 585 suscipiendo
1552 548 1676 573 coram
1705 536 1874 587 ipsorum
1896 549 1986 575 nos-

444 601 517 633 tras
532 595 820 646 obligaverimus
839 593 982 630 animas
1000 606 1068 643 pro
1087 593 1225 629 eisdem
1238 622 1247 638 a
1275 597 1311 629 et
1329 593 1414 630 licet
1432 593 1558 643 plures
1582 597 1757 632 tractatus
1775 594 1893 632 habiti
1912 595 1986 633 sint

446 654 533 691 hinc
550 660 585 690 et
603 653 690 689 inde
707 652 778 700 (vel
798 651 866 700 sic)
886 651 969 687 licet
983 651 1108 701 plures
1125 655 1298 687 tractatus
1317 651 1531 688 amicabiles
1549 664 1634 688 cum
1650 652 1826 689 fratribus
1844 652 1987 690 habue-

445 715 561 750 rimus
589 711 818 755 memo'ratis„
847 724 912 760 per
936 723 1030 760 quos
1052 710 1294 747 credebamus
1320 710 1457 747 evitare
1479 711 1643 760 pericula
1669 716 1705 747 et
1726 711 1898 748 scandala
1922 725 1987 749 su-

446 771 610 821 pradicta
629 775 665 806 et
685 769 893 820 praedictos
913 768 1160 805 amicabiliter
1177 769 1352 805 inducere
1371 773 1413 805 ut
1438 769 1698 819 resipiscerent
1716 774 1753 806 et
1769 769 1987 807 desisterent

445 829 492 865 ab
511 829 682 878 incoepto
704 832 739 863 et
757 827 859 877 quod
883 827 952 876 ipsi
977 840 1051 863 non
1077 833 1357 877 praesumerent
1373 827 1587 878 pontificale
1604 828 1770 864 officium
1789 841 1987 879 usurpare7

446 888 544 937 ipsos
564 892 685 923 tamen
704 886 750 921 ad
771 885 807 921 id
826 885 974 921 allicere
993 891 1239 935 nequeuntes7
1260 899 1406 923 necesse
1426 886 1627 923 habuimus
1645 900 1758 937 super
1776 891 1849 923 tam
1868 886 1987 923 arduo

446 951 480 981 et
500 942 708 994 periculoso
737 944 884 994 negotio
916 943 1145 994 provinciale
1168 944 1365 981 consilium
1393 958 1615 988 convocare2
1642 945 1720 982 Deo
1742 945 1922 995 propitiQ
1949 945 1987 981 in

447 1003 577 1039 eodem
612 1002 760 1052 negotio
795 1002 943 1038 salubre
974 1002 1172 1039 consilium
1205 1003 1428 1052 quaesituri,
1460 1008 1496 1040 et
1526 1003 1677 1040 demum
1711 1002 1988 1041 venerabilibus

446 1061 621 1098 fratribus
641 1061 775 1098 nostris
794 1060 993 1110 praedictis
1008 1061 1249 1111 suffraganeis
1261 1091 1269 1107 7
1289 1062 1594 1112 procuratoribus
1612 1062 1909 1099 chathedralium
1927 1075 1990 1098 ec-

446 1119 656 1163 clesiarum.,
689 1118 906 1164 abbatibuS,
937 1119 1142 1168 prioribus„
1174 1119 1484 1156 conventualibus
1516 1133 1591 1156 non
1622 1120 1803 1170 exemptis
1835 1125 1872 1156 et
1906 1120 1988 1158 aliis

445 1179 681 1215 ecclesiarum
706 1178 878 1228 praelatis
902 1179 1086 1228 praefatae
1109 1179 1323 1229 provinciae
1347 1179 1412 1230 qui
1431 1179 1478 1215 ad
1502 1179 1572 1215 hoc
1590 1179 1747 1215 vocandi
1766 1178 1906 1215 fuerint
1922 1191 1990 1215 vo·

446 1238 535 1274 catis
559 1251 625 1288 per
651 1250 719 1274 nos
739 1237 1062 1288 archiepiscopum
1089 1237 1344 1288 supradictum
1373 1237 1419 1274 ad
1445 1238 1543 1274 diem
1548 1266 1683 1274 ......
1706 1237 1751 1273 ad
1767 1236 1990 1286 jamdictum

447 1300 665 1344 consilium,
686 1299 852 1349 ipsisque
880 1299 1136 1349 praesentibus
1161 1300 1198 1336 in
1223 1300 1352 1336 eodem
1377 1300 1581 1337 deliberato
1610 1300 1767 1336 consilio
1789 1299 1988 1336 statuimus

447 1364 615 1395 nostrum
643 1358 832 1401 omnium„
859 1372 1003 1395 necnon
1031 1364 1315 1409 procuratorum
1337 1360 1491 1396 fratrum
1513 1364 1724 1396 nostrorum
1744 1358 1989 1396 Suessionen-

446 1418 494 1455 sis
519 1422 555 1454 et
579 1418 853 1454 Cameracensis
885 1418 1161 1468 episcoporum„
1195 1419 1240 1454 de
1270 1431 1432 1469 quorum
1464 1418 1630 1455 absentia
1663 1423 1751 1455 tunc
1779 1418 1989 1462 constabat,

447 1478 511 1528 qui
531 1477 683 1527 quidem
712 1482 970 1527 procuratores
989 1477 1034 1513 ad
1064 1477 1134 1514 hoc
1152 1477 1341 1514 habebant
1359 1477 1516 1528 speciale
1534 1477 1769 1523 mandatum2
1787 1477 1990 1513 multorum

444 1536 621 1572 abbatum
641 1540 676 1571 et
693 1535 941 1585 praelatorum
969 1535 1135 1584 ejusdem
1155 1535 1368 1585 provinciae
1398 1549 1581 1573 consensu
1593 1540 1639 1572 'et
1656 1535 1766 1572 etiam
1781 1535 1987 1580 voluntate,

447 1594 677 1644 praedictum
695 1594 885 1643 negotium
905 1594 943 1631 in
966 1594 1068 1630 curia
1100 1595 1264 1631 Romana
1287 1608 1405 1644 usque
1432 1594 1478 1630 ad
1502 1594 1619 1645 ipsius
1647 1594 1796 1631 totalem
1835 1593 1990 1643 expedi-

447 1653 585 1689 tionem
603 1652 799 1689 statuimus
818 1652 1122 1702 prosequendum
1142 1657 1176 1689 et
1195 1652 1428 1689 decrevimus
1447 1652 1664 1688 auctoritate
1679 1651 1826 1688 consilii
1846 1664 1990 1688 meme-

447 1711 527 1747 rati.
546 1712 592 1747 Et
609 1711 696 1761 quia
715 1711 811 1748 circa
830 1711 947 1761 ipsius
966 1711 1264 1761 prosecutionem
1285 1724 1432 1748 necesse
1451 1710 1631 1747 habemus
1649 1723 1829 1760 expensas
1854 1709 1989 1753 facere,

449 1783 592 1806 necnon
608 1769 704 1806 circa
723 1770 1013 1819 supplicationes
1031 1775 1158 1806 contra
1178 1770 1355 1806 abusores
1373 1761 1578 1806 litterarum
1599 1768 1887 1819 apostolicarum
1899 1796 1908 1812 ‚
1926 1780 1993 1818 per

447 1841 539 1878 quas
556 1832 629 1863 tam
648 1827 770 1863 clerici
790 1841 903 1877 quam
924 1828 1006 1863 laici
1028 1827 1193 1876 ejusdem
1215 1828 1428 1878 provinciae
1446 1840 1575 1877 graves
1589 1827 1754 1876 jacturas
1773 1830 1808 1862 et
1825 1825 1987 1876 dampna

449 1886 709 1922 intollerabilia
728 1886 940 1936 patiuntur,
969 1891 1004 1922 et
1022 1886 1092 1922 alia
1113 1886 1259 1936 negotia
1282 1886 1514 1936 saepedictae
1534 1885 1748 1935 provinciae
1766 1897 1992 1934 promoven÷

448 1945 515 1980 dae
536 1957 683 1981 summo
710 1944 878 1994 pontifici
906 1945 1092 1988 facienda„
1127 1945 1162 1981 in
1196 1945 1325 1981 eodem
1358 1944 1514 1981 consilio
1539 1943 1807 1980 deliberatione
1834 1943 1991 1993 provida

447 2003 644 2039 statuimus
663 2003 766 2052 quod
795 2016 862 2039 nos
889 2003 1100 2052 praedictus
1127 2003 1319 2041 Remensis
1345 2002 1648 2053 archiepiscopus
1677 2006 1712 2038 et
1732 2001 1992 2051 unusquisque

447 2062 642 2111 episcopus
678 2061 997 2112 suffraganeorum
1036 2067 1248 2099 nostrorum
1285 2061 1498 2098 vicesimam
1530 2061 1747 2098 reddituum
1779 2064 1991 2096 nostrorum

450 2121 536 2156 anni
556 2121 760 2170 praesentis
779 2121 922 2158 solvere
941 2126 1134 2158 teneamur
1154 2122 1249 2158 infra
1269 2122 1409 2158 instans
1429 2121 1568 2158 Pascha
1588 2133 1656 2171 pro
1675 2119 1815 2156 eisdem
1834 2118 1991 2169 negotiis

451 2179 732 2228 prosequendis.
751 2180 797 2216 Et
813 2180 900 2230 quia
919 2185 1072 2230 paterna
1093 2181 1242 2217 dilectio
1270 2186 1306 2217 et
1323 2181 1471 2218 devotio
1490 2180 1613 2217 filialis
1632 2180 1733 2216 illam
1753 2178 1992 2216 insolubilem

451 2237 626 2273 unionem
649 2238 744 2274 inter
762 2251 800 2275 se
820 2239 952 2275 merito
972 2240 1172 2276 vendicant
1189 2239 1291 2289 quod
1311 2243 1414 2289 pater
1432 2243 1467 2276 et
1491 2239 1590 2275 filius
1613 2237 1799 2289 quicquid
1823 2236 1862 2273 in
1881 2236 1994 2286 hujus

450 2296 506 2332 vel
535 2296 634 2332 illius
665 2297 789 2333 animo
820 2298 961 2347 geritur
988 2298 1290 2349 praecordialiter
1317 2299 1481 2335 sentiunt
1513 2302 1549 2334 et
1576 2297 1764 2342 affectant,
1792 2308 1859 2332 nec
1887 2294 1994 2331 aliter

450 2367 561 2404 quam
589 2354 634 2390 ad
660 2356 898 2405 semetipsum
929 2358 1124 2407 oportunis
1157 2357 1387 2407 temporibus
1414 2357 1573 2393 recurrit
1609 2355 1700 2392 alter
1727 2354 1773 2391 ad
1815 2354 1992 2397 alterum7

451 2424 534 2447 eum
557 2411 626 2447 hoc
652 2413 783 2449 caritas
810 2413 940 2450 innuat
965 2419 1000 2451 et
1026 2415 1193 2451 debitum
1221 2416 1344 2464 exigat
1372 2414 1592 2457 honestatis„
1619 2413 1656 2449 in
1681 2411 1810 2465 eodem
1837 2411 1994 2447 consilio
