2184 3074
423 312 494 350 576
911 311 1065 348 TABLE
1092 309 1185 348 DES
1212 299 1464 348 MATIERES.

423 478 544 514 Lettre
562 476 604 513 de
623 475 853 520 Guillaume,
874 475 1004 525 e'veque
1022 474 1236 519 d'Amiens,
1255 474 1279 511 ἀ
1298 473 1443 520 Οἱίἱοη,
1461 473 1683 525 archeveque
1695 474 1739 512 de
1753 474 1863 519 Sens,

469 535 620 571 relative
637 547 716 571 auoe
733 533 876 583 conflits
897 532 958 570 des
973 532 1114 582 prelats
1132 538 1164 570 et
1180 532 1243 570 des
1261 533 1396 570 Freres
1413 533 1582 570 anineurs
1606 561 1860 569 .....
1913 531 1962 569 25

421 594 515 631 Jean
533 593 576 630 de
593 593 771 643 Hollainq
789 592 958 642 s'enyaye
975 593 999 629 ὰ
1015 593 1187 630 restituer
1212 605 1249 629 ce
1274 592 1368 643 qu'il
1391 605 1414 630 a
1436 593 1628 642 emprunte
1650 593 1673 629 ἀ
1690 591 1866 630 Arnould

470 652 513 689 de
530 651 776 702 Maldeqhem,
793 651 972 688 chanoine
989 651 1033 688 de
1056 652 1234 701 Tournay
1238 679 1862 688 ...........
1914 649 1962 686 25

424 710 556 749 L'abbe'
572 711 616 748 cle
632 710 899 748 Saint-Aubert
923 710 967 748 de
991 709 1176 760 Gambray
1200 710 1365 748 ordonne
1383 710 1427 747 de
1439 722 1562 760 payer
1578 710 1602 747 ὰ
1619 722 1672 747 un
1689 708 1867 747 chanoine

471 770 515 807 de
533 770 675 820 Bruyes
691 782 728 806 ce
746 770 812 820 qui
828 768 884 806 lui
900 774 951 806 est
968 769 1019 806 du
1056 795 1862 805 ..............
1915 764 1964 803 26

423 828 582 877 Re'ponse
600 841 650 865 au
669 827 903 864 mandement
916 827 1112 878 precedent
1113 855 1677 863 ..........
1731 837 1739 862 ·.
1773 856 1777 860 .
1793 854 1801 861 .
1856 854 1863 861 .
1915 824 1963 862 27

422 886 657 923 Mandement
673 885 716 922 de
735 885 891 936 l'eveque
915 885 959 922 de
989 886 1169 935 Tournay
1192 884 1330 935 relatis
1344 885 1367 922 ἀ
1389 884 1427 922 la
1453 884 1694 922 delimitation
1713 883 1775 921 des
1794 895 1866 933 pa-

472 946 603 982 roisses
623 971 1868 981 ....................
1919 940 1966 978 ib.

425 1003 604 1053 L’offi'cial
620 1003 785 1041 d'Arras
809 1003 945 1040 mande
966 1016 1016 1040 au
1039 1003 1156 1053 doyen
1174 1003 1217 1040 de
1236 1003 1273 1041 la
1292 1002 1487 1040 chritiente'
1503 1002 1547 1040 de
1567 1003 1663 1040 Lens
1680 1002 1724 1040 de
1740 1001 1870 1040 veiller

473 1075 552 1099 amc
570 1063 716 1099 inte'rets
733 1062 840 1100 d’une
852 1075 998 1112 pauvre
1016 1062 1150 1113 femme
1165 1063 1329 1100 nomme'e
1346 1063 1474 1113 Burqe
1492 1061 1611 1100 Leslet
1622 1067 1656 1099 et
1669 1061 1713 1098 de
1725 1073 1768 1099 sa
1780 1059 1868 1111 fille.
1918 1059 1968 1098 28

427 1121 598 1171 L'e'veque
621 1121 664 1158 de
686 1121 864 1171 Tournay
890 1121 963 1171 fait
983 1123 1176 1159 connaitre
1200 1121 1294 1172 qu'il
1314 1134 1338 1158 a
1366 1133 1454 1170 recu
1475 1120 1519 1158 de
1544 1119 1660 1158 l'abbe
1683 1119 1729 1157 de
1749 1118 1871 1157 Saint-

477 1180 604 1216 Bavon
623 1179 686 1216 des
705 1179 825 1217 lettres
842 1179 1012 1217 relatives
1031 1181 1054 1217 ἀ
1072 1180 1109 1217 la
1126 1180 1372 1217 construction
1390 1178 1479 1217 hors
1495 1179 1541 1216 de
1557 1178 1669 1217 Gand
1685 1177 1724 1215 d'
1723 1191 1777 1215 un
1797 1189 1870 1215 mo-

475 1240 620 1275 nastere
636 1238 680 1275 de
696 1237 791 1288 silles
814 1238 859 1275 de
883 1238 1022 1276 l'ordre
1045 1239 1089 1276 de
1115 1240 1286 1284 Citeauae,
1313 1243 1374 1275 etc.
1428 1267 1435 1274 .
1489 1267 1496 1273 .
1674 1266 1682 1273 .
1859 1265 1867 1272 .
1896 1277 1899 1280 ‚
1919 1234 1967 1273 29

428 1296 642 1334 Guillaume
661 1297 841 1342 Haderic,
861 1297 969 1342 clerc,
987 1309 1196 1347 procureur
1213 1297 1276 1334 des
1293 1302 1462 1334 couvents
1479 1296 1541 1333 des
1553 1297 1702 1340 Danas,
1717 1294 1762 1332 de
1779 1293 1871 1332 Tho-

474 1367 564 1401 san
581 1355 625 1392 de
643 1355 848 1401 Buudeloo,
866 1361 945 1400 etc„
961 1361 1118 1405 proteste
1135 1368 1203 1406 que
1229 1355 1279 1392 les
1307 1356 1446 1393 moines
1471 1367 1621 1392 convers
1647 1353 1711 1391 des
1734 1353 1872 1404 fermes

477 1414 540 1451 des
555 1414 708 1462 Quatre-
711 1415 857 1452 Metiers
871 1419 954 1451 sont
965 1419 1126 1463 emempts
1139 1413 1183 1451 de
1197 1419 1276 1451 tout
1285 1419 1483 1464 payement
1498 1413 1544 1451 de
1560 1413 1686 1451 dimes.
1739 1441 1748 1449 .
1800 1441 1808 1449 .
1862 1440 1870 1448 .
1921 1411 1963 1448 51

430 1472 548 1510 Ghoix
565 1473 627 1510 des
644 1473 853 1510 collecteurs
871 1473 967 1510 dans
986 1473 1017 1510 le
1035 1473 1172 1510 diocese
1190 1473 1234 1510 de
1252 1474 1373 1510 Reims
1376 1502 1685 1510 ......
1710 1490 1711 1493 =
1739 1501 1746 1508 .
1800 1501 1808 1508 .
1862 1500 1869 1507 .
1921 1470 1971 1508 54

431 1532 665 1569 Mandement
679 1531 816 1582 relatif
825 1545 906 1570 aux
921 1532 1079 1569 collectes
1097 1532 1193 1569 dans
1211 1532 1244 1569 le
1260 1532 1397 1570 diocese
1413 1532 1457 1569 de
1479 1532 1686 1582 Tournay.
1739 1559 1747 1567 .
1801 1559 1808 1566 .
1863 1559 1871 1566 .
1922 1529 1968 1568 ib.

430 1590 593 1627 Pouvoir
610 1590 730 1628 donne'
746 1603 824 1628 aux
841 1591 995 1640 prieurs
1012 1590 1038 1627 d
1042 1589 1232 1628 absoudre
1250 1590 1312 1628 des
1334 1595 1515 1628 sentences
1537 1590 1576 1628 d'
1576 1590 1873 1628 eaecommunica-
1942 1632 1947 1636 ‚

479 1650 553 1686 tion
570 1650 709 1697 porte'es
726 1654 847 1686 contre
865 1648 915 1686 les
933 1649 1070 1686 moines
1088 1655 1122 1685 et
1139 1648 1189 1686 les
1206 1649 1327 1699 freres
1345 1661 1497 1686 convers
1513 1647 1704 1699 coupables
1717 1648 1762 1686 de
1778 1649 1873 1686 voies

479 1707 522 1744 de
539 1707 610 1757 fait
630 1735 1873 1744 .....................
1923 1705 1972 1743 53

430 1767 550 1803 Lettre
567 1765 751 1803 relative
731 1779 755 1803 a
773 1766 810 1804 la
828 1766 987 1804 de'tresse
1004 1766 1048 1804 de
1066 1766 1103 1804 la
1121 1766 1288 1804 Flandre
1309 1795 1873 1803 ..........
1924 1764 1973 1803 56

434 1825 641 1862 Testament
657 1825 682 1862 d
687 1815 815 1875 ’Eqide
832 1826 876 1862 de
896 1826 1020 1863 Beerst
1067 1854 1872 1862 ..............
1925 1823 1971 1862 ib.

431 1884 487 1920 La
504 1889 671 1920 comtesse
688 1884 916 1934 Maryuerite
932 1889 966 1921 et
982 1883 1014 1921 le
1031 1890 1142 1922 comte
1159 1885 1251 1930 Gui,
1273 1896 1341 1922 son
1359 1883 1439 1934 fils,
1460 1883 1680 1934 confirment
1701 1883 1752 1922 les
1774 1883 1874 1921 biens
1904 1927 1911 1934 ι

480 1941 524 1978 de
543 1941 704 1991 l'abbaye
721 1941 764 1979 de
787 1941 935 1980 Thosan
953 1948 987 1980 et
1003 1943 1041 1980 la
1055 1948 1238 2011 prennent
1255 1955 1341 1980 sous
1360 1942 1443 1980 leur
1454 1943 1688 1992 protection.
1742 1971 1748 1977 .
1804 1971 1812 1978 .
1924 1941 1972 1978 57

431 1999 462 2036 L
468 1999 564 2036 'abbe
580 1999 642 2037 des
661 2001 787 2038 Dunes
805 2004 996 2039 reconnait
1016 2003 1122 2039 avoir
1134 2000 1225 2039 'recu
1241 2001 1285 2039 de
1302 2000 1418 2040 Gilles
1436 2001 1479 2038 de
1497 2000 1609 2039 Gand
1625 2001 1663 2038 la
1679 2012 1815 2039 somme
1830 1971 1875 2038 de

480 2057 579 2097 deum
596 2064 694 2096 cents
714 2058 824 2096 livres
880 2088 1627 2097 .............
1663 2075 1666 2078 ⁴
1682 2088 1690 2096 .
1743 2087 1751 2096 .
1805 2087 1814 2095 .
1867 2087 1874 2095 .
1926 2057 1973 2095 59

431 2115 667 2153 De'claration
681 2116 725 2153 de
734 2117 905 2168 Jacques,
919 2118 976 2155 dit
987 2118 1182 2165 Alverdoe,
1197 2119 1241 2156 de
1253 2131 1298 2156 sa
1308 2118 1443 2169 femme
1459 2118 1511 2156 V
1496 2130 1633 2170 zrqmte
1645 2123 1679 2155 et
1690 2117 1734 2155 de
1745 2116 1878 2155 Sohier
1892 2141 1898 2151 1

479 2174 697 2270 ‹sshBoneem
714 2188 762 2226 qu
767 2176 826 2213 ’ils
843 2189 868 2213 n
873 2176 947 2214 ’ont
962 2178 1045 2215 rien
1062 2178 1086 2215 ἀ
1108 2177 1288 2215 re'clamer
1312 2177 1374 2215 des
1401 2176 1507 2215 abbe's
1533 2176 1596 2215 des
1622 2177 1751 2214 Dunes
1777 2181 1810 2213 et
1832 2175 1877 2213 de

543 2246 632 2271 osan
636 2263 1627 2274 .................
1667 2265 1690 2272 ..
1744 2264 1752 2272 .
1805 2263 1813 2271 .
1867 2262 1876 2271 .
1926 2233 1976 2271 40

432 2292 533 2329 Lettr
533 2306 550 2330 e
567 2293 610 2330 de
628 2293 740 2331 l'abbe'
756 2295 800 2332 de
817 2296 972 2334 Citeauae
988 2296 1139 2335 relative
1156 2298 1179 2334 ἀ
1204 2297 1242 2334 la
1267 2298 1516 2335 construction
1536 2296 1574 2334 d’
1574 2308 1647 2334 une
1671 2294 1877 2345 infirmer-ie

481 2352 576 2389 dans
594 2365 631 2390 ce
650 2357 854 2392 monastere
878 2382 1873 2394 ................
1926 2351 1987 2389 42-

378 2458 383 2463 .
431 2411 552 2447 Leltre
564 2411 608 2448 de
621 2411 777 2463 l’e'veque
790 2413 835 2450 de
852 2414 1030 2465 Tournay
1042 2427 1117 2464 par
1132 2415 1286 2466 laquelle
1300 2415 1330 2453 il
1341 2427 1480 2467 enyaqe
1493 2414 1525 2452 Ie
1539 2414 1658 2465 clerqe'
1670 2413 1722 2450 du
1740 2412 1876 2450 diocese
