2184 3074
457 332 528 368 104
1003 331 1165 368 CODEX
1190 330 1437 369 DUNENSlS.

453 451 548 487 fecit.
567 451 660 486 Ecce
679 450 786 497 longe
804 448 980 484 distantes
1003 448 1212 484 abinvicem
1236 448 1456 498 corporibus
1476 449 1692 486 coadunasti
1713 443 1879 488 celeriter
1896 456 1932 488 et
1950 452 1989 487 in

452 522 495 546 eo
519 509 684 559 ipsorum
710 507 852 543 animos
877 506 982 555 quasi
1008 506 1132 543 subito
1159 506 1386 555 conjunxisti
1418 507 1457 542 in
1488 520 1564 556 quo
1593 507 1682 544 alias
1713 508 1989 546 cohabitatione

453 567 670 616 conjunctos
699 566 807 614 longa
833 565 1010 601 dissentio
1036 565 1229 615 separavit.
1258 560 1356 602 Haec
1373 567 1555 615 profecto,
1579 566 1640 616 pie
1665 567 1798 613 Jhesu,
1825 568 1877 604 tui
1904 573 1992 605 sunt

453 625 636 670 muneris,
663 625 715 660 tui
743 623 851 669 doni,
875 623 940 673 qui
963 624 1062 673 pacis
1086 628 1121 660 et
1142 624 1289 660 virtutis
1315 629 1458 660 amator
1481 628 1638 674 utraque
1662 638 1781 662 unum
1809 626 1946 663 faciens
1972 639 1992 663 e

453 684 598 720 diverso
615 682 803 718 venientes
821 681 978 731 parietes
996 681 1159 718 univisti.
1178 682 1221 717 In
1240 681 1312 717 hiis
1332 682 1473 732 itaque,
1492 682 1576 719 licet
1592 695 1661 720 nos
1678 684 1800 733 gravis
1812 713 1822 730 ,
1836 697 1905 720 nec
1918 683 1992 720 im-

454 741 584 777 merito
606 745 736 790 stupor
754 739 948 784 invaserit,
967 739 1057 788 Ejus
1077 744 1199 775 tamen
1224 752 1336 789 quem
1359 739 1526 789 ipsorum
1545 745 1706 778 actorem
1726 741 1991 791 supponimus,

453 799 610 836 fideliter
633 803 668 834 et
691 797 881 834 humiliter
904 797 1137 841 confitemur,
1160 797 1408 833 consideratio
1431 798 1653 835 confortavit
1671 803 1712 835 ut
1735 800 1906 849 quamvis
1933 800 1994 836 in-

448 857 568 906 juncti
588 856 710 893 oneris
730 856 864 891 molem
884 854 1147 891 insufficientia
1171 859 1296 891 nostra
1321 855 1522 905 refugeret,
1551 855 1597 892 de
1622 857 1992 906 superhabundantia

452 921 574 952 tamen
602 914 846 965 plenitudinis
873 927 959 950 suae
978 913 1106 950 confisi
1126 913 1158 949 ei
1178 918 1325 950 nostrae
1343 913 1608 951 imbecillitatis
1633 915 1901 964 subjecerimus
1919 915 1992 952 im-

451 975 654 1024 perfectum
670 1003 678 1019 ,
706 977 892 1023 sperantes
919 972 1021 1022 quod
1052 972 1155 1022 operi
1189 985 1370 1009 manuum
1402 986 1554 1009 suarum
1586 974 1775 1010 dexteram
1807 974 1991 1025 porriget,

451 1047 518 1070 nec
543 1046 608 1069 nos
634 1033 672 1068 in
698 1032 1004 1082 praemeditatum
1032 1036 1067 1068 et
1092 1031 1251 1068 inscium
1274 1031 1517 1082 dispositione
1543 1046 1607 1069 sua
1633 1033 1671 1069 in
1704 1037 1778 1069 tam
1809 1033 1989 1083 profundi

451 1092 562 1128 maris
588 1091 783 1127 altitudine
807 1090 970 1140 positum
1001 1090 1245 1140 derelinquet.
1277 1090 1334 1126 Ad
1365 1091 1468 1140 quod
1499 1083 1709 1142 promptius
1740 1091 1989 1129 obtinendum

450 1155 657 1187 vestrorum
672 1149 933 1199 suffragiorum
952 1148 1235 1199 opitulationem
1255 1149 1503 1198 exquirimus,
1518 1149 1723 1186 studiosam
1740 1150 1778 1187 in
1795 1150 1866 1187 hoc
1881 1162 1990 1200 opem

450 1214 485 1245 et
504 1222 654 1258 operam
673 1208 900 1254 affectamus,
915 1207 1194 1243 universitatem
1212 1211 1372 1244 vestram
1386 1207 1586 1244 affectuose
1600 1212 1805 1253 monentes,
1820 1211 1991 1258 rogantes

451 1271 486 1303 et
504 1280 577 1316 qua
596 1279 795 1316 possumus
814 1266 986 1302 instantia
1007 1265 1244 1303 exhortantes
1268 1270 1452 1316 quatenus
1479 1270 1632 1316 pensato
1658 1265 1864 1303 consultius
1889 1266 1992 1316 quod

450 1325 488 1361 in
508 1330 649 1374 partem
668 1324 752 1361 estis
771 1329 893 1360 tantae
912 1323 1174 1361 sollicitudinis
1193 1325 1332 1361 evocati
1353 1324 1391 1360 in
1410 1324 1585 1374 gregibus
1604 1337 1713 1362 curae
1727 1328 1870 1360 vestrae
1888 1336 1993 1360 com-

450 1383 571 1420 missis
590 1396 657 1433 pro
676 1382 819 1419 viribus
838 1381 985 1418 solliciti
1000 1382 1158 1431 pastoris
1177 1386 1298 1431 partes
1318 1387 1522 1432 satagentes
1542 1383 1696 1432 implere
1719 1382 1837 1432 Moysi
1859 1394 1992 1419 manus

450 1442 610 1487 debiles,
629 1441 735 1490 cujus
754 1440 838 1476 licet
855 1439 1169 1476 insufficientibus
1188 1440 1329 1476 meritis
1348 1445 1481 1490 typum
1501 1441 1539 1476 in
1559 1440 1711 1477 Domini
1731 1440 1873 1490 populo
1892 1439 1992 1490 geri-

449 1513 551 1545 mus,
571 1500 700 1536 vestris
718 1497 1044 1535 intercessionibus
1065 1498 1276 1534 sustentetis
1298 1499 1397 1548 apud
1418 1498 1525 1534 lllum
1547 1499 1613 1549 qui
1639 1497 1857 1547 hujusmodi
1881 1497 1990 1534 nobis

449 1572 543 1595 onus
558 1558 755 1609 imposuit,
773 1555 915 1593 devotis
933 1555 1106 1605 precibus
1126 1556 1335 1593 insistentes
1355 1561 1396 1592 ut
1411 1569 1486 1593 non
1501 1556 1664 1606 patiatur
1678 1556 1796 1606 ipsius
1811 1555 1908 1592 mole
1924 1568 1991 1592 nos

449 1617 627 1666 opprimi,
646 1615 763 1666 ipsius
782 1626 953 1664 pressura
972 1613 1175 1659 substerni,
1192 1614 1255 1650 sed
1273 1614 1502 1650 debilitatem
1522 1619 1649 1651 nostro
1668 1626 1736 1651 suo
1760 1614 1895 1651 robore
1914 1613 1990 1650 ful-

449 1675 535 1720 ciat,
561 1687 701 1723 suaque
723 1673 858 1709 virtute
886 1671 1086 1716 confortet,
1111 1675 1152 1708 ut
1173 1671 1227 1708 sic
1250 1671 1289 1708 in
1312 1672 1499 1708 commissi
1526 1671 1778 1722 exequutione
1799 1671 1989 1724 regiminis

450 1734 529 1783 ejus
556 1745 826 1783 prosequamur
852 1730 1127 1780 beneplacitum
1155 1731 1257 1781 quod
1284 1735 1452 1767 aeternae
1485 1724 1741 1768 retributionis
1768 1730 1923 1781 gratiam
1954 1734 1991 1767 et

449 1805 650 1842 sequamur
668 1790 841 1826 attentius
859 1793 894 1825 et
912 1788 958 1824 de
975 1801 1063 1824 suae
1081 1788 1322 1839 benignitatis
1346 1789 1462 1839 gratia
1487 1789 1674 1826 efficacius
1704 1801 1988 1838 consequamur.
2016 1804 2019 1805 ⁷

449 1852 662 1895 Caeterum,
683 1850 811 1885 fratres
830 1852 864 1884 et
882 1846 965 1892 filii,
985 1846 1156 1883 affectum
1179 1847 1285 1884 vobis
1310 1847 1523 1884 caritativae
1544 1846 1784 1898 benignitatis
1805 1845 1990 1896 expandi-

449 1923 531 1946 mus
555 1913 590 1945 et
610 1909 733 1945 sinum
758 1907 919 1945 caritatis
939 1906 1079 1942 solidae
1099 1906 1303 1956 aperimus,
1320 1911 1569 1956 proponentes
1591 1910 1775 1956 quantum
1798 1918 1884 1942 oum
1911 1905 1990 1941 Deo

449 1967 653 2018 poterimus
672 1967 804 2003 honori
824 1970 946 2002 vestro
965 1965 1109 2001 deferre
1126 1977 1168 2001 ac
1186 1968 1306 2001 vestra
1327 1969 1363 2001 et
1388 1965 1628 2001 ecclesiarum
1651 1968 1858 2000 vestrarum
1885 1975 1988 1999 com—

449 2026 575 2072 moda,
594 2039 663 2076 pro
681 2025 820 2076 quibus
839 2025 884 2061 ad
905 2037 970 2061 nos
987 2037 1176 2060 recurrere
1196 2037 1281 2060 cum
1305 2024 1501 2061 securitate
1524 2023 1710 2074 poteritis,
1738 2024 1776 2060 in
1803 2022 1990 2073 prompti-

450 2085 580 2121 tudine
599 2083 872 2121 henivolcntiae
889 2095 1120 2133 promovere.

499 2143 635 2179 Datum
654 2141 846 2187 Laterani,
865 2146 932 2178 etc.
