2184 3074
447 335 461 371 1
472 334 518 370 >18
996 327 1156 365 CODEX
1181 326 1428 365 DUNENSIS.

446 463 510 487 seu
521 448 647 499 judice
661 447 838 484 abbatum
852 450 888 482 et
902 446 1058 481 fratrum
1077 444 1328 481 Cisterciensis
1343 444 1486 482 ordinis
1501 459 1520 482 a
1533 445 1625 483 Sede
1638 447 1850 496 Apostolica
1863 447 1985 498 depu-

446 513 539 554 tato,
564 520 676 558 super
693 519 820 542 eorum
841 503 1046 555 privilegiis
1067 516 1086 540 a
1105 503 1198 540 Sede
1217 503 1404 553 praedicta
1425 503 1476 540 eis
1494 505 1679 541 concessis
1697 518 1816 556 usque
1832 505 1879 542 ad
1896 506 1986 543 anni

448 566 648 606 terminum
676 563 919 608 substitutus,
938 562 1122 599 universis
1140 561 1367 612 presbyteris
1394 566 1429 598 et
1459 562 1658 612 capellanis
1679 563 1718 599 in
1744 562 1986 613 Trajectensi,

448 623 700 662 Cameracensi
720 627 755 659 et
771 621 995 659 'fornacensi
1019 620 1245 670 dyocesibus
1271 620 1482 657 constitutis
1507 621 1553 657 ad
1576 634 1670 671 quos
1691 626 1902 672 praesentes
1924 622 1988 659 lit-

449 689 545 721 terae
563 682 799 734 pervenerint
817 680 1072 731 exequendae,
1090 680 1246 717 salutem
1266 680 1304 716 in
1323 680 1498 717 Domino.

439 741 443 746 ”
496 742 621 789 Quum
652 744 830 790 tanquam
861 739 964 789 quod
993 739 1118 789 aliqua
1151 739 1452 789 tergiversatione
1481 738 1591 775 celari
1615 751 1690 776 non
1716 743 1852 790 potest,
1878 743 1988 776 noto-

447 799 563 845 rium,
582 803 760 848 tanquam
779 797 889 834 etiam
904 797 1000 846 juris
1019 796 1188 834 canonici
1208 797 1360 834 notione
1379 797 1524 834 notoria
1544 826 1676 834 ......
1689 827 1698 844 ,
1717 802 1754 835 et
1769 797 1859 835 alias
1878 797 1988 834 nobis

447 861 590 894 constat
615 856 716 907 quod
747 856 817 892 viri
845 855 1006 906 religiosi
1033 855 1149 892 abbas
1174 859 1209 892 et
1227 860 1432 893 conventus
1450 869 1515 893 seu
1547 856 1676 893 fratres
1702 856 1916 893 monasterii
1941 855 1990 892 de

447 916 594 953 Thosan
614 920 791 966 tanquam
811 916 939 951 fratres
966 914 1109 951 ordinis
1134 915 1388 951 Cisterciensis
1413 915 1522 951 etiam
1548 914 1766 952 auctoritate
1786 913 1988 965 apostoliea

446 975 521 1012 sint
540 974 673 1011 muniti
694 973 785 1010 adeo
804 978 846 1009 ut
864 973 910 1009 de
931 973 1228 1023 possessionibus
1248 973 1325 1010 suis
1344 978 1428 1009 ante
1446 973 1617 1024 generale
1635 973 1837 1010 concilium
1856 972 1988 1024 acqui-

447 1033 525 1070 sitis
544 1038 579 1069 et
596 1032 836 1083 postmodum
851 1031 958 1081 juxta
979 1032 1133 1068 modum
1160 1032 1225 1083 qui
1251 1037 1453 1070 annotatur
1471 1032 1642 1080 inferius,
1666 1033 1750 1070 licet
1772 1045 1832 1070 eas
1853 1046 1899 1069 ex
1922 1045 1990 1069 ne-

447 1092 613 1129 cessitate
626 1092 683 1128 vel
701 1091 859 1128 utilitate
872 1091 998 1141 aliqua
1013 1091 1242 1128 secularibus
1259 1091 1480 1128 excolendas
1495 1091 1736 1138 tradiderint,
1750 1092 1780 1128 si
1795 1091 1841 1128 ad
1855 1104 1989 1128 manus

447 1164 575 1188 eorum
603 1151 798 1196 redierint,
826 1151 983 1200 illasque
1003 1150 1166 1201 propriis
1190 1150 1266 1188 suis
1294 1150 1507 1201 sumptibus
1533 1155 1569 1187 et
1593 1151 1784 1188 laboribus
1802 1150 1988 1196 excolant,

447 1223 591 1247 necnon
607 1209 653 1245 de
670 1209 747 1246 suis
765 1209 855 1245 ortis
868 1238 877 1255 ,
895 1209 1084 1259 virgultis,
1105 1209 1219 1259 pratis
1245 1213 1281 1246 et
1305 1209 1522 1246 nemoribus
1541 1209 1641 1258 :nulli
1663 1209 1825 1246 decimas
1847 1209 1990 1246 solvere

447 1274 657 1315 teneantur,
676 1273 711 1305 et
727 1268 830 1319 quod
849 1281 978 1305 omnes
997 1273 1031 1305 et
1050 1268 1187 1319 singuli
1207 1269 1468 1306 Cistercienses
1488 1267 1707 1318 hujusmodi
1721 1266 1891 1317 judiciali
1912 1279 1989 1304 non

445 1327 644 1378 praemissa
668 1327 843 1377 indagine
862 1331 897 1363 et
915 1332 1039 1364 secuta
1062 1328 1244 1364 sententia
1264 1341 1329 1365 seu
1354 1331 1550 1378 praecepto
1567 1327 1708 1377 judicis
1727 1325 1990 1376 competentis,

447 1391 487 1423 ut
507 1391 600 1423 esset
617 1399 843 1436 congruum,
868 1386 1086 1423 auctoritate
1105 1399 1170 1423 seu
1189 1386 1314 1436 potius
1333 1391 1437 1423 motu
1456 1386 1533 1423 sive
1557 1386 1761 1423 temeritate
1779 1384 1931 1436 propria
1949 1384 1988 1422 in

447 1445 658 1496 praemissis
681 1444 929 1495 fatigaverint,
958 1445 1206 1491 turbaverint,
1231 1445 1510 1482 molestaverint
1530 1444 1588 1481 vel
1608 1443 1839 1490 vexaverint,
1858 1443 1989 1480 turba-

448 1509 544 1541 tores
577 1517 640 1541 seu
667 1507 858 1540 vexatores
881 1503 1097 1552 hujusmodi
1124 1503 1341 1541 auctoritate
1365 1503 1567 1554 apostolica
1597 1517 1664 1554 per
1684 1507 1898 1540 executores
1923 1515 1989 1539 seu

444 1564 589 1614 judices
607 1564 802 1614 deputatos
821 1563 868 1600 ab
887 1563 939 1600 eis
957 1564 1130 1614 compelli
1153 1564 1313 1601 debeant
1330 1568 1371 1601 ut
1388 1564 1576 1602 desistant.

496 1623 589 1660 Cum
615 1636 782 1674 quoque,
805 1627 846 1659 ut
874 1635 986 1673 supra
1013 1623 1195 1667 diximus,
1219 1623 1327 1660 nobis
1362 1627 1506 1660 constat
1527 1622 1735 1674 praedictos
1755 1622 1928 1659 abbatem
1953 1625 1989 1658 et

447 1681 575 1718 fratres
594 1681 640 1718 de
653 1681 800 1718 Thosan
816 1682 1065 1732 possessiones
1085 1682 1124 1718 in
1141 1682 1223 1718 loco
1241 1682 1307 1732 qui
1323 1682 1462 1718 dicitur
1478 1682 1702 1719 Pulsebroec
1716 1681 1824 1731 juxta
1841 1681 1989 1718 Arden-

446 1740 542 1790 burg
567 1744 651 1776 ante
674 1743 903 1790 praetactum
924 1739 1126 1777 concilium
1149 1740 1348 1791 acquisitas
1375 1739 1530 1787 habere,
1555 1752 1648 1791 quas
1669 1740 1754 1776 licet
1785 1738 1988 1790 aliquando

444 1797 672 1835 secularibus
703 1797 923 1834 excolendas
950 1797 1188 1844 tradiderint,
1213 1798 1291 1848 jam
1318 1798 1364 1835 ad
1394 1811 1525 1835 manus
1548 1797 1716 1848 ipsorum
1738 1797 1902 1848 legitime
1926 1811 1987 1835 re-

444 1857 598 1893 deuntes
618 1855 778 1906 propriis
797 1856 873 1892 suis
893 1856 1105 1906 sumptibus
1124 1861 1160 1893 et
1178 1857 1370 1893 laboribus
1389 1856 1611 1902 excoluisse,
1630 1855 1777 1905 jamdiu
1796 1869 1838 1892 ac
1856 1869 1987 1894 nemus

445 1916 587 1966 vulgari
604 1916 755 1952 nomine
768 1928 833 1952 seu
846 1915 1050 1965 virgultum
1066 1917 1266 1967 plantasse,
1283 1916 1490 1967 plantatum
1505 1916 1614 1953 etiam
1632 1916 1793 1953 tenuisse
1807 1916 1987 1953 continuo

446 1979 530 2026 post
556 1973 824 2024 plantationem
851 1974 1067 2024 hujusmodi
1090 1989 1211 2026 usque
1232 1975 1278 2012 ad
1308 1980 1475 2026 tempora
1495 1974 1694 2022 hodierna,
1717 1974 1932 2011 videntibus
1951 1978 1987 2011 et

446 2032 648 2070 scientibus
666 2031 849 2069 universis
869 2031 1093 2070 habentibus
1113 2034 1361 2084 possessiones
1380 2033 1545 2070 confines
1565 2032 1764 2083 praedictis
1782 2033 1987 2083 possessio—

448 2091 558 2127 nibus
577 2089 851 2140 praedictorum
871 2091 1157 2129 Cistercensium
1183 2106 1248 2129 seu
1272 2092 1413 2129 vicinas
1428 2092 1491 2142 jus
1515 2091 1667 2142 aliquod
1687 2091 1757 2128 sibi
1778 2095 1987 2141 competere

447 2149 485 2185 in
505 2148 716 2185 confinibus
739 2161 803 2184 seu
835 2148 926 2186 locis
955 2149 1105 2197 vicinis,
1137 2164 1182 2187 ex
1212 2150 1482 2188 consuetudine
1508 2151 1631 2187 forsan
1661 2150 1719 2186 vel
1745 2149 1816 2186 alia
1843 2149 1986 2187 ratione

445 2206 788 2257 praetendentibus,
808 2207 893 2244 licet
911 2209 1113 2258 praemissa
1133 2223 1267 2260 negare
1286 2213 1474 2260 nequeant
1490 2208 1736 2260 probabiliter
1749 2221 1827 2245 esse
1843 2222 1930 2245 vera
1950 2213 1987 2246 et

444 2265 514 2302 sibi
537 2265 696 2311 notoria,
719 2269 841 2302 tamen
865 2279 994 2304 eorum
1019 2268 1164 2319 aliquos
1192 2268 1451 2305 Cistercienses
1474 2267 1683 2319 praedictos
1708 2266 1754 2303 de
1776 2266 1925 2304 Thosan
1945 2267 1983 2303 in

443 2337 510 2362 suo
528 2327 713 2374 praetacto
740 2338 890 2362 nemore
915 2331 1043 2364 contra
1067 2327 1274 2364 libertatem
1297 2327 1523 2378 praedictam
1543 2326 1731 2377 fatigasse,
1755 2326 1982 2372 molestasse,

442 2382 627 2428 turbasse,
648 2395 721 2418 non
737 2384 954 2421 auctoritate
968 2385 1183 2434 judiciaria,
1203 2386 1318 2423 immo
1332 2386 1457 2436 potius
1476 2389 1580 2422 motu
1594 2398 1660 2422 seu
1674 2383 1877 2421 temeritate
1891 2397 1981 2434 pro-

442 2439 542 2492 pria,
562 2443 598 2476 et
619 2452 778 2480 vexasse.
792 2442 936 2479 notorie
954 2443 1063 2481 nobis
1089 2448 1248 2491 constat,
1271 2448 1313 2481 ut
1329 2444 1449 2495 prius,
1471 2443 1691 2481 deberemus
1712 2442 1822 2479 etiam
1840 2446 1876 2479 et
1893 2455 1982 2493 pos-
