2184 3074
450 327 521 364 548
1002 323 1164 361 CODEX
1188 322 1437 362 DUNENSlS.

453 445 571 480 vocati
599 443 806 494 specialiter
833 447 868 478 et
894 442 1032 492 rogati,
1060 441 1119 477 cui
1148 441 1185 476 in
1215 440 1286 477 hiis
1313 444 1349 476 et
1375 439 1581 489 maj0ribus
1607 440 1718 476 fldem
1741 440 1987 478 indubitatam

453 502 599 552 plenius
618 500 858 546 adhibemus,
877 499 1089 550 propositae
1107 503 1196 536 sunt
1213 498 1450 548 exceptiones
1468 511 1564 548 quae
1577 502 1808 548 sequuntur:

503 559 560 596 Ad
579 558 805 609 praedictam
825 558 1024 608 respondet
1038 557 1212 608 AEgidius
1232 557 1443 608 praedictus
1465 562 1500 594 et
1521 556 1612 594 dicit
1634 557 1736 608 quod
1764 556 1923 594 fundum
1952 558 1991 594 in

455 632 531 669 quo
563 622 688 655 manet
716 617 923 664 Johannes,
949 617 1050 654 unde
1075 617 1116 654 fit
1144 617 1284 654 mentio
1310 616 1348 653 in
1373 616 1552 667 petitione
1580 615 1788 667 praedicta,
1818 616 1994 654 dominus
2059 647 2061 649 >

457 676 563 726 Hugo
586 681 691 726 pater
713 689 802 725 suus
821 681 856 713 et
874 676 953 726 ipse
974 675 1221 726 possederunt
1243 670 1339 713 XLV
1358 675 1466 712 annis
1486 674 1678 721 continue,
1697 679 1732 711 et
1751 674 1875 711 adhuc
1887 687 1995 711 eum-

457 735 540 772 dem
567 734 726 772 fundum
754 734 852 771 idem
877 734 1049 785 AEgidius
1073 734 1258 785 possidet
1282 739 1318 771 et
1343 739 1417 771 tam
1445 734 1524 785 ipse
1549 747 1662 784 quam
1689 738 1793 784 pater
1816 746 1906 771 suus
1928 746 1995 784 per

457 793 597 830 dictum
618 798 763 844 tempus
782 793 923 844 absque
940 793 1104 844 legitima
1124 793 1336 844 calumpnia
1354 792 1610 844 possederunt.

505 851 605 888 Dicit
628 852 738 888 etiam
760 851 859 888 idem
880 851 1053 902 AEgidius
1072 851 1209 902 quod
1200 865 1277 902 ipse
1296 851 1479 889 intellexit
1506 864 1526 888 a
1553 850 1682 902 probis
1707 855 1744 888 et
1770 850 1843 888 fide
1870 850 1994 902 dignis

457 910 559 960 quod
573 909 695 947 dictus
716 910 822 960 Hugo
841 914 945 959 pater
962 923 1052 947 suus
1072 910 1191 947 tenuit
1209 910 1350 947 dictum
1370 909 1559 947 fundum
1549 922 1588 947 in
1607 909 1758 947 feodum
1776 909 1824 947 ab
1842 908 1994 947 ecclesia

460 969 643 1014 Dunensi,
662 972 698 1005 et
716 968 802 1005 inde
820 973 970 1018 paratus
992 973 1046 1005 est
1069 968 1188 1006 facere
1213 968 1429 1019 homagium
1453 968 1574 1005 dictae
1596 967 1788 1035 ecclesiae,
1810 971 1995 1019 quantum

459 1027 534 1064 de
519 1041 604 1076 Jure
622 998 742 1064 debet.
1959 1038 1961 1040 ·

507 1088 626 1138 Super
641 1087 780 1138 quibus
795 1087 1007 1138 praemissis
1022 1087 1307 1138 exceptionibus
1322 1086 1482 1124 consulti
1498 1086 1568 1123 viri
1584 1086 1815 1124 venerabiles
1829 1085 1995 1136 magistri

457 1146 544 1182 tales
563 1151 599 1182 et
618 1146 726 1192 tales,
752 1147 921 1183 doctores
951 1146 990 1183 in
1017 1146 1192 1192 decretis,
1220 1150 1303 1183 actu
1330 1150 1496 1196 regentes
1522 1145 1824 1190 Aurelianenses,
1849 1143 1994 1182 domini

455 1206 543 1243 tales
573 1206 696 1256 legum
716 1206 961 1256 professores,
983 1205 1126 1243 ordinis
1151 1204 1428 1243 Aurelianensis
1454 1204 1634 1255 legentes,
1652 1203 1817 1255 magistri
1846 1204 1935 1241 tales
1959 1208 1996 1242 et

455 1265 543 1302 tales
559 1265 758 1301 decretales
777 1265 1061 1302 Aurelianenses
1076 1264 1236 1314 legentes
1247 1292 1256 1310 ,
1272 1263 1462 1301 constituti
1478 1263 1516 1300 in
1531 1263 1737 1314 praesentia
1753 1262 1842 1300 dicti
1859 1261 1993 1301 notarii

456 1323 730 1373 responderunt
747 1323 785 1360 in
814 1324 915 1360 hunc
937 1323 1112 1369 modum,
1140 1322 1281 1359 scilicet
1308 1321 1412 1373 quod
1436 1321 1556 1373 prima
1579 1322 1748 1372 exceptio
1772 1326 1884 1373 prout
1906 1333 1996 1372 pro-

457 1382 610 1432 ponitur
630 1395 704 1419 non
724 1389 778 1419 est
803 1382 1054 1428 admittenda,
1080 1386 1116 1418 et
1139 1380 1295 1431 probata
1323 1380 1362 1417 in
1386 1380 1541 1417 modum
1568 1380 1607 1417 in
1635 1393 1748 1433 quem
1773 1379 1996 1430 proponitur

459 1454 534 1478 non
562 1441 753 1492 prodesset
776 1446 903 1478 contra
928 1440 1140 1486 ecclesiam,
1160 1452 1245 1476 cum
1268 1439 1384 1476 solam
1403 1438 1543 1475 nudam
1571 1438 1840 1489 possessionem
1866 1437 1998 1489 alleget

458 1501 538 1538 sine
552 1500 672 1547 titulo,
686 1500 733 1537 de
747 1500 856 1537 titulo
869 1505 905 1537 et
917 1500 1016 1543 bona
1031 1498 1105 1535 fide
1120 1498 1262 1535 nullam
1276 1498 1414 1535 faciens
1433 1497 1672 1544 mentionem,
1687 1510 1773 1534 cum
1789 1497 1997 1535 secundum

457 1560 626 1597 doctores
645 1564 792 1597 nostros
811 1559 849 1596 in
869 1558 1163 1610 praescriptione
1177 1557 1229 1594 rei
1244 1556 1448 1607 corporalis
1466 1556 1671 1594 immobilis
1685 1570 1833 1594 necesse
1846 1556 1894 1594 sit
1907 1556 1999 1594 titu-

430 1644 437 1647 -—
458 1619 536 1655 lum
561 1618 719 1669 allegare
745 1623 780 1655 et
804 1618 972 1668 probare.
1001 1616 1111 1662 Item,
1137 1615 1238 1666 quod
1265 1614 1428 1652 secunda
1451 1614 1619 1670 exceptio
1641 1619 1754 1666 prout
1774 1614 1999 1666 proponitur

461 1690 545 1724 non-
563 1682 617 1714 est
646 1676 874 1714 admittenda
897 1679 1050 1726 propter
1074 1674 1370 1711 contrarietatem
1395 1686 1508 1724 quam
1534 1673 1646 1710 habet
1667 1672 1998 1724 ad'praecedentes
2062 1668 2064 1670 V

462 1735 667 1772 secundum
689 1733 1217 1785 intentionemvproponentis,
1235 1737 1315 1770 tum
1329 1732 1419 1783 quia
1433 1746 1478 1770 ex
1492 1732 1605 1770 modo
1623 1732 1866 1783 proponentis
1883 1737 2000 1783 app'a-

464 1799 518 1831 ret
544 1794 646 1845 quod
669 1794 821 1831 ecclesia
847 1794 893 1830 de
918 1806 1015 1830 novo
1042 1792 1184 1829 dictum
1210 1791 1406 1842 Hugonem
1428 1791 1649 1838 infeodavit,
1676 1796 1755 1828 tum
1792 1791 1881 1842 quia
1911 1790 2003 1828 dicit

464 1854 567 1904 quod
580 1853 701 1890 dictus
721 1853 828 1903 Hugo
843 1857 947 1903 pater
960 1864 1050 1889 suus
1061 1880 1070 1898 ,
1086 1855 1167 1898 etc,
1185 1850 1232 1887 de
1245 1850 1352 1900 cujus
1367 1851 1463 1887 facto
1477 1854 1577 1887 extat
1592 1854 1628 1887 et
1640 1846 1764 1887 extare
1775 1849 1871 1887 bene
1884 1854 2005 1901 potest

465 1913 660 1959 memoria,
681 1925 748 1949 nec
766 1911 857 1949 dicit
874 1911 976 1962 quod
994 1915 1244 1947 antecessores
1261 1910 1319 1947 sui
1338 1913 1559 1956 tenuerunt,
1578 1913 1614 1946 et
1634 1908 1687 1946 sic
1712 1922 1788 1946 non
1808 1909 1916 1955 dicit,
1936 1922 2004 1946 nec

465 1971 642 2021 proponit
659 1970 760 2021 quod
780 1969 1004 2015 infeodatio,
1024 1969 1053 2006 si
1074 1982 1147 2018 qua
1168 1967 1280 2005 suerit
1297 1973 1332 2005 et
1346 1967 1582 2019 processerit,
1596 1967 1699 2019 quod
1713 1967 1825 2004 fuerit
1837 1967 2003 2018 antiqua,

466 2043 580 2080 quare
599 2030 628 2067 si
647 2029 802 2080 probata
821 2032 915 2066 esset
932 2028 971 2064 in
991 1998 1174 2064 inodum
1165 2039 1203 2063 ιη
1222 2040 1334 2078 quem
1353 2026 1589 2078 proponitur,
1607 2039 1682 2063 non
1699 2025 1890 2076 prodesset
1903 2025 2003 2063 dicto

468 2089 635 2140 AEgidio.
664 2102 731 2126 nec
764 2088 873 2125 debet
902 2087 1076 2125 ecclesiae
1102 2090 1229 2124 contra
1257 2099 1370 2137 quam
1397 2099 1435 2123 se
1466 2084 1632 2123 defendit
1660 2084 1927 2135 praejudicare.
1959 2083 2001 2121 In

468 2149 574 2198 cujus
592 2148 643 2185 rei
665 2147 941 2187 testimonium
961 2152 1026 2183 etc.
