2184 3074
731 261 892 299 CODEX
918 260 1162 300 DUNENSIS.
1637 260 1707 298 597

181 376 399 432 populosam
419 380 456 416 in
475 378 713 416 solitudinem
733 377 968 427 redegerunt,
986 374 1124 412 eisdem
1150 373 1323 411 fidelibus
1349 373 1483 425 partim
1507 372 1705 424 peremptis

179 439 319 490 gladio,
333 438 466 490 partim
486 437 700 474 eorumdem
719 447 948 487 paganorum
968 433 1168 471 miserabili
1184 433 1276 483 jugo
1294 431 1495 483 suppositis
1508 436 1706 483 perpetuae

179 497 375 535 servitutis.
390 495 575 546 Quodque
587 493 839 531 detestabilius
853 492 956 537 est,si
967 490 1117 542 quando
1133 490 1243 527 iidem
1260 494 1514 540 praeceptores
1529 494 1564 526 et
1577 490 1705 526 fratres

178 554 388 592 offendendi
407 565 568 604 paganos
586 551 656 590 sub
673 550 867 600 cujusdam
887 550 1040 586 umbrae
1057 549 1170 599 pallio
1187 548 1301 585 velint
1318 547 1512 585 ostendere
1529 561 1567 584 se
1580 559 1705 597 gerere

178 613 423 657 voluntatem,
447 611 530 647 illos
552 609 806 646 fraudulenter
832 608 1052 658 impugnant
1070 610 1111 643 ut
1127 619 1173 643 ex
1190 619 1319 643 eorum
1337 606 1432 642 sacto
1455 605 1581 642 fideles
1603 610 1704 642 atro-

178 671 256 708 cius
282 671 562 721 impugnentur,
586 668 732 705 eosdem
758 680 920 718 paganos
937 680 982 704 ex
1001 665 1120 703 tenuis
1136 665 1294 716 praedae
1310 665 1474 715 dampno
1492 664 1639 702 modico
1657 665 1702 701 ad

177 727 444 766 destruendum
470 727 611 777 reliqua
635 730 750 763 eastra
774 725 939 775 ejusdem
963 724 1132 775 Rigensis
1156 723 1368 774 provinciae
1393 722 1515 773 pravis
1546 722 1702 759 nocendi

178 786 319 824 artibus
338 785 534 823 irritantes.

226 844 357 881 Fertur
382 844 491 881 etiam
517 843 563 880 de
588 842 677 893 ipsis
705 841 910 878 execrabile
937 840 1096 886 facinus,
1124 840 1249 877 dirum
1279 844 1316 876 ct
1346 839 1584 889 nepharium,
1602 839 1703 890 quod

176 915 261 939 cum
284 914 348 938 rex
371 913 598 952 paganorum
617 913 702 936 eum
722 899 797 936 suis
815 898 974 935 subditis
994 898 1121 935 fuisset
1137 897 1183 935 ad
1202 898 1312 934 {idem
1332 897 1466 934 Christi
1484 910 1702 942 conversus,

175 958 218 996 ac
234 959 399 996 diversos
416 959 608 1009 episcopos
626 957 831 994 successive
848 960 884 993 et
900 956 1124 1007 presbiteros
1142 956 1321 993 seculares
1343 969 1385 993 ac
1408 956 1537 993 fratres
1555 955 1703 1006 praedi-

175 1022 314 1054 catores
332 1021 368 1054 et
386 1017 547 1054 minores
565 1015 603 1052 in
623 1019 700 1052 toto
718 1027 832 1064 regno
850 1026 918 1051 suo
936 1013 1142 1051 ordinasset
1159 1013 1205 1050 ad
1229 1013 1512 1063 extirpationem
1534 1026 1701 1050 errorum

174 1079 210 1112 et
228 1075 537 1112 illuminationem
562 1087 603 1111 ac
630 1074 895 1124 plantationem
921 1072 1150 1109 orthodoxae
1172 1072 1257 1109 fidei
1285 1085 1565 1122 permansuros,
1590 1071 1701 1109 iidem

176 1138 428 1184 praeceptores
444 1138 479 1170 et
493 1134 632 1179 fratres,
647 1132 762 1183 proch
779 1132 918 1182 pudor!
934 1132 1036 1168 velut
1047 1131 1212 1181 ejusdem
1228 1131 1313 1168 fidei
1329 1131 1575 1174 subversores,
1589 1143 1703 1181 quos-

176 1192 262 1229 dam
294 1192 509 1229 eorumdem
543 1192 821 1242 episcoporum,
850 1190 1141 1242 presbiterorum
1172 1194 1207 1227 et
1238 1190 1391 1226 fratrum
1426 1189 1560 1226 exinde
1593 1189 1702 1239 dejici

178 1255 214 1288 et
237 1250 418 1301 quosdam
444 1250 600 1287 interfici
622 1249 820 1286 latentibus
843 1253 878 1286 et
901 1249 1055 1285 occultis
1077 1248 1209 1285 studiis
1232 1252 1499 1298 procurarunt,
1524 1251 1559 1284 et
1584 1247 1704 1284 taliter

177 1309 285 1346 etiam
314 1308 446 1360 pagani
472 1309 518 1345 ad
546 1309 656 1345 fidem
681 1308 866 1353 conversi,
891 1308 1032 1344 lumine
1050 1307 1212 1343 veritatis
1235 1305 1399 1355 abjecto,
1420 1318 1561 1342 errores
1585 1305 1699 1356 proch

177 1366 304 1404 dolor!
336 1366 511 1417 pristinos
541 1369 836 1416 resumpserunt,
866 1369 902 1401 et
927 1365 980 1402 sic
1008 1364 1197 1415 quondam
1233 1362 1516 1400 Lethoniensis·
1549 1363 1699 1400 ecclesia

177 1424 395 1462 cathedralis
423 1425 460 1460 in
487 1423 587 1461 dicto
615 1437 728 1474 regno
753 1423 957 1460 consistens
987 1435 1071 1460 cum
1103 1435 1168 1459 sua
1195 1422 1342 1458 civitate
1370 1426 1406 1458 et
1434 1421 1599 1471 dyocesi,
1627 1434 1701 1458 non

176 1483 316 1533 absque
343 1482 544 1519 multorum
571 1482 737 1518 fidelium
765 1481 973 1518 animarum
999 1485 1035 1517 et
1059 1493 1258 1530 corporum
1277 1479 1506 1530 deplorando
1524 1479 1702 1529 periculo,

176 1541 434 1578 miserabiliter
457 1541 527 1577 suit
551 1541 680 1577 deleta.
708 1541 891 1590 Populum
919 1540 1028 1576 etiam
1056 1539 1299 1575 christianum
1329 1543 1444 1574 terrae
1470 1538 1702 1588 Semigalliae

176 1599 371 1636 habentem
393 1598 608 1649 episcopum
634 1602 669 1634 et
696 1598 917 1648 presbiteros
935 1596 1163 1634 orthodoxos
1187 1597 1252 1647 qui
1270 1596 1322 1632 eis
1340 1600 1565 1632 sacramenta
1585 1596 1702 1632 eccle-

175 1657 319 1694 siastica
346 1655 624 1701 ministrabant,
650 1655 760 1691 iidem
786 1659 1040 1705 praeceptores
1066 1658 1102 1690 ct
1127 1654 1255 1690 fratres
1280 1653 1440 1690 totaliter
1461 1654 1699 1698 deleverunt;

175 1715 376 1752 nobiliores
401 1714 566 1763 ejusdem
593 1718 728 1759 terrae,
753 1726 847 1763 quos
871 1713 916 1749 ad
944 1712 1156 1749 convivium
1188 1712 1448 1757 invitaverant,
1478 1711 1699 1762 proditionis

174 1773 393 1823 nephandae
414 1772 582 1818 saevitia,
602 1771 834 1808 mutilatione
852 1771 1013 1821 capitum
1030 1770 1269 1821 perimentes,
1289 1769 1469 1820 reliquam
1490 1769 1700 1806 multitudi-

175 1845 259 1869 nem
287 1832 415 1883 populi
440 1831 560 1868 dictae
585 1836 701 1868 terrae
725 1831 819 1867 ultra
851 1844 963 1880 quam
995 1835 1143 1867 centum
1177 1830 1278 1866 milia
1309 1829 1474 1866 fidelium
1507 1829 1700 1878 utriusque

174 1903 283 1928 sexus
300 1891 345 1927 ad
365 1894 477 1926 terras
496 1902 724 1939 paganorum
744 1889 942 1926 crudeliter
958 1889 1220 1939 prosugarunt,
1235 1887 1399 1937 dictique
1413 1887 1537 1923 iidelcs
1550 1899 1700 1922 corum-

174 1948 256 1986 dem
289 1961 517 1999 paganorum
550 1947 586 1984 in
615 1947 889 1998 depressionem
922 1946 1007 1983 fidei
1038 1950 1236 1996 perpetuae
1260 1950 1347 1982 sunt
1371 1944 1485 1981 dediti
1512 1943 1698 1989 servituti,

173 2012 325 2058 propter
352 2005 455 2056 quod
483 2005 715 2055 episcopatus
746 2004 996 2054 Semigalliae,
1027 2003 1091 2054 qui
1123 2017 1189 2053 per
1217 2007 1356 2053 septem
1388 2002 1504 2038 dietas
1533 2002 1693 2051 amplam

173 2064 361 2115 dyocesim
381 2064 591 2110 obtinebat,
610 2063 770 2100 totaliter
787 2063 834 2100 de
851 2063 973 2100 medio
992 2063 1062 2099 suit
1078 2062 1257 2099 sublatus.
1278 2061 1322 2098 Et
1343 2066 1385 2097 ut
1402 2061 1555 2097 omnino
1578 2061 1696 2110 impe-

173 2125 298 2162 diatur
315 2123 504 2174 ampliatio
522 2123 611 2160 fidei.
631 2124 668 2159 in
687 2123 855 2174 partibus
874 2122 1104 2173 praelibatis,
1129 2126 1164 2158 et
1186 2120 1419 2171 proponendi
1448 2120 1601 2156 verbum
1629 2120 1696 2157 Dei

173 2182 325 2220 facultas
343 2180 530 2231 quaelibet
547 2181 777 2217 subducatur
798 2194 843 2217 ex
866 2194 909 2217 eo
932 2179 1034 2230 quod
1061 2180 1188 2216 fratres
1212 2178 1354 2215 ordinis
1379 2177 1564 2214 minorum
1589 2178 1696 2215 castri

175 2238 503 2289 Brunsbergensis,
521 2239 685 2288 ejusdem
704 2238 874 2289 Rigensis
892 2237 1119 2288 provinciae,
1138 2235 1401 2287 praedicationi
1425 2235 1608 2273 dictorum
1630 2249 1698 2286 pa-

210 2372 219 2387 ¹
242 2371 283 2398 0n
299 2372 330 2398 lit
342 2371 409 2398 dans
423 2370 556 2405 Dlugoss:
571 2369 757 2396 Lechaoiensis.
