2184 3074
456 311 524 349 194
1002 305 1164 343 CODEX
1191 304 1438 343 DUNENSIS.

450 427 671 478 inspirante,
690 421 755 463 >cui
787 438 863 462 non
890 429 944 461 est
965 423 1118 460 difficile
1145 422 1331 471 disjuncta
1360 422 1605 471 conjungere,
1631 433 1705 470 pax
1731 433 1845 471 regno
1871 424 1993 458 vestro

451 485 646 523 benedicto
677 483 821 520 reddita
852 482 982 528 fuerit,
1012 494 1058 517 ex
1085 484 1163 517 toto
1194 478 1399 516 cessabitur
1419 491 1439 515 a
1466 478 1652 515 solutione
1682 479 1797 529 partis
1829 479 1994 516 decimae

452 543 695 594 supradictae.
711 542 748 580 Si
763 554 851 578 vero
871 540 971 577 dicto
986 543 1152 590 tempore
1166 543 1332 588 treugam
1347 550 1461 588 super
1477 537 1575 574 dicta
1594 536 1782 574 discordia
1800 537 1887 574 iniri
1901 550 1993 575 con-

454 602 593 652 tigerit,
614 614 682 652 pro
702 601 766 637 illo
786 593 952 650 tempore
965 611 1041 648 quo
1056 602 1184 647 treuga
1200 596 1406 642 duraverit,
1422 595 1606 633 antedicta
1622 595 1838 645 hujusmodi
1857 595 1994 633 solutio

455 661 614 698 totaliter
639 659 897 710 suspendetur,
917 658 967 694 ita
986 661 1110 694 tamen
1129 656 1231 706 quod
1258 660 1411 706 propter
1434 655 1658 692 solutionem
1685 655 1902 705 hujusmodi
1927 667 1993 692 vos

454 719 575 756 dicere
592 732 666 755 non
681 718 842 768 possitis,
853 730 921 753 nec
934 715 1100 753 debeatis
1114 714 1221 751 vobis
1232 714 1295 764 jus
1310 713 1536 764 acquisitum
1552 726 1630 751 esse
1643 713 1683 750 in
1698 708 1871 750 futurum
1882 725 1995 763 super

454 777 766 815 subventionibus
784 781 820 813 et
837 774 1015 813 subsidiis
1040 773 1228 811 similibus
1250 777 1314 810 aut
1336 772 1419 810 aliis
1442 772 1621 810 faciendis
1638 772 1745 810 vobis
1771 776 1835 809 aut
1859 784 1994 809 conce-

454 836 585 874 dendis
603 850 622 873 a
641 836 750 873 nobis
768 839 832 872 aut
846 833 1001 880 nostris,
1021 832 1124 883 quod
1143 845 1210 883 per
1228 835 1438 882 praesentes
1455 844 1531 868 non
1546 830 1776 868 intendimus
1792 830 1995 868 concedere

454 895 531 932 ullo
563 895 686 932 modo.
718 895 760 931 In
789 893 896 943 cujus
926 892 979 929 rei
1006 891 1261 929 testimonium
1288 890 1546 941 praesentibus
1571 889 1702 927 litteris
1725 889 1845 939 sigilla
1869 892 1995 926 nostra

454 954 630 991 duximus
650 952 883 1004 apponenda.
902 951 1058 997 Datum,
1077 954 1145 987 etc.
1819 976 1822 978 .

503 1013 577 1050 Nos
595 1011 813 1062 hujusmodi
832 1010 1012 1048 decimale
1029 1009 1242 1047 subsidium
1261 1009 1314 1046 sic
1333 1008 1502 1045 oblatum
1521 1008 1593 1045 sub
1614 1007 1737 1044 modis
1757 1011 1794 1044 et
1811 1005 1998 1043 conditio-

456 1071 566 1108 nibus
591 1071 787 1108 antedictis
815 1075 941 1107 tenore
966 1068 1218 1120 praesentium
1241 1071 1495 1118 acceptamus,
1514 1067 1646 1104 modos
1672 1070 1708 1103 et
1733 1065 1998 1103 conventiones

455 1129 600 1166 easdem
617 1129 867 1180 approbantes
881 1140 1063 1179 expresse.
1079 1127 1120 1164 ln
1135 1127 1242 1177 cujus
1257 1126 1309 1163 rei
1324 1125 1577 1163 testimonium
1593 1124 1852 1176 praesentibus
1866 1123 1997 1161 litteris

456 1192 622 1226 nostrum
643 1187 799 1224 facimus
819 1186 983 1237 sigillum
1002 1185 1152 1236 apponi.
1172 1185 1327 1231 Datum,
1346 1188 1413 1221 etc.

1166 1442 1290 1481 CXlX.

457 1552 609 1602 Requete
621 1552 809 1601 pre'sente'e
827 1551 850 1588 ἀ
869 1550 1118 1601 ἰάνοΙιευὲφιθ
1135 1550 1179 1588 de
1195 1551 1318 1588 Reims
1337 1549 1415 1600 asin
1435 1562 1504 1601 que
1531 1549 1580 1587 les
1599 1548 1698 1587 biens
1715 1549 1999 1600 eccoesimtiques

506 1623 549 1646 ne
573 1611 689 1647 soient
711 1610 820 1659 point
841 1610 968 1660 qreve's
994 1609 1156 1646 d’autres
1187 1608 1340 1659 charyes
1361 1621 1431 1659 que
1458 1608 1501 1645 de
1529 1607 1566 1645 la
1591 1607 1804 1645 subvention
1830 1607 2000 1645 accorde‘e

505 1681 554 1704 au
571 1669 630 1704 roi
645 1668 689 1704 de
706 1668 864 1705 France.
1954 1665 1959 1671 '

506 1833 721 1870 Reverende
739 1837 843 1883 pater
868 1837 904 1869 et
929 1833 1080 1869 domine
1106 1832 1329 1869 venerabilis
1350 1831 1543 1870 Remensis
1566 1831 1860 1882 archiepiscope,
1881 1835 1918 1868 et
1935 1843 2000 1868 vos

459 1891 650 1928 reverendi
677 1896 800 1942 patres
831 1891 976 1928 domini
1009 1891 1174 1942 episcopi
1205 1891 1371 1941 ejusdem
1396 1889 1626 1942 provinciae,
1651 1890 1760 1927 vobis
1785 1889 2000 1940 supplicant

459 1949 636 1987 habentes
660 1950 841 1987 beneficia
867 1954 903 1987 et
922 1950 1022 1987 bona
1042 1947 1287 1987 ecclesiastica
1306 1949 1344 1986 in
1363 1949 1583 1996 Morinensi,
1599 1948 1833 1986 Atrebatensi
1851 1953 1888 1986 et
1905 1948 2001 1985 Tor-

461 2008 608 2045 nacensi
625 2008 849 2058 dyocesibus
874 2008 997 2059 quod,
1025 2021 1110 2045 eum
1136 2008 1280 2045 domini
1301 2008 1522 2059 temporales
1537 2007 1721 2054 dictarum
1744 2006 1962 2057 dyocesium
1979 2019 2000 2043 a

461 2066 627 2116 personis
646 2067 844 2117 praedictis
862 2067 1118 2104 ecclesiasticis
1137 2067 1422 2104 subventionem
1441 2066 1615 2118 petierint
1629 2070 1665 2103 et
1687 2066 1834 2116 exigere
1851 2065 2002 2116 incepe-
2043 2112 2046 2115 ἢ

461 2124 536 2160 rint
567 2129 602 2161 et
627 2125 674 2162 ab
699 2125 889 2175 aliquibus
915 2126 994 2175 jam
1021 2126 1228 2176 receperint
1252 2139 1320 2177 pro
1345 2125 1504 2163 tuitione
1531 2125 1634 2176 regni
1662 2124 1841 2162 Franciae
1872 2127 2000 2161 contra

462 2184 636 2234 Anglicos
655 2189 691 2221 et
708 2185 799 2222 alios
818 2185 990 2223 inimicos
1004 2199 1133 2223 versus
1148 2186 1228 2223 illas
1243 2191 1381 2236 partes,
1395 2190 1432 2222 et
1449 2198 1524 2222 non
1538 2184 1710 2221 videatur
1722 2196 1883 2234 aequum
1898 2182 2000 2234 quod

462 2255 530 2292 pro
550 2242 687 2279 eisdem
712 2257 821 2281 causa
841 2249 876 2281 et
894 2245 1044 2295 negoti0
1067 2245 1353 2283 subventionem
1380 2244 1438 2281 bis
1465 2244 1611 2281 solvant
1633 2247 1669 2280 et
1690 2242 1843 2280 caeteris
1859 2241 2003 2278 benefl-

463 2300 566 2337 eiatis
591 2301 628 2338 in
659 2315 773 2352 regno
799 2303 977 2343 Franciae
1003 2304 1088 2354 plus
1118 2308 1336 2354 graventur,
1362 2307 1546 2354 quatenus
1571 2301 1741 2339 laborare
1765 2299 1886 2337 velitis
1914 2311 2000 2336 cum

462 2359 592 2396 effectu
617 2365 675 2406 ut,
702 2361 732 2397 si
757 2361 857 2398 dicto
883 2362 1038 2400 domino
1066 2362 1144 2413 regi
1171 2362 1457 2400 subventionem
1480 2361 1599 2398 facere
1621 2359 1831 2410 contigerit,
1849 2358 1896 2395 ab
1919 2357 2001 2395 aliis

463 2417 626 2455 dominis
654 2419 921 2469 temporalibus
947 2420 1169 2467 liberentur,
1197 2421 1254 2457 vel
1281 2420 1411 2458 saltem
1437 2419 1561 2471 portio
1591 2431 1705 2469 quam
1735 2417 1861 2454 forsan
1891 2415 2000 2453 dictis
