2184 3074
724 291 886 330 conssx
913 291 1160 330 DUNE'NSlS.
1638 291 1712 330 403.

828 475 1050 515 cehxxln.

276 602 522 646 Rdclamation
548 602 592 638 de
617 601 753 652 l'dqlise
779 601 823 638 de
847 600 1031 638 Baudeloo
1054 599 1300 637 relacivement
1325 610 1403 635 aux
1428 598 1544 635 elimes
1571 598 1615 634 de

256 663 260 668 ’
363 671 367 674 “
563 668 566 671 “
849 659 1049 711 Molendyc.

229 877 361 915 Coram
379 876 504 922 vobis,
523 875 690 921 domine,
708 875 883 925 producit
895 876 1047 912 ecclesia
1062 875 1108 911 de
1127 874 1265 912 Bodelo
1281 880 1388 912 testes
1407 875 1452 911 ad
1473 874 1709 925 probandum

178 935 402 987 quod-locus
419 934 496 971 sive
514 938 607 971 terra
627 946 723 984 quae
739 932 878 970 dicitur
894 933 1105 982 Molendyc,
1121 932 1248 982 jacens
1263 933 1358 970 infra
1378 933 1543 970 Wasiam
1562 937 1598 969 et
1616 932 1711 968 inl'ra

179 992 414 1045 parrochiam
428 992 474 1029 de
490 992 675 1038 bokerne,
693 997 748 1029 est
765 991 924 1037 novalis,
939 996 976 1028 et
991 992 1094 1042 quod
1112 991 1277 1028 decimae
1294 991 1414 1028 dictae
1432 996 1548 1027 terrae
1565 995 1653 1026 sunt
1678 995 1712 1026 et

179 1050 316 1088 debent
336 1050 410 1087 dici
435 1051 595 1088 novales.
616 1050 805 1087 Praedicta
823 1050 923 1087 enim
944 1055 1038 1087 terra
1056 1055 1134 1086 erat
1148 1049 1354 1100 antiquitus
1374 1049 1533 1085 multum
1555 1048 1659 1084 bassa
1678 1053 1711 1084 et

178 1118 336 1159 aquosa,
361 1108 410 1145 ita
432 1109 536 1160 quod
562 1108 614 1146 ibi
643 1109 933 1146 conservabatur
961 1121 1056 1159 aqua
1083 1108 1130 1144 ad
1157 1121 1252 1158 opus
1270 1107 1464 1157 eujusdam
1486 1106 1712 1149 molendini,

178 1167 416 1217 postmodum
434 1179 539 1213 vero,
557 1167 737 1204 exsiccata
755 1166 854 1204 dicta
878 1171 991 1213 terra,
1010 1166 1132 1217 coepit
1153 1166 1231 1216 ipsa
1251 1171 1362 1211 terra,
1378 1165 1511 1216 elapsis
1527 1164 1665 1201 scilicet
1686 1164 1713 1200 L

178 1224 285 1261 annis
303 1224 361 1260 vel
387 1223 544 1269 cir-citer,
566 1224 689 1275 primo
715 1225 785 1262 coli
813 1224 891 1261 sive
919 1225 1042 1273 rumpi
1070 1224 1116 1261 ad
1143 1223 1425 1269 seminandum,
1446 1228 1482 1259 et
1507 1227 1592 1259 ante
1620 1222 1712 1259 illud

178 1286 323 1333 tempus
342 1295 417 1333 quo
435 1283 558 1334 coepit
574 1283 645 1320 coli
664 1283 762 1320 dicta
781 1288 894 1329 terra,
917 1283 1010 1320 adeo
1027 1283 1092 1319 diu
1107 1283 1273 1332 jacuerat
1287 1282 1425 1318 inculta
1439 1281 1540 1331 quod
1557 1293 1631 1317 non
1648 1294 1712 1316 ex-

180 1341 254 1382 titit
275 1342 454 1379 memoria
471 1342 575 1393 quod
594 1348 700 1380 antea
719 1343 818 1380 culta
837 1342 981 1388 suisset,
1000 1347 1035 1379 et
1053 1341 1263 1379 communis
1282 1341 1352 1378 l'uit
1370 1340 1498 1391 opinio
1517 1339 1711 1376 hominum

177 1400 243 1452 qui
261 1400 361 1438 dicto
379 1405 544 1452 tempore
562 1406 742 1439 noverant
761 1401 898 1439 dictam
916 1406 1068 1446 terram,
1087 1400 1187 1452 quod
1201 1405 1284 1437 ante
1297 1399 1438 1436 dictum
1454 1404 1598 1449 tempus
1613 1398 1711 1436 dicta

178 1463 274 1497 terra
299 1472 374 1496 non
402 1459 594 1496 colebatur
616 1464 652 1496 et
675 1460 778 1510 quod
805 1473 880 1497 non
906 1459 1115 1496 habebatur
1139 1458 1315 1495 memoria
1340 1457 1391 1504 de
1417 1457 1541 1507 aliqua
1569 1458 1711 1494 cultura

179 1517 299 1556 dictae
317 1522 449 1564 terrae,
467 1517 530 1555 sed
547 1518 651 1568 quod
669 1522 747 1556 erat
763 1518 870 1555 bassa
888 1522 924 1555 et
941 1517 1090 1568 penitus
1109 1517 1259 1554 inculta.

197 1611 203 1614 ,
226 1576 436 1624 Quaeratur
455 1588 475 1612 a
498 1575 668 1625 quolibet
693 1580 783 1613 teste
806 1589 853 1613 an
878 1577 982 1613 locus
1008 1576 1085 1613 sive
1112 1581 1205 1613 terra
1226 1589 1321 1626 quae
1340 1575 1479 1611 dicitur
1496 1574 1712 1624 Molendyc„

178 1635 225 1672 de
248 1634 356 1684 cujus
380 1639 498 1672 terrae
523 1635 676 1672 decimis
699 1635 868 1685 quaestio
892 1635 1048 1672 vertitur
1073 1636 1170 1672 inter
1194 1635 1386 1672 ecelesiam
1412 1634 1458 1671 de
1483 1634 1637 1679 nodulo,
1669 1648 1713 1671 ex

176 1705 248 1738 una
267 1697 386 1743 parte,
407 1693 658 1735 etecelesiam
681 1693 727 1730 de
743 1693 923 1739 Bosselw,
946 1708 991 1731 ex
1009 1694 1137 1739 altera,
1159 1694 1277 1743 jaceat
1300 1693 1393 1730 infra
1415 1692 1648 1744 parrochiam
1668 1691 1714 1729 de

180 1749 348 1788 Lokerne
365 1755 402 1788 et
418 1751 513 1788 infra
532 1752 710 1791 Wasiam.

190 1842 196 1846 .
227 1808 318 1846 ltem
335 1815 537 1860 quaeratur
553 1811 582 1848 si
603 1812 739 1849 recolat
755 1812 859 1862 quod
878 1812 972 1849 vidit
988 1813 1125 1850 dictam
1145 1817 1278 1849 terram
1293 1812 1416 1862 jacere
1436 1812 1624 1849 incultam.

228 1867 317 1904 ltem
336 1873 537 1918 quaeratur
553 1870 583 1906 si
604 1874 692 1908 tunc
710 1870 805 1908 vidit
823 1870 960 1908 dictam
981 1875 1115 1908 terram
1134 1875 1170 1907 et
1185 1884 1363 1921 aquosam
1381 1876 1415 1908 ct
1434 1871 1485 1908 ibi
1500 1870 1709 1907 conservari

179 1938 313 1976 aquam
331 1926 377 1963 ad
396 1939 490 1977 opus
510 1929 727 1966 molendini.

227 1984 315 2021 Item
334 1991 535 2035 quaeratur
551 1987 580 2023 si
601 1987 839 2037 postmodum
859 1988 953 2025 vidit
970 1988 1106 2025 dictam
1128 1994 1260 2025 terram
1274 1988 1343 2024 coli
1360 1987 1481 2037 primo
1496 1987 1572 2023 sive
1586 1987 1704 2036 frangi

179 2041 225 2078 ad
243 2043 515 2081 seminandum.

227 2100 434 2148 Quaeratur
452 2102 562 2139 etiam
581 2103 627 2140 dc
646 2108 823 2154 tempore.

227 2158 316 2195 Item
335 2165 532 2207 quaeratur
549 2174 595 2198 an
613 2175 780 2212 unquam
802 2162 896 2199 vidit
912 2163 968 2199 vel
989 2162 1131 2199 audivit
1154 2162 1315 2213 aliquem
1335 2167 1398 2198 aut
1414 2161 1558 2212 aliquos
1581 2162 1710 2199 dicen-

179 2221 231 2254 tes
255 2219 354 2267 quod
380 2223 465 2254 ante
490 2219 631 2256 dictum
659 2225 819 2271 tempus⁷
843 2220 982 2257 scilicet
1006 2234 1081 2271 quo
1108 2220 1200 2256 vidit
1229 2220 1299 2257 coli
1325 2220 1462 2269 primo,
1491 2220 1632 2257 viderat
1654 2221 1708 2257 vel

179 2275 345 2312 audierat
362 2275 498 2314 dictam
519 2281 653 2315 terram
671 2292 739 2316 suo
760 2283 924 2329 tempore
950 2279 1086 2316 cultam
1115 2279 1238 2315 fuisse.

229 2334 318 2370 ltem
336 2339 537 2384 quaeratur
551 2336 581 2373 si
601 2341 705 2383 tunc,
728 2337 867 2374 scilieet
883 2337 1035 2387 quando
1054 2337 1148 2374 vidit
1165 2337 1234 2374 coli
1254 2336 1390 2386 primo,
1409 2337 1618 2373 communis
1642 2337 1709 2373 suit

181 2391 308 2442 opinio
334 2391 528 2431 hominum
555 2395 620 2445 qui
648 2399 737 2432 tunc
767 2400 951 2433 noverunt
976 2395 1112 2432 dictam
1141 2400 1290 2440 terram,
1322 2394 1422 2445 quod
1454 2400 1538 2431 ante
1566 2395 1706 2432 dietum
