2184 3074
475 358 547 397 542
1023 354 1188 392 conssx
1215 339 1459 394 DUNENs'is.

1112 517 1381 556 CCCLXXVIl.

477 636 575 686 Bref
594 635 806 673 d’lnnocent
823 633 885 670 JV
903 646 953 670 au
973 632 1181 670 characelier
1206 633 1249 670 de
1269 633 1405 678 Paris,
1423 632 1558 683 relatis
1573 646 1652 671 aum
1673 615 1789 671 dimea
1812 634 1857 672 de
1878 634 2014 686 l’dqlise

980 691 1023 728 de
1049 690 1504 728 Saint-Roch-sur-Seine.
1870 714 1874 717 -

522 883 761 921 Innocentius
775 887 931 934 quartus
949 883 1170 920 cancellario
1186 883 1386 921 Parisiensi
1405 888 1442 921 et
1459 884 1610 936 collegis
1628 885 1716 923 suis.
1737 884 2012 924 venerabilium

474 944 630 980 fratrum
651 947 863 979 nostrorum
891 942 1201 993 Rothomagensis
1228 942 1498 993 archiepiscopi
1525 946 1562 980 et
1587 943 1828 981 Lexoviensis
1849 943 2014 994 episcopi

474 1000 778 1051 procuratoribus
798 1001 836 1037 in
856 1005 981 1038 nostra
999 1001 1206 1052 praesentia
1226 1000 1454 1048 constitutis,
1469 1002 1624 1052 praefati
1638 1001 1907 1053 archiepiscopi
1925 998 2015 1052 pro-

474 1064 622 1096 curator
639 1059 809 1096 libellum
827 1059 966 1097 obtulit
985 1060 1022 1096 in
1043 1060 1144 1097 hunc
1163 1060 1318 1097 modum
1334 1075 1340 1096 :

522 1119 618 1156 Petit
637 1119 946 1170 Rothomagensis
965 1119 1270 1170 archiepiscopus
1290 1125 1332 1157 ut
1350 1133 1436 1157 cum
1455 1121 1607 1158 ecclesia
1626 1120 1751 1158 Sancti
1766 1120 1885 1159 Rochi
1901 1133 2014 1172 supra

471 1179 669 1224 Secanam,
697 1182 771 1215 tota
797 1178 993 1229 parrochia
1019 1184 1055 1216 et
1078 1179 1275 1230 parrochia
1298 1179 1465 1229 ejusdem
1488 1180 1662 1218 ecclesiae
1686 1179 1783 1217 infra
1805 1180 1898 1217 fines
1925 1192 2014 1217 suae

472 1236 640 1286 dyocesis
654 1237 729 1274 sint
742 1237 811 1274 sita
822 1266 831 1283 ,
844 1242 880 1274 et
895 1237 933 1274 in
947 1237 1114 1287 ejusdem
1130 1237 1375 1289 dispositione
1389 1251 1431 1275 ac
1445 1231 1625 1289 potestate
1639 1239 1685 1276 de
1694 1239 1781 1289 jure
1797 1238 2013 1285 consistant,

472 1309 514 1332 ac
537 1295 734 1346 episcopus
759 1295 999 1333 Lexoviensis
1022 1297 1061 1333 in
1086 1296 1225 1333 eisdem
1245 1296 1475 1334 decimarum
1494 1298 1770 1349 perceptionem
1789 1301 1825 1335 et
1841 1297 1913 1335 alia
1927 1296 2013 1348 jura

472 1354 696 1404 episcopalia
722 1354 769 1391 de
792 1355 904 1401 sacto,
929 1355 1102 1405 quamvis
1126 1356 1173 1392 de
1195 1356 1281 1406 jure
1305 1369 1380 1393 non
1406 1356 1542 1407 possit,
1561 1361 1740 1408 usurpet:
1761 1369 1877 1408 quare
1893 1355 2014 1394 eidem

472 1413 753 1464 archiepiscopo
777 1418 812 1451 et
834 1413 913 1464 ejus
932 1415 1211 1453 successoribus
1230 1415 1268 1452 in
1287 1415 1487 1466 praedictis
1506 1429 1655 1453 omnem
1678 1415 1962 1467 dispositionem
1979 1418 2016 1452 et

472 1472 764 1519 ordinationem,
784 1472 1055 1510 institutionem
1080 1477 1116 1510 et
1137 1473 1417 1511 destitutionem
1440 1478 1476 1511 et
1497 1486 1557 1511 eas
1580 1473 1652 1512 sibi
1675 1473 1755 1525 lege
1779 1473 2013 1524 dyochesana

471 1531 655 1581 subjectas
669 1531 866 1581 judicetis,
884 1536 920 1569 et
937 1545 1005 1583 per
1022 1533 1243 1570 sententiam
1262 1532 1455 1570 declaretis
1473 1536 1510 1570 et
1527 1532 1777 1583 pronuntietis
1797 1532 1844 1570 ad
1870 1532 2013 1569 dictum

470 1590 687 1641 episcopum
712 1594 748 1626 et
773 1590 853 1639 ejus
877 1603 1107 1629 successores
1132 1586 1398 1642 in'praedictis
1425 1592 1572 1629 nullum
1592 1591 1655 1641 jus
1672 1591 1719 1628 de
1736 1596 1879 1628 caetero
1897 1590 2014 1642 perti-

472 1661 576 1695 nere,
594 1652 630 1685 et
646 1648 749 1698 quod
769 1648 867 1686 idem
885 1650 1082 1701 episcopus
1105 1650 1344 1688 Lexoviensis
1363 1650 1564 1688 satisfaciat
1581 1649 1628 1686 de
1645 1650 1829 1702 perceptis
1847 1650 1894 1687 ab
1912 1661 1957 1686 eo
1973 1649 2013 1687 in

471 1706 608 1744 eisdem
626 1707 732 1753 locis,
747 1708 941 1745 occasione
954 1708 1013 1745 vel
1028 1709 1181 1745 nomine
1195 1708 1340 1758 jurium
1359 1707 1628 1759 episcopalium
1647 1707 1773 1745 omnia
1790 1720 1886 1759 quae
1903 1706 2014 1751 aesti-

471 1770 547 1802 mat
564 1765 787 1816 quingentas
806 1767 974 1805 marchas
993 1768 1135 1818 argenti
1154 1773 1190 1805 et
1208 1781 1294 1805 una.

519 1824 743 1862 Procurator
759 1839 847 1862 vero
866 1826 1108 1865 Lexoviensis
1127 1827 1312 1878 episcopi,
1331 1827 1433 1865 salvo
1450 1826 1554 1878 quod
1573 1838 1642 1863 nec
1661 1826 1890 1863 Lexoviense
1907 1825 2012 1876 capi-

469 1884 607 1930 tulum,
627 1896 695 1921 nec
712 1888 886 1931 rectores,
905 1897 974 1922 nec
992 1885 1145 1924 clericos
1164 1885 1404 1923 ecclesiarum
1425 1885 1590 1936 ipsarum
1610 1885 1650 1921 in
1665 1883 1865 1936 praedictis
1881 1883 2028 1925 desem,

468 1943 574 1989 dere,
595 1955 663 1979 nec
687 1955 815 1980 eorum
837 1944 901 1994 jus
923 1944 962 1981 in
983 1945 1172 1995 judicium
1191 1945 1375 1983 deducere
1394 1944 1625 1991 intendebat,
1647 1944 1750 1981 litem
1769 1942 2010 1981 contestando

468 2001 667 2052 respondet
680 2002 782 2052 quod
796 2003 916 2040 dictae
930 2005 1106 2042 ecclesiae
1123 2018 1166 2042 ac
1183 2005 1400 2056 parrochiae
1420 2005 1585 2042 decimae
1603 2007 1640 2041 ct
1655 2003 1781 2041 omnia
1798 2002 2009 2054 supradicta

468 2060 514 2096 de
539 2060 678 2110 quibus
703 2061 841 2110 agitur,
867 2061 905 2098 in
932 2062 1084 2112 dyocesi
1111 2063 1403 2115 Rothomagensi
1428 2063 1658 2109 consistunt,
1689 2075 1758 2099 nec
1775 2061 1913 2098 debent
1929 2060 2008 2098 fieri

468 2131 564 2169 quae
587 2132 607 2155 a
630 2123 733 2168 parte
752 2119 1029 2171 archiepiscopi
1049 2122 1167 2172 ipsius
1193 2122 1431 2172 petebantur,
1451 2134 1536 2159 cum
1557 2120 1796 2158 Lexoviensis
1815 2119 2012 2170 episcopus

467 2182 502 2214 et
519 2177 598 2227 ejus
617 2177 769 2215 ecclesia
788 2191 901 2228 super
919 2180 1117 2236 praedictis
1136 2185 1173 2218 et
1190 2181 1350 2231 singulis
1368 2180 1581 2231 praemissis
1600 2178 1894 2230 praescriptione
1916 2177 2010 2228 legi-
2031 2219 2037 2224 ,

467 2235 554 2272 tima
570 2236 777 2283 muniatur,
792 2237 954 2288 exceptis
970 2238 1123 2276 ecclesia
1137 2245 1173 2277 et
1187 2239 1384 2290 parrochia
1399 2239 1445 2276 de
1457 2267 1590 2276 ......
1607 2251 1720 2289 super
1732 2237 1871 2289 quibus
1888 2236 2010 2273 dictus

466 2298 685 2343 procurator
703 2294 757 2330 liti
777 2295 884 2332 cedit.

514 2352 684 2402 Cumque
703 2365 814 2403 super
833 2353 905 2391 hiis
922 2354 1100 2392 dilectum
1120 2355 1241 2392 filium
1260 2356 1478 2407 magistrum
1498 2355 1623 2393 Sancti
1641 2383 1774 2391 ......
1794 2353 2006 2403 dyaconum

465 2409 689 2446 cardinalem
714 2408 926 2450 dederimus
953 2413 1162 2451 auditorem
1190 2419 1226 2451 et
1248 2415 1286 2451 in
1312 2415 1392 2465 ejus
1417 2413 1625 2465 praesentia
1649 2415 1909 2464 procuratores
1935 2410 2006 2461 ipsi

465 2467 696 2517 aliquamdiu
723 2469 945 2519 litigassent,
972 2471 1122 2509 tandem
1149 2473 1304 2524 praefati
1335 2472 1606 2523 archiepiscopi
1633 2473 1854 2522 procurator
1878 2474 2006 2506 contra
