2184 3074
460 252 531 289 554
1009 248 1168 285 CODEX
1197 249 1442 287 DUNENSlS.

1578 332 1605 353 4

459 381 534 405 non
555 368 714 404 debeant
731 366 777 403 ad
800 365 1050 416 receptionem
1069 365 1186 411 illius,
1204 366 1383 416 proponit
1400 370 1436 403 et
1461 366 1553 403 dicit
1577 371 1706 406 contra
1723 369 1861 407 dictam
1884 371 1997 408 Kate-

457 428 576 465 rinam
595 430 630 463 et
647 438 731 463 suas
749 425 888 461 litteras
905 424 1109 460 antedictas
1130 424 1233 474 quod
1260 424 1380 461 littera
1397 438 1463 462 sua
1483 425 1672 475 praedicta
1690 426 1863 465 inefficax
1883 433 1939 467 est
1962 435 1998 467 et

457 485 634 531 invalida,
652 489 688 520 et
704 486 879 519 virtutem
901 494 976 518 non
997 482 1108 518 habet
1126 495 1200 532 qua
1219 482 1420 532 recipiatur
1438 483 1495 519 vel
1519 483 1634 534 recipi
1659 484 1792 522 debeat
1810 485 1849 522 in
1865 499 1996 524 mona-

457 543 566 580 cham
592 546 626 579 et
652 553 816 578 sororem
839 553 858 576 a
883 539 991 577 dictis
1014 540 1199 577 abbatissa
1221 544 1257 577 et
1278 546 1484 588 conventu,
1511 542 1722 579 rationibus
1753 543 1996 581 inferioribus

456 603 640 640 annotatis
670 613 829 651 quarum
859 599 980 650 prima
1013 603 1068 636 est
1100 600 1182 637 talis
1209 613 1323 649 quam
1354 600 1475 638 dictus
1507 605 1728 651 procurator
1751 597 1929 652 proponit
1948 602 1995 639 ad

456 663 569 699 finem
588 659 831 710 praedictum.
842 658 883 694 In
898 658 1058 694 claustro
1072 658 1172 694 enim
1187 658 1377 708 praedicto
1391 659 1437 695 de
1450 659 1626 696 mandato
1642 659 1747 697 Sedis
1761 661 1996 711 Apostolicae

455 719 624 770 patribus
638 716 837 754 abbatibus
851 716 940 752 alias
953 715 1095 752 directo
1114 721 1234 754 certus
1249 729 1427 754 numerus
1446 718 1716 755 monacharum
1730 723 1786 756 est
1801 718 1995 757 institutus

454 790 520 827 per
544 774 793 813 venerabilem
821 778 963 824 patrem
994 774 1159 823 ipsarum
1190 774 1387 812 dominum
1420 775 1593 813 abbatem
1621 776 1930 815 Clarevallensem
1959 781 1995 815 et

453 835 669 873 auctoritate
695 833 883 884 praedicta
907 833 1070 882 legitime
1090 833 1347 881 confirmatus,
1373 848 1486 884 quem
1510 848 1710 872 numerum
1737 836 1934 873 observare
1959 841 1995 874 et

452 894 624 931 eumdem
655 905 731 929 non
762 892 957 937 excedere,
988 891 1202 940 juramento
1231 893 1473 943 corporaliter
1506 893 1701 944 praestito,
1728 894 1992 945 promiserunt.

454 953 559 990 Unde
586 964 671 988 cum
692 950 730 986 in
753 949 850 986 dicta
873 949 993 987 littera
1019 949 1066 986 de
1088 949 1307 999 hujusmodi
1334 964 1490 988 numero
1509 956 1608 989 certo
1629 952 1733 988 nulla
1751 952 1816 989 fiat
1834 953 1990 1000 mentio,

453 1016 494 1048 ut
511 1011 677 1055 deberet⁷
698 1009 818 1045 littera
833 1009 911 1059 ipsa
930 1008 1101 1045 inefficax
1120 1013 1156 1045 et
1174 1009 1336 1046 invalida
1355 1014 1409 1047 est
1422 1010 1618 1048 censenda.

502 1068 672 1106 Secunda
702 1067 795 1104 ratio
825 1067 907 1104 talis
934 1072 988 1104 est
1014 1067 1117 1118 quod
1142 1068 1318 1105 Katerina
1349 1069 1536 1118 praedicta
1558 1069 1719 1106 litteram
1750 1070 1991 1120 apostolicam

454 1128 513 1165 cui
534 1127 682 1164 inititur
699 1126 856 1163 falsitate
874 1130 1043 1176 suggesta
1060 1130 1096 1162 et
1109 1126 1261 1162 veritate
1276 1126 1384 1163 tacita
1400 1126 1631 1177 impetravit,
1651 1140 1727 1164 non
1752 1127 1992 1178 impetratura

454 1187 611 1224 litteram
630 1186 748 1235 ipsam
767 1184 866 1221 alias.
886 1184 1027 1222 Asserit
1043 1185 1142 1221 enim
1162 1185 1359 1222 litteratam
1376 1198 1413 1222 se
1435 1199 1532 1231 esse,
1551 1199 1637 1222 cum
1657 1189 1783 1222 tamen
1804 1185 1991 1224 illitterata

453 1245 602 1290 existat,
631 1247 758 1292 utpote
785 1255 860 1279 non
887 1242 1101 1280 discernens
1123 1256 1218 1293 quae
1244 1243 1364 1280 littera
1395 1243 1443 1280 sit
1470 1243 1607 1280 vocalis
1636 1243 1694 1280 vel
1722 1256 1930 1281 consonans
1956 1249 1992 1282 et

452 1317 564 1356 quem
583 1304 707 1340 locum
726 1302 860 1338 debeat
884 1302 1053 1339 obtinere
1074 1315 1149 1339 una
1174 1303 1294 1339 littera
1319 1303 1377 1340 vel
1400 1303 1512 1340 altera
1538 1303 1577 1340 in
1600 1303 1864 1353 conjunctione
1890 1304 1990 1354 ipsa-

452 1376 554 1409 rum
571 1374 682 1412 quem
701 1361 811 1397 etiam
828 1361 951 1397 locum
970 1374 1006 1411 q.
1026 1361 1146 1397 littera
1173 1361 1289 1411 magis
1308 1375 1421 1412 quam
1446 1375 1476 1398 c.
1509 1361 1629 1398 littera
1653 1361 1822 1398 obtinere
1842 1362 1989 1408 debeat,

452 1436 499 1459 an
527 1421 637 1458 etiam
665 1433 699 1455 v.
723 1419 843 1455 littera
860 1431 1007 1469 semper
1025 1419 1102 1455 vim
1122 1432 1227 1456 suam
1254 1419 1389 1456 habeat
1408 1419 1622 1456 differenter
1646 1420 1704 1457 vel
1733 1420 1988 1467 uniformiter,

452 1482 567 1518 immo
585 1478 734 1529 penitus
761 1491 910 1514 omnem
928 1477 1005 1514 vim
1028 1477 1171 1514 litterae
1194 1478 1359 1527 ignorat,
1379 1483 1415 1515 et
1439 1478 1627 1516 illitterata
1645 1479 1770 1517 verius
1788 1492 1903 1530 quam
1925 1480 1989 1517 lit-

452 1543 566 1576 terata
586 1537 716 1574 merito
735 1541 790 1573 est
807 1536 1002 1573 censenda.

499 1598 689 1634 Praeterea
712 1609 796 1632 cum
821 1595 1007 1632 illitterata
1037 1594 1145 1631 fuerit
1170 1599 1206 1631 et
1226 1594 1332 1631 hoc'
1322 1608 1446 1645 ipsum
1466 1608 1599 1646 negare
1617 1607 1692 1632 non
1711 1597 1845 1646 possit,
1866 1596 1989 1635 adhuc

448 1656 634 1693 illitterata
660 1654 912 1705 praesumitur
937 1658 973 1690 et
1000 1666 1068 1704 pro
1095 1653 1281 1690 illitterata
1309 1655 1441 1691 merito
1467 1654 1578 1691 debet
1607 1654 1757 1702 haberi,
1789 1669 1857 1693 nec
1886 1656 1986 1694 enim

449 1714 624 1751 dominus
642 1726 738 1764 papa
761 1712 799 1748 in
822 1725 888 1749 sua
914 1712 1034 1749 littera
1057 1725 1137 1748 eam
1160 1712 1408 1749 examinatam
1432 1713 1545 1750 fuisse
1567 1713 1613 1749 de
1634 1713 1759 1764 aliqua
1782 1714 1986 1752 litteratura

447 1773 504 1810 vel
523 1771 652 1810 asserit
668 1771 725 1808 vel
749 1775 919 1816 testatur,
937 1774 980 1807 ut
996 1770 1219 1820 probatione
1245 1770 1473 1808 litteraturae
1490 1771 1703 1822 propositae
1721 1785 1797 1809 non
1815 1772 1863 1810 sit
1879 1786 1986 1824 opus.

494 1830 615 1868 Tertia
634 1829 728 1866 ratio
746 1842 859 1879 quam
877 1828 1056 1879 proponit
1073 1833 1293 1879 procurator
1310 1830 1522 1880 praedictus
1540 1830 1587 1867 ad
1605 1830 1718 1867 finem
1737 1831 1986 1881 praedictum,

447 1895 501 1928 est
526 1890 607 1927 talis
627 1905 634 1926 ε

496 1947 691 1999 Religiosis
708 1946 1014 1984 Cisterciensibus
1038 1951 1112 1983 tam
1134 1946 1389 1983 monachabus
1407 1960 1521 1998 quam
1542 1947 1736 1985 monachis
1757 1948 1940 1986 universis
1963 1961 1985 1986 a

448 2009 541 2047 Sede
562 2007 774 2058 Apostolica
799 2003 854 2044 est
878 2006 1069 2043 indultum
1096 2010 1138 2043 ut
1163 2006 1311 2042 nullum
1329 2005 1528 2056 recipiant,
1547 2020 1616 2044 nec
1636 2007 1799 2058 recipere
1820 2008 1986 2059 compel-

449 2069 573 2104 lantur
588 2066 627 2103 in
644 2064 870 2102 monachum
885 2065 943 2101 vel
958 2077 1179 2102 conversum
1190 2093 1200 2111 ,
1216 2063 1439 2101 monacham
1453 2065 1511 2102 vel
1526 2077 1742 2103 conversam
1762 2079 1829 2116 per
1847 2065 1985 2104 litteras

447 2126 552 2163 Sedis
579 2124 812 2175 Apostolicae
838 2136 913 2160 non
940 2123 1115 2160 facientes
1137 2123 1286 2173 plenam
1309 2127 1344 2159 et
1370 2136 1582 2173 expressam
1606 2123 1652 2160 de
1675 2123 1822 2161 indulto
1850 2123 1985 2173 hujus-

447 2184 548 2221 modi
570 2183 817 2228 mentionem,
809 2199 816 2205 ·
837 2181 938 2218 unde
956 2195 1041 2218 cum
1063 2181 1102 2218 in
1120 2181 1218 2218 dicta
1236 2182 1357 2218 littera
1375 2195 1449 2232 qua
1471 2181 1647 2218 Katerina
1666 2181 1853 2232 praedicta
1866 2182 1986 2219 utitur

447 2248 482 2280 et
504 2242 563 2279 cui
582 2242 661 2292 ipsa
684 2241 841 2287 inititur,
861 2240 962 2277 nulla
985 2240 1049 2277 fiat
1067 2240 1207 2277 mentio
1225 2240 1271 2277 de
1292 2240 1440 2277 indulto
1454 2239 1661 2290 praedicto,
1682 2239 1898 2290 hujusmodi
1917 2253 1983 2278 sua

449 2303 567 2338 littera
586 2314 661 2337 non
678 2300 864 2337 immerito
882 2305 937 2337 est
954 2300 1125 2337 inefficax
1143 2304 1180 2337 et
1197 2300 1360 2337 invalida
1377 2299 1598 2350 reputanda.

498 2359 577 2397 Hiis
607 2359 815 2395 rationibus
847 2363 882 2395 et
910 2359 992 2396 aliis
1022 2372 1115 2409 quas
1146 2359 1320 2396 discretio
1346 2363 1485 2405 vestra,
1513 2358 1665 2395 domine
1688 2357 1822 2407 judex,
1851 2330 1982 2397 nolens
