2184 3074
726 303 887 341 conEx
915 301 1157 341 DUNENSlS.
1634 302 1705 340 485

805 465 1073 505 cccxxxvu.

176 583 407 621 Mandemenl
431 583 475 620 de
500 584 611 629 Jean,
638 582 722 621 abbe
750 582 974 621 d’Eeckhout
996 584 1020 621 ἀ
1042 584 1208 635 Bruqea,
1235 590 1357 621 contre
1379 584 1429 621 les
1462 590 1703 635 usurpateurs

583 641 645 679 des
663 641 762 680 biens
782 642 833 679 du
851 644 1053 680 monestere
1069 642 1113 679 de
1134 642 1291 680 rhosan.

223 835 413 874 Iohannes
424 865 433 882 ,
450 835 518 873 Dei
537 836 779 886 permissione
803 836 918 874 abbas
933 837 979 874 de
996 837 1142 875 Echout
1159 838 1197 874 in
1218 837 1350 888 Brugis
1363 866 1372 883 ‚
1390 836 1564 874 defensor
1580 835 1701 873 bono-

173 906 257 931 rum
275 898 312 931 et
335 906 459 931 rerum
482 893 528 930 ad
552 895 818 932 monasterium
839 894 886 932 de
909 894 1076 942 Thosan,
1102 894 1352 932 Cistereiensis
1374 894 1535 940 ordinis,
1559 894 1702 932 Torna-

174 951 292 989 censis
310 951 498 1002 dyocesis,
519 952 829 1003 exspectantium,
849 957 885 990 et
901 966 1052 990 suarum
1071 966 1336 1004 personarum,
1355 952 1537 990 universis
1556 952 1703 1003 presbi-

175 1009 279 1056 teris,
305 1010 504 1060 capellanis
535 1014 571 1047 et
594 1010 737 1048 clericis
763 1011 810 1048 ad
838 1024 933 1062 quos
963 1016 1171 1062 praesentes
1198 1012 1339 1049 litterae
1368 1011 1615 1062 pervenerint,
1633 1023 1702 1062 pro

174 1067 559 1106 excommunicatione
577 1067 743 1105 facienda
762 1082 808 1106 ex
825 1068 1011 1106 dictorum
1029 1069 1075 1106 de
1091 1069 1239 1107 Thosan
1262 1074 1388 1107 nostro
1407 1068 1558 1106 nomine
1576 1068 1703 1119 requi·

175 1125 274 1172 sitis,
293 1125 511 1163 auctoritate
527 1126 728 1176 apostolica
746 1126 962 1177 deputatus,
979 1127 1133 1165 salutem
1153 1127 1191 1164 in
1212 1127 1381 1164 Domino.

223 1182 452 1221 Auctoritate
468 1196 543 1234 qua
561 1183 766 1234 fungimur,
783 1184 890 1222 vobis
908 1184 1083 1222 omnibus
1101 1189 1137 1222 et
1155 1185 1312 1236 singulis
1337 1185 1375 1222 in
1395 1186 1532 1222 virtute
1555 1189 1701 1222 sanctae

174 1241 407 1279 obedientiae
424 1246 461 1285 et
478 1242 548 1280 sub
564 1255 682 1293 poena
696 1243 950 1293 suspensionis
965 1247 1001 1280 et
1013 1243 1406 1281 excommunicationis
1423 1256 1535 1294 quam
1554 1256 1702 1280 exnunc

174 1303 218 1336 ut
231 1303 369 1338 extunc
386 1300 539 1337 serimus
556 1299 597 1337 in
609 1300 782 1348 rebelles,
794 1301 1056 1352 praecipiendo
1074 1301 1294 1339 mandamus
1308 1301 1484 1352 quatinus
1502 1300 1701 1338 inhibeatis

173 1357 350 1396 omnibus
381 1362 493 1409 atque
524 1358 697 1409 singulis,
729 1359 986 1410 cujuscunque
1010 1359 1219 1410 dignitatis,
1247 1359 1471 1397 conditionis
1501 1364 1564 1396 aut
1587 1363 1702 1396 status

172 1415 351 1463 existant,
377 1417 443 1467 qui
473 1416 616 1467 aliquid
654 1416 692 1454 in
722 1417 839 1464 bona,
871 1431 928 1455 res
962 1422 1027 1454 aut
1060 1431 1235 1468 personas
1266 1417 1451 1455 dictorum
1481 1417 1527 1454 de
1554 1416 1703 1454 Thosan

172 1475 435 1526 praejudiciale
460 1476 549 1527 ipsis
574 1480 791 1527 attemptare
818 1477 873 1514 vel
897 1476 991 1514 velle
1013 1477 1131 1514 facere
1150 1476 1397 1523 videbuntur,
1425 1490 1470 1513 ne
1494 1475 1701 1527 quidquam

173 1534 308 1571 faciant
330 1534 387 1571 vel
413 1538 649 1585 attemptent,
674 1534 783 1571 tacite
807 1535 864 1572 vel
890 1547 1078 1585 expresse,
1104 1535 1160 1571 vel
1187 1534 1266 1572 fieri
1296 1546 1449 1585 quoquo
1472 1533 1584 1571 modo
1614 1546 1703 1584 pro-

172 1596 302 1629 curent
322 1592 425 1642 quod
447 1592 558 1629 fuerit
575 1593 614 1630 in
633 1597 818 1639 nostrum,
838 1593 952 1630 immo
972 1593 1095 1630 verius
1117 1593 1156 1630 in
1175 1592 1281 1630 Sedis
1300 1592 1532 1643 Apostolicae
1549 1591 1698 1642 praeju-

170 1649 311 1686 dicium
329 1653 365 1686 et
376 1649 562 1687 dictorum
575 1648 622 1686 de
639 1644 787 1687 Thosan
805 1650 1028 1702 dampnum,
1043 1650 1219 1700 injuriam
1238 1651 1294 1688 vel
1313 1663 1509 1701 gravamen
1529 1650 1699 1700 aliquod,

171 1707 289 1744 autin
308 1708 422 1744 ullam
442 1708 648 1746 molestiam
667 1709 901 1756 eorumdem,
920 1713 956 1746 et
972 1710 1111 1760 quibus
1129 1709 1288 1746 feceritis
1307 1709 1416 1746 talem
1435 1708 1699 1745 inhibitionem

174 1765 353 1803 moneatis
370 1765 519 1803 eosdem
539 1766 700 1817 legitime
727 1771 770 1804 ut
791 1771 943 1818 pareant
967 1767 1183 1805 inhibitioni
1202 1766 1434 1817 hujusmodi,
1450 1779 1562 1817 quam
1581 1765 1701 1816 legiti-

173 1835 272 1860 mam
294 1823 372 1860 t'ore
398 1823 585 1861 notorium
610 1828 664 1861 est
691 1824 814 1875 negari
841 1838 916 1862 non
942 1838 1060 1876 posse.
1086 1825 1123 1862 Si
1156 1837 1307 1875 quoque
1333 1823 1475 1875 aliquid
1506 1828 1633 1860 contra
1655 1823 1702 1859 de

174 1881 269 1919 facto
293 1881 417 1931 potius
439 1895 552 1932 quam
581 1882 627 1919 de
653 1882 739 1931 jure
765 1883 934 1929 fecerint,
962 1883 1055 1920 illud
1081 1883 1229 1933 penitus
1255 1882 1417 1920 revocari
1446 1887 1647 1932 procurent
1668 1887 1704 1918 et

172 1946 345 1979 revocent
361 1946 545 1992 quantum
564 1942 601 1979 in
628 1943 679 1980 eis
701 1943 812 1980 suerit
829 1957 914 1981 cum
933 1943 1076 1981 effectu.
1102 1943 1139 1980 Si
1169 1956 1254 1980 vero
1282 1943 1495 1980 inhibitioni
1519 1948 1554 1979 et
1581 1943 1704 1979 moni·

175 2000 266 2037 tioni
286 2001 485 2051 praedictis
506 2014 634 2052 parcre
659 2003 888 2053 neglexerint
906 2007 941 2040 et
958 2003 1065 2040 nobis
1079 2015 1230 2053 quoque
1248 2015 1312 2039 seu
1336 2001 1458 2052 potius
1477 2001 1562 2038 Sedi
1585 2003 1704 2050 Apos-

173 2057 303 2095 tolicae
329 2058 368 2095 in
399 2059 610 2109 praemissis
636 2060 694 2097 vel
727 2061 1015 2111 praemissorum
1046 2061 1172 2111 aliquo
1203 2073 1287 2097 cum
1320 2059 1452 2096 effectu
1484 2072 1548 2096 seu
1580 2059 1702 2110 operis

173 2115 336 2154 efficacia
354 2129 429 2154 non
448 2118 659 2155 curaverint
675 2118 845 2165 obedire,
865 2119 947 2156 illos
965 2123 1001 2156 et
1013 2132 1142 2156 omnes
1160 2124 1196 2155 et
1210 2118 1377 2169 singulos
1391 2130 1501 2168 quos,
1518 2117 1568 2154 ob
1585 2117 1703 2154 dictos

172 2187 300 2212 eorum
319 2176 606 2222 contumaciam,
632 2177 661 2214 si
688 2177 884 2228 contigerit
907 2190 1007 2222 eam,
1025 2177 1127 2227 quod
1146 2177 1260 2223 absit,
1280 2176 1358 2213 fieri
1371 2205 1380 2222 ,
1400 2175 1702 2212 excommunica-

177 2246 259 2271 mus
286 2246 435 2271 exnunc
465 2239 506 2271 nt
535 2239 672 2272 extunc
703 2240 829 2273 tenore
856 2236 1106 2287 praesentium
1132 2237 1170 2273 in
1202 2235 1273 2273 hiis
1299 2235 1464 2285 scriptis,
1487 2247 1704 2271 excommu-

176 2291 316 2329 nicatos
333 2292 502 2342 publice,
521 2293 738 2344 ubicunque
751 2295 1100 2345 etquandocunque
1118 2294 1286 2345 requisiti
1306 2293 1468 2338 fueritis,
1486 2292 1705 2329 denuntiare

175 2350 321 2389 curetis.
340 2350 377 2389 Si
396 2364 482 2388 vero
504 2352 619 2402 aliqui
647 2353 1053 2391 excommunicatorum
1076 2354 1150 2390 sint
1175 2353 1270 2390 inter
1287 2357 1449 2390 caeteros
1468 2351 1574 2402 quasi
1595 2356 1701 2388 nota-

179 2409 289 2455 biles,
308 2409 417 2447 nobis
439 2423 567 2447 eorum
592 2411 742 2448 nomina
768 2412 994 2457 rescribatis,
1021 2416 1062 2449 ut
1088 2412 1236 2462 gravius
1264 2415 1390 2448 contra
1418 2423 1479 2447 eos
1507 2409 1706 2460 procedere
