2184 3074
731 323 893 362 CODEX
922 324 1162 363 DUNENSlS.
1639 325 1711 362 255

857 499 1044 538 CXLVlll.

176 619 296 656 Lelere
312 618 479 656 adresse'e
496 618 519 655 ἀ
537 617 693 669 leveque
709 618 754 655 de
776 619 954 668 Tournay
970 619 1017 668 (P)
1042 618 1193 656 relative
1209 620 1232 656 ἀ
1250 620 1408 657 certains
1425 620 1546 670 fieres
1563 631 1712 656 com-ers

281 676 332 714 du
350 678 553 714 manascere
570 676 614 713 de
635 675 784 714 Tltosan
801 689 870 727 que
887 676 960 714 l’on
979 690 1001 714 α
1020 678 1072 715 dc&
1087 677 1212 715 reduit
1228 678 1252 715 ἀ
1269 683 1395 715 mettre
1411 691 1455 715 en
1469 679 1612 728 prison.

226 872 442 910 Reverendo
465 872 559 924 patri
591 886 633 910 ac
662 872 816 910 domino
848 873 885 909 in
912 872 1060 910 Christo
1088 873 1282 910 karissimo
1314 873 1469 911 domino
1500 873 1568 910 Dei
1598 873 1714 924 gratia

176 931 378 970 venerabili
383 960 576 969 ......
602 931 778 983 episcopo
793 931 882 968 tales
900 931 1055 968 salutem
1074 931 1170 968 etad
1189 945 1294 970 suam
1312 932 1554 970 reverentiam
1569 936 1605 969 et
1622 931 1716 969 bene

177 989 310 1041 placita
327 990 438 1028 corda
456 995 492 1028 et
508 990 628 1042 capita
647 989 840 1027 humiliter
857 989 1043 1027 inclinata.

225 1047 319 1085 Cum
338 1061 405 1086 nos
422 1048 611 1086 visitantes
630 1048 897 1086 monasterium
915 1048 962 1085 de
979 1048 1127 1086 'rhosan
1139 1078 1149 1095 ,
1166 1049 1269 1099 quod
1288 1049 1397 1086 vestri
1420 1049 1716 1100 praedecessores

177 1110 211 1144 et
229 1106 483 1158 progenitores
497 1119 642 1158 semper
654 1106 878 1158 specialibus
892 1106 1083 1144 favoribus
1101 1111 1137 1144 et
1153 1107 1280 1157 gratiis
1295 1108 1462 1145 attollere
1475 1111 1714 1151 curaverunt,

178 1164 266 1202 tales
280 1177 476 1202 conversos
491 1164 528 1201 in
543 1164 712 1215 partibus
730 1164 1010 1203 Sud-Beveland
1027 1167 1034 1184 ⁴
1052 1164 1230 1202 hactenus
1244 1170 1492 1203 commoratos
1505 1165 1598 1203 adeo
1611 1165 1716 1202 inve·

177 1214 341 1260 norimus
359 1222 458 1260 viam
476 1222 709 1262 obedientiae
726 1222 932 1261 deseruisse
956 1227 993 1260 et
1016 1223 1215 1260 excessisse
1245 1224 1462 1270 enormiter,
1485 1224 1655 1261 scismata
1683 1229 1718 1261 et

177 1280 381 1319 discordias
406 1281 626 1319 seminando
656 1281 998 1332 etpraesumendo
1017 1281 1260 1333 quamplura,
1285 1295 1381 1333 quae
1409 1295 1558 1320 omnem
1581 1282 1718 1320 hones-

178 1343 288 1377 tatem
306 1343 342 1376 σι
359 1339 550 1390 religionis
567 1343 703 1377 statum
725 1339 974 1386 dedecebant,
996 1353 1092 1390 quae
1119 1353 1186 1378 nos
1211 1340 1313 1378 salvo
1338 1340 1471 1378 ordine
1488 1346 1615 1379 nostro
1642 1354 1717 1378 non

177 1397 248 1436 sub
266 1397 563 1435 dissimulatione
580 1410 656 1435 non
677 1410 876 1448 possumus
901 1397 1136 1448 aliquatenus
1158 1399 1396 1449 pertransire,
1424 1398 1523 1449 ipsos
1543 1400 1620 1437 suis
1637 1400 1718 1437 exi-

176 1455 349 1508 gentibus
375 1455 496 1506 culpis
517 1459 552 1493 et
570 1455 776 1502 demeritis,
795 1469 842 1493 ne
862 1469 928 1494 sua
948 1456 987 1493 in
1006 1460 1060 1494 tot
1078 1456 1185 1494 malis
1203 1456 1357 1494 audacia
1382 1457 1546 1495 inveniat
1570 1471 1715 1496 succes-

178 1529 296 1564 soreS,
315 1531 463 1556 necesse
481 1517 682 1556 habuimus
700 1518 837 1556 carceri
858 1518 1089 1569 mancipare,
1107 1523 1188 1566 etc.,
1207 1523 1249 1556 ut
1267 1519 1381 1569 prius.

843 1650 848 1655 ,
881 1641 1002 1653 ..ο-οω-

868 1785 1025 1824 CXLIX.

225 1899 459 1938 Mandemem
487 1900 540 1938 du
572 1901 746 1939 cardinal
775 1902 961 1953 Berenqer
989 1902 1142 1940 Fredoli
1170 1903 1194 1939 ἀ
1221 1902 1333 1940 l'abbe'
1362 1903 1407 1941 de
1438 1903 1662 1948 Clairvaux,
1714 1925 1717 1930 =

272 1958 408 2009 relatis
417 1972 495 1997 auae
511 1960 685 1999 violence-3
702 1962 863 1999 eaeerce'es
882 1974 960 2011 par
976 1964 1134 2000 certains
1154 1961 1335 2013 reliqieux
1360 1968 1392 2000 et
1412 1975 1489 2012 par
1507 1964 1664 2000 certains

272 2018 392 2068 freres
417 2033 577 2058 convers.

224 2193 484 2244 Berengarius,
503 2195 738 2233 miseratione
756 2197 883 2234 divina
901 2197 1010 2234 titulo
1029 2201 1241 2234 sanctorum
1257 2195 1362 2232 Nerei
1382 2199 1418 2232 et
1430 2195 1586 2232 Achillei
1607 2208 1711 2246 pres-

173 2252 282 2302 byter
299 2253 513 2300 cardinalis,
531 2253 667 2292 dilecto
684 2256 756 2293 sibi
777 2256 815 2293 in
837 2256 985 2293 Christo
1010 2255 1135 2292 abbati
1160 2253 1440 2299 Clarevallensi,
1459 2253 1710 2291 Cistcrciensis

174 2310 331 2358 ordinis,
353 2311 596 2362 Lingonensis
614 2313 799 2364 dyocesis,
817 2315 973 2352 salutem
993 2314 1030 2350 in
1045 2313 1219 2350 Domino.

211 2442 218 2455 “
242 2439 296 2467 not
309 2441 388 2468 d‘unc
403 2442 504 2469 lecture
518 2442 571 2469 sort
584 2443 721 2470 (lomense.
