2184 3074
749 201 911 240 conssx
938 202 1182 242 DUNENSIS.
1660 203 1731 248 455

204 332 397 371 nunquam
422 319 605 367 relicitur,
633 319 698 357 sed
724 324 826 357 tanto
853 319 937 370 plus
963 319 1077 357 esurit
1103 323 1244 371 quanto
1275 332 1355 357 eam
1389 320 1513 370 plures
1537 320 1733 370 contigerit

204 378 458 417 momordisse.
488 378 597 416 Nulla
630 377 797 422 scientia,
832 378 934 415 nulla
965 377 1162 428 prudentia
1189 377 1318 415 mortis
1352 377 1520 415 debitum
1548 377 1733 428 praevalet

205 449 396 483 excusare,
428 449 661 475 summorum
694 449 858 487 namque
887 435 1107 487 pontificum
1136 435 1268 472 devota
1300 435 1444 486 religio,
1474 435 1731 486 phariseorum

206 494 419 546 prudentia,
437 494 640 545 imperialis
667 493 857 543 majestas,
875 506 1003 543 regum
1022 493 1232 531 sublimitas
1249 498 1286 530 et
1304 492 1561 531 thesaurorum
1579 493 1732 531 immen-

204 553 292 591 sitas
305 566 498 604 nunquam
514 557 716 604 potuerunt
729 552 866 594 evitare
879 552 1002 590 brevis
1015 552 1212 589 articulum
1227 552 1449 602 sepulturae.
1467 552 1585 590 Proch
1604 553 1729 590 dolor!

204 611 297 649 Cum
316 611 430 663 igitur
459 610 571 648 homo
589 614 696 647 natus
715 610 762 647 de
779 610 934 647 muliere
951 623 1036 647 cum
1065 615 1167 647 reatu
1192 610 1294 647 brevi
1314 610 1440 648 vivens
1463 615 1629 661 tempore
1646 624 1730 648 cum

204 674 303 707 metu
331 668 369 706 in
397 668 466 706 hac
491 668 709 720 plorationis
735 669 829 705 valle
855 668 982 705 multis
1006 668 1163 706 miseriis
1188 669 1390 719 repleatur,
1410 674 1446 705 et
1469 669 1515 706 ad
1544 668 1731 706 modicum

204 726 347 774 floreat,
369 727 407 764 in
426 726 529 764 brevi
548 726 696 763 decidat
718 730 755 763 et
775 730 929 771 arescat,
954 726 992 762 in
1015 726 1123 763 nobis
1144 725 1381 776 singulariter
1407 739 1481 763 non
1502 727 1736 777 praejudica-

205 791 282 833 tur,
307 799 392 823 cum
425 785 496 822 hoc
528 798 695 822 amarum
728 785 904 835 poculum
935 784 973 820 in
1007 784 1080 821 tine
1108 785 1283 822 omnibus
1314 785 1549 835 propinetur,
1579 791 1615 823 et
1641 787 1735 823 sicut

204 845 280 882 vita
298 843 462 881 hominis
479 843 614 881 militat
631 855 743 893 super
761 847 911 886 terram,
926 842 975 879 ita
994 842 1073 892 ejus
1091 843 1243 893 spiritus
1259 844 1570 893 contemplatione
1584 843 1736 881 merito-

205 915 287 939 rum
313 915 466 939 suorum
490 901 625 938 militat
648 900 788 938 scilicet
804 900 842 937 in
861 900 974 937 vitam
1001 905 1207 946 aeternam,
1234 901 1298 938 sed
1316 901 1485 938 coronari
1506 915 1580 939 non
1600 902 1737 939 dicitur

206 961 276 999 nisi
304 961 370 1011 qui
398 960 560 1012 legitime
585 959 792 1005 certaverit,
818 958 988 996 videlicet
1020 958 1216 996 militando
1243 963 1370 996 contra
1398 959 1622 1010 multiplices
1648 960 1736 998 hos·

207 1019 300 1057 tium
327 1019 480 1056 insidias
505 1022 542 1056 et
563 1022 739 1064 terrores,
758 1021 911 1054 naturae
927 1017 1095 1054 debitum
1113 1017 1266 1054 reddere
1285 1017 1388 1063 licet,
1406 1018 1493 1068 quia
1512 1031 1622 1055 omne
1639 1032 1736 1056 com—

206 1078 370 1130 positum
396 1075 621 1128 philosopho
642 1079 796 1112 testante
820 1075 1047 1121 dissolvitur,
1071 1079 1107 1112 et
1130 1079 1274 1125 praeter
1291 1075 1441 1126 angelos
1458 1076 1580 1113 omnis
1598 1077 1734 1114 occidit

206 1139 390 1179 creatura,
409 1135 494 1173 licet
510 1135 610 1171 enim
634 1139 718 1184 post
741 1138 898 1171 mortem
925 1133 1139 1170 temeritatis
1158 1133 1342 1170 humanae
1359 1133 1406 1171 sit
1423 1139 1464 1171 ut
1482 1134 1594 1171 homo
1613 1134 1736 1172 homi-

208 1207 292 1232 nem
302 1222 313 1239 ,
331 1193 422 1231 civis
435 1193 552 1230 civem
568 1192 729 1230 Domino
742 1193 822 1230 Deo
835 1196 962 1229 nostro
974 1191 1102 1229 audiat
1116 1192 1388 1238 commendare,
1402 1205 1487 1229 cum
1502 1193 1655 1231 cuilibet
1668 1207 1735 1244 pro

208 1256 323 1290 semet
349 1252 430 1302 ipso
447 1251 510 1288 vix
529 1264 635 1288 orare
652 1251 829 1297 sufficiat,
850 1255 971 1287 tamen
991 1251 1076 1300 jure
1094 1250 1220 1287 debito
1238 1250 1406 1288 instituta
1425 1256 1571 1301 patrum
1591 1257 1738 1290 nostro-

209 1323 292 1348 rum
310 1309 480 1360 exempla
495 1313 691 1360 sequentes
709 1313 745 1346 et
761 1308 924 1359 vestigiis
944 1308 1161 1355 eorumdem
1181 1308 1413 1346 inhaerentes
1431 1309 1526 1347 circa
1543 1310 1737 1348 defunctos

211 1368 452 1407 humanitatis
478 1367 702 1405 beneficium
723 1371 759 1404 et
779 1367 826 1404 dc
844 1367 1022 1404 ineffabili
1040 1367 1107 1404 Dei
1127 1366 1379 1404 misericordia
1398 1368 1457 1405 cui
1476 1369 1544 1405 soli
1562 1370 1739 1419 competit

208 1428 432 1466 medicinam
460 1431 662 1478 praestare,
688 1431 772 1478 post
797 1431 953 1464 mortem
976 1426 1155 1463 debemus
1182 1426 1392 1463 nullatenus
1416 1426 1628 1478 desperare,
1653 1428 1737 1473 sed,

209 1491 252 1524 ut
267 1486 319 1523 ait
334 1485 450 1524 Judas
468 1485 706 1530 Machabeus,
724 1484 1011 1522 saluberrimum
1029 1489 1084 1521 est
1101 1497 1169 1534 pro
1187 1483 1370 1521 defunctis
1389 1497 1541 1522 exorare
1558 1491 1600 1522 ut
1613 1498 1632 1522 a
1651 1499 1738 1536 pec-

209 1545 300 1584 catis
316 1545 519 1590 solvantur,
537 1547 574 1581 et
593 1543 720 1581 nullus
738 1543 818 1581 sine
835 1543 991 1580 crimine
1013 1543 1105 1579 vivit
1123 1547 1276 1593 propter
1298 1543 1531 1593 fragilitatem
1557 1543 1740 1582 humanae

211 1608 384 1650 naturae,
404 1615 501 1653 quae
523 1602 647 1639 labilis
675 1606 746 1647 est,
770 1606 812 1639 ut
834 1601 926 1638 dicit
949 1601 1174 1652 capitulum,
1193 1601 1239 1638 ad
1258 1601 1390 1638 delicta
1409 1617 1416 1637 :
1439 1601 1578 1639 idcirco
1604 1602 1739 1639 sanctis

209 1662 377 1714 patribus
410 1660 796 1712 reputatur-difficile,
823 1659 939 1697 immo
968 1659 1075 1710 quasi
1103 1659 1350 1709 impossibile,
1378 1672 1462 1696 cum
1498 1660 1535 1696 in
1568 1659 1739 1697 humanis

210 1719 506 1765 inventionibus,
530 1722 685 1756 testante
710 1717 916 1763 Prisciano,
943 1717 1060 1754 nichil
1088 1717 1239 1754 firmum
1271 1722 1333 1754 aut
1353 1717 1491 1766 ‚stabile
1518 1723 1738 1768 perseveret,

210 1782 464 1816 verumtamen
486 1781 707 1828 perurgente
721 1789 788 1814 nos
806 1776 968 1813 humana
987 1776 1136 1826 pietate,
1157 1780 1234 1813 toto
1251 1776 1363 1813 corde
1380 1780 1415 1813 et
1434 1780 1508 1813 tota
1526 1776 1649 1813 anima
1665 1790 1739 1827 qua
1775 1787 1777 1790 ·

210 1838 330 1875 Deum
349 1841 385 1873 et
405 1835 618 1886 proximum
645 1834 800 1884 diligitis
823 1834 862 1871 in
888 1848 962 1885 qua
981 1834 1019 1871 in
1047 1834 1194 1871 Christo
1212 1847 1330 1871 unum
1351 1847 1496 1880 sumus,
1516 1834 1741 1872 Universita-

212 1901 284 1934 tem
304 1895 484 1941 Vestram,
503 1898 686 1945 quantum
704 1906 917 1944 possumus,
936 1893 1128 1930 humiliter
1144 1898 1180 1930 et
1196 1893 1327 1930 devote
1345 1893 1521 1930 duximus
1538 1893 1739 1929 exhortan-

208 1954 297 1992 dam
328 1953 504 2004 quatinus
536 1952 673 1990 intuitu
702 1952 846 2003 pietatis
877 1956 913 1989 et
942 1951 1217 1988 misericordiae
1247 1951 1422 1988 fratribus
1453 1950 1588 1987 nostris
1621 1963 1741 2000 nuper

211 2011 417 2057 defunctis,
442 2010 614 2048 videlicet
638 2010 793 2056 talibus,
816 2009 1026 2047 orationum
1045 2014 1250 2046 vestrarum
1273 2009 1449 2059 suffragio
1466 2008 1689 2045 succurratis
1706 2013 1742 2044 et

213 2071 252 2108 in
268 2074 371 2108 tanto
388 2069 544 2106 articulo
563 2082 716 2106 manum
736 2068 1010 2106 misericordiae
1028 2067 1225 2118 porrigatis
1243 2071 1284 2104 ut
1303 2080 1396 2117 quas
1416 2071 1651 2117 peccatorum
1669 2079 1742 2103 ma-

211 2129 313 2166 culas
331 2141 376 2165 ex
394 2127 608 2164 infirmitate
621 2127 742 2164 carnis
756 2131 820 2163 aut
833 2125 1043 2163 insidiantis
1057 2125 1199 2162 inimici
1215 2125 1452 2175 subgestione
1465 2129 1740 2161 contraxerunt.

204 2186 293 2224 >illas
311 2185 564 2222 misericordia
592 2185 711 2222 deleat
738 2190 774 2222 et
796 2185 997 2234 abstergat,
1014 2183 1186 2220 videlicet
1209 2184 1274 2231 llle
1291 2183 1350 2220 cui
1374 2183 1565 2233 proprium
1584 2187 1638 2220 est
1656 2196 1743 2233 par-

212 2257 294 2282 cere
310 2257 454 2294 semper
471 2248 508 2281 et
524 2243 705 2285 misereri,
725 2243 814 2294 quia
836 2255 1039 2293 paucorum
1054 2246 1108 2279 est
1124 2242 1236 2278 vitam
1256 2246 1485 2291 praesentem
1500 2241 1580 2278 sine
1598 2240 1739 2277 macula

212 2302 420 2340 terminare.
438 2302 564 2341 Rotuli
587 2301 698 2351 hujus
717 2302 934 2352 portitorem
955 2301 1064 2338 talem
1088 2300 1194 2337 vobis
1212 2299 1419 2350 specialiter
1436 2299 1740 2336 commendamus
