<?xml version="1.0" encoding="UTF-8"?>
<!DOCTYPE html PUBLIC "-//W3C//DTD XHTML 1.0 Transitional//EN"
    "http://www.w3.org/TR/xhtml1/DTD/xhtml1-transitional.dtd">
<html xmlns="http://www.w3.org/1999/xhtml" xml:lang="en" lang="en">
 <head>
  <title>
</title>
<meta http-equiv="Content-Type" content="text/html;charset=utf-8" />
  <meta name='ocr-system' content='tesseract 3.04.00' />
  <meta name='ocr-capabilities' content='ocr_page ocr_carea ocr_par ocr_line ocrx_word'/>
</head>
<body>
  <div class='ocr_page' id='page_1' title='image "./codexdunensissiv00kervuoft/codexdunensissiv00kervuoft_0212.png"; bbox 0 0 2184 3074; ppageno 0'>
   <div class='ocr_carea' id='block_1_1' title="bbox 451 308 1436 347">
    <p class='ocr_par' dir='ltr' id='par_1_1' title="bbox 451 308 1436 347">
     <span class='ocr_line' id='line_1_1' title="bbox 451 308 1436 347; baseline 0 -1"><span class='ocrx_word' id='word_1_1' title='bbox 451 309 522 347; x_wconf 74' lang='lat'><strong>170</strong></span> <span class='ocrx_word' id='word_1_2' title='bbox 1003 308 1164 346; x_wconf 83' lang='lat' dir='ltr'><strong>CODEX</strong></span> <span class='ocrx_word' id='word_1_3' title='bbox 1191 309 1436 346; x_wconf 84' lang='lat' dir='ltr'><strong>DUNENSIS.</strong></span> 
     </span>
    </p>
   </div>
   <div class='ocr_carea' id='block_1_2' title="bbox 448 426 1996 2479">
    <p class='ocr_par' dir='ltr' id='par_1_2' title="bbox 448 426 1995 2421">
     <span class='ocr_line' id='line_1_2' title="bbox 450 426 1988 476; baseline 0.003 -14"><span class='ocrx_word' id='word_1_4' title='bbox 450 439 527 462; x_wconf 90' lang='lat' dir='ltr'><strong>rem</strong></span> <span class='ocrx_word' id='word_1_5' title='bbox 545 426 713 463; x_wconf 90' lang='lat' dir='ltr'><strong>debitum</strong></span> <span class='ocrx_word' id='word_1_6' title='bbox 729 427 766 462; x_wconf 89' lang='lat' dir='ltr'><strong>in</strong></span> <span class='ocrx_word' id='word_1_7' title='bbox 781 440 823 462; x_wconf 91' lang='lat' dir='ltr'><strong>eo</strong></span> <span class='ocrx_word' id='word_1_8' title='bbox 841 440 955 476; x_wconf 84' lang='lat' dir='ltr'><strong>regno</strong></span> <span class='ocrx_word' id='word_1_9' title='bbox 969 426 1155 476; x_wconf 85' lang='lat' dir='ltr'><strong>deputatis</strong></span> <span class='ocrx_word' id='word_1_10' title='bbox 1169 440 1188 463; x_wconf 86' lang='lat' dir='ltr'><strong>a</strong></span> <span class='ocrx_word' id='word_1_11' title='bbox 1204 427 1320 463; x_wconf 81' lang='lat' dir='ltr'><strong>felicis</strong></span> <span class='ocrx_word' id='word_1_12' title='bbox 1337 427 1605 464; x_wconf 82' lang='lat' dir='ltr'><strong>recordationis</strong></span> <span class='ocrx_word' id='word_1_13' title='bbox 1618 428 1772 466; x_wconf 84' lang='lat' dir='ltr'><strong>domino</strong></span> <span class='ocrx_word' id='word_1_14' title='bbox 1786 429 1988 466; x_wconf 61' lang='lat' dir='ltr'><strong>Benedicta)</strong></span> 
     </span>
     <span class='ocr_line' id='line_1_3' title="bbox 449 483 1990 536; baseline 0.005 -17"><span class='ocrx_word' id='word_1_15' title='bbox 449 496 544 534; x_wconf 88' lang='lat' dir='ltr'><strong>papa</strong></span> <span class='ocrx_word' id='word_1_16' title='bbox 565 483 779 530; x_wconf 80' lang='lat' dir='ltr'><strong>undecimo,</strong></span> <span class='ocrx_word' id='word_1_17' title='bbox 797 497 863 533; x_wconf 91' lang='lat' dir='ltr'><strong>per</strong></span> <span class='ocrx_word' id='word_1_18' title='bbox 880 484 1018 521; x_wconf 89' lang='lat' dir='ltr'><strong>litteras</strong></span> <span class='ocrx_word' id='word_1_19' title='bbox 1033 484 1138 521; x_wconf 88' lang='lat' dir='ltr'><strong>Sedis</strong></span> <span class='ocrx_word' id='word_1_20' title='bbox 1153 484 1403 534; x_wconf 75' lang='lat' dir='ltr'><strong>Apostolicae,</strong></span> <span class='ocrx_word' id='word_1_21' title='bbox 1422 485 1706 536; x_wconf 74' lang='lat' dir='ltr'><strong>praetendentes</strong></span> <span class='ocrx_word' id='word_1_22' title='bbox 1731 491 1767 524; x_wconf 88' lang='lat' dir='ltr'><strong>et</strong></span> <span class='ocrx_word' id='word_1_23' title='bbox 1789 494 1990 526; x_wconf 77' lang='lat' dir='ltr'><strong>asserentes</strong></span> 
     </span>
     <span class='ocr_line' id='line_1_4' title="bbox 451 541 1992 594; baseline 0.004 -17"><span class='ocrx_word' id='word_1_24' title='bbox 451 554 489 578; x_wconf 92' lang='lat' dir='ltr'><strong>se</strong></span> <span class='ocrx_word' id='word_1_25' title='bbox 519 541 726 578; x_wconf 83' lang='lat' dir='ltr'><strong>executioni</strong></span> <span class='ocrx_word' id='word_1_26' title='bbox 751 541 914 578; x_wconf 88' lang='lat' dir='ltr'><strong>mandati</strong></span> <span class='ocrx_word' id='word_1_27' title='bbox 941 542 1133 592; x_wconf 88' lang='lat' dir='ltr'><strong>apostolici</strong></span> <span class='ocrx_word' id='word_1_28' title='bbox 1164 542 1342 592; x_wconf 80' lang='lat' dir='ltr'><strong>praedicti</strong></span> <span class='ocrx_word' id='word_1_29' title='bbox 1371 543 1418 580; x_wconf 87' lang='lat' dir='ltr'><strong>ad</strong></span> <span class='ocrx_word' id='word_1_30' title='bbox 1443 557 1616 594; x_wconf 78' lang='lat' dir='ltr'><strong>praesens</strong></span> <span class='ocrx_word' id='word_1_31' title='bbox 1642 545 1837 582; x_wconf 90' lang='lat' dir='ltr'><strong>commode</strong></span> <span class='ocrx_word' id='word_1_32' title='bbox 1861 559 1992 583; x_wconf 85' lang='lat' dir='ltr'><strong>vacare</strong></span> 
     </span>
     <span class='ocr_line' id='line_1_5' title="bbox 453 600 1990 652; baseline 0.005 -17"><span class='ocrx_word' id='word_1_33' title='bbox 453 611 527 636; x_wconf 90' lang='lat' dir='ltr'><strong>non</strong></span> <span class='ocrx_word' id='word_1_34' title='bbox 546 613 666 650; x_wconf 89' lang='lat' dir='ltr'><strong>posse,</strong></span> <span class='ocrx_word' id='word_1_35' title='bbox 683 612 795 650; x_wconf 90' lang='lat' dir='ltr'><strong>super</strong></span> <span class='ocrx_word' id='word_1_36' title='bbox 812 600 988 637; x_wconf 90' lang='lat' dir='ltr'><strong>omnibus</strong></span> <span class='ocrx_word' id='word_1_37' title='bbox 1002 604 1037 637; x_wconf 90' lang='lat' dir='ltr'><strong>et</strong></span> <span class='ocrx_word' id='word_1_38' title='bbox 1054 600 1212 651; x_wconf 82' lang='lat' dir='ltr'><strong>singulis</strong></span> <span class='ocrx_word' id='word_1_39' title='bbox 1226 601 1265 638; x_wconf 92' lang='lat' dir='ltr'><strong>in</strong></span> <span class='ocrx_word' id='word_1_40' title='bbox 1279 601 1388 644; x_wconf 84' lang='lat' dir='ltr'><strong>dictis</strong></span> <span class='ocrx_word' id='word_1_41' title='bbox 1408 601 1621 652; x_wconf 89' lang='lat' dir='ltr'><strong>apostolicis</strong></span> <span class='ocrx_word' id='word_1_42' title='bbox 1641 602 1772 640; x_wconf 87' lang='lat' dir='ltr'><strong>litteris</strong></span> <span class='ocrx_word' id='word_1_43' title='bbox 1790 604 1990 651; x_wconf 81' lang='lat' dir='ltr'><strong>contentis,</strong></span> 
     </span>
     <span class='ocr_line' id='line_1_6' title="bbox 452 657 1990 712; baseline 0.005 -19"><span class='ocrx_word' id='word_1_44' title='bbox 452 658 490 694; x_wconf 85' lang='lat' dir='ltr'><strong>in</strong></span> <span class='ocrx_word' id='word_1_45' title='bbox 509 663 691 708; x_wconf 87' lang='lat' dir='ltr'><strong>quantum</strong></span> <span class='ocrx_word' id='word_1_46' title='bbox 711 658 852 695; x_wconf 88' lang='lat' dir='ltr'><strong>litterae</strong></span> <span class='ocrx_word' id='word_1_47' title='bbox 871 657 1086 708; x_wconf 89' lang='lat' dir='ltr'><strong>hujusmodi</strong></span> <span class='ocrx_word' id='word_1_48' title='bbox 1108 659 1430 710; x_wconf 90' lang='lat' dir='ltr'><strong>archiepiscopum</strong></span> <span class='ocrx_word' id='word_1_49' title='bbox 1443 690 1452 707; x_wconf 86' lang='lat'><strong>,</strong></span> <span class='ocrx_word' id='word_1_50' title='bbox 1471 660 1682 712; x_wconf 89' lang='lat' dir='ltr'><strong>episcopos,</strong></span> <span class='ocrx_word' id='word_1_51' title='bbox 1703 662 1854 708; x_wconf 87' lang='lat' dir='ltr'><strong>electos,</strong></span> <span class='ocrx_word' id='word_1_52' title='bbox 1873 663 1990 700; x_wconf 87' lang='lat' dir='ltr'><strong>abba-</strong></span> 
     </span>
     <span class='ocr_line' id='line_1_7' title="bbox 453 717 1989 769; baseline 0.005 -18"><span class='ocrx_word' id='word_1_53' title='bbox 453 721 522 762; x_wconf 91' lang='lat' dir='ltr'><strong>tes,</strong></span> <span class='ocrx_word' id='word_1_54' title='bbox 546 717 686 766; x_wconf 89' lang='lat' dir='ltr'><strong>priores</strong></span> <span class='ocrx_word' id='word_1_55' title='bbox 719 720 755 752; x_wconf 87' lang='lat' dir='ltr'><strong>et</strong></span> <span class='ocrx_word' id='word_1_56' title='bbox 783 717 874 753; x_wconf 87' lang='lat' dir='ltr'><strong>alios</strong></span> <span class='ocrx_word' id='word_1_57' title='bbox 906 718 1105 767; x_wconf 85' lang='lat' dir='ltr'><strong>praelatos,</strong></span> <span class='ocrx_word' id='word_1_58' title='bbox 1132 718 1308 768; x_wconf 85' lang='lat' dir='ltr'><strong>capitula,</strong></span> <span class='ocrx_word' id='word_1_59' title='bbox 1340 719 1494 769; x_wconf 83' lang='lat' dir='ltr'><strong>collegia</strong></span> <span class='ocrx_word' id='word_1_60' title='bbox 1525 723 1560 756; x_wconf 81' lang='lat' dir='ltr'><strong>et</strong></span> <span class='ocrx_word' id='word_1_61' title='bbox 1587 725 1807 767; x_wconf 89' lang='lat' dir='ltr'><strong>conventus,</strong></span> <span class='ocrx_word' id='word_1_62' title='bbox 1836 726 1871 758; x_wconf 89' lang='lat' dir='ltr'><strong>et</strong></span> <span class='ocrx_word' id='word_1_63' title='bbox 1900 721 1989 759; x_wconf 86' lang='lat' dir='ltr'><strong>alias</strong></span> 
     </span>
     <span class='ocr_line' id='line_1_8' title="bbox 450 774 1991 830; baseline 0.005 -21"><span class='ocrx_word' id='word_1_64' title='bbox 450 787 578 810; x_wconf 91' lang='lat' dir='ltr'><strong>omnes</strong></span> <span class='ocrx_word' id='word_1_65' title='bbox 596 779 631 810; x_wconf 90' lang='lat' dir='ltr'><strong>et</strong></span> <span class='ocrx_word' id='word_1_66' title='bbox 648 774 813 824; x_wconf 87' lang='lat' dir='ltr'><strong>singulas</strong></span> <span class='ocrx_word' id='word_1_67' title='bbox 830 788 1006 824; x_wconf 86' lang='lat' dir='ltr'><strong>personas</strong></span> <span class='ocrx_word' id='word_1_68' title='bbox 1025 776 1288 814; x_wconf 86' lang='lat' dir='ltr'><strong>ecclesiasticas</strong></span> <span class='ocrx_word' id='word_1_69' title='bbox 1307 777 1522 828; x_wconf 87' lang='lat' dir='ltr'><strong>provinciae</strong></span> <span class='ocrx_word' id='word_1_70' title='bbox 1540 779 1732 816; x_wconf 88' lang='lat' dir='ltr'><strong>Remensis</strong></span> <span class='ocrx_word' id='word_1_71' title='bbox 1751 779 1991 830; x_wconf 81' lang='lat' dir='ltr'><strong>comprehen-</strong></span> 
     </span>
     <span class='ocr_line' id='line_1_9' title="bbox 450 832 1991 889; baseline 0.005 -22"><span class='ocrx_word' id='word_1_72' title='bbox 450 832 560 878; x_wconf 90' lang='lat' dir='ltr'><strong>dunt,</strong></span> <span class='ocrx_word' id='word_1_73' title='bbox 580 833 783 868; x_wconf 79' lang='lat' dir='ltr'><strong>venerabili</strong></span> <span class='ocrx_word' id='word_1_74' title='bbox 804 833 884 869; x_wconf 95' lang='lat' dir='ltr'><strong>viro</strong></span> <span class='ocrx_word' id='word_1_75' title='bbox 903 834 1078 884; x_wconf 85' lang='lat' dir='ltr'><strong>magistro</strong></span> <span class='ocrx_word' id='word_1_76' title='bbox 1098 834 1299 872; x_wconf 87' lang='lat' dir='ltr'><strong>Guillelmo</strong></span> <span class='ocrx_word' id='word_1_77' title='bbox 1314 836 1360 872; x_wconf 91' lang='lat' dir='ltr'><strong>de</strong></span> <span class='ocrx_word' id='word_1_78' title='bbox 1380 836 1560 883; x_wconf 86' lang='lat' dir='ltr'><strong>Gisortio,</strong></span> <span class='ocrx_word' id='word_1_79' title='bbox 1573 836 1842 884; x_wconf 68' lang='lat' dir='ltr'><strong>:archidiacono</strong></span> <span class='ocrx_word' id='word_1_80' title='bbox 1865 838 1991 889; x_wconf 80' lang='lat' dir='ltr'><strong>Algiae</strong></span> 
     </span>
     <span class='ocr_line' id='line_1_10' title="bbox 450 890 1991 946; baseline 0.005 -21"><span class='ocrx_word' id='word_1_81' title='bbox 450 891 488 926; x_wconf 88' lang='lat' dir='ltr'><strong>in</strong></span> <span class='ocrx_word' id='word_1_82' title='bbox 509 890 661 927; x_wconf 89' lang='lat' dir='ltr'><strong>ecclesia</strong></span> <span class='ocrx_word' id='word_1_83' title='bbox 679 891 922 937; x_wconf 84' lang='lat' dir='ltr'><strong>Luxoviensi,</strong></span> <span class='ocrx_word' id='word_1_84' title='bbox 943 892 1041 929; x_wconf 87' lang='lat' dir='ltr'><strong>vices</strong></span> <span class='ocrx_word' id='word_1_85' title='bbox 1062 906 1147 930; x_wconf 82' lang='lat' dir='ltr'><strong>suas</strong></span> <span class='ocrx_word' id='word_1_86' title='bbox 1168 894 1397 931; x_wconf 86' lang='lat' dir='ltr'><strong>commiserit</strong></span> <span class='ocrx_word' id='word_1_87' title='bbox 1414 894 1533 932; x_wconf 90' lang='lat' dir='ltr'><strong>donec</strong></span> <span class='ocrx_word' id='word_1_88' title='bbox 1550 908 1610 932; x_wconf 88' lang='lat' dir='ltr'><strong>eas</strong></span> <span class='ocrx_word' id='word_1_89' title='bbox 1629 895 1674 932; x_wconf 83' lang='lat' dir='ltr'><strong>ad</strong></span> <span class='ocrx_word' id='word_1_90' title='bbox 1695 895 1797 946; x_wconf 86' lang='lat' dir='ltr'><strong>ipsos</strong></span> <span class='ocrx_word' id='word_1_91' title='bbox 1815 895 1991 934; x_wconf 78' lang='lat' dir='ltr'><strong>duxerint</strong></span> 
     </span>
     <span class='ocr_line' id='line_1_11' title="bbox 451 949 1992 1006; baseline 0.005 -22"><span class='ocrx_word' id='word_1_92' title='bbox 451 949 693 994; x_wconf 74' lang='lat' dir='ltr'><strong>revocandas3</strong></span> <span class='ocrx_word' id='word_1_93' title='bbox 712 954 748 986; x_wconf 84' lang='lat' dir='ltr'><strong>et</strong></span> <span class='ocrx_word' id='word_1_94' title='bbox 765 950 976 1000; x_wconf 91' lang='lat' dir='ltr'><strong>praedictus</strong></span> <span class='ocrx_word' id='word_1_95' title='bbox 995 952 1169 1002; x_wconf 82' lang='lat' dir='ltr'><strong>magister</strong></span> <span class='ocrx_word' id='word_1_96' title='bbox 1181 953 1413 999; x_wconf 91' lang='lat' dir='ltr'><strong>Willelmus,</strong></span> <span class='ocrx_word' id='word_1_97' title='bbox 1428 953 1713 991; x_wconf 85' lang='lat' dir='ltr'><strong>archidiaconus</strong></span> <span class='ocrx_word' id='word_1_98' title='bbox 1729 954 1872 1004; x_wconf 80' lang='lat' dir='ltr'><strong>Algiae,</strong></span> <span class='ocrx_word' id='word_1_99' title='bbox 1890 968 1992 1006; x_wconf 83' lang='lat' dir='ltr'><strong>prae-</strong></span> 
     </span>
     <span class='ocr_line' id='line_1_12' title="bbox 452 1009 1991 1062; baseline 0.005 -18"><span class='ocrx_word' id='word_1_100' title='bbox 452 1009 605 1045; x_wconf 91' lang='lat' dir='ltr'><strong>tendens</strong></span> <span class='ocrx_word' id='word_1_101' title='bbox 626 1014 662 1045; x_wconf 89' lang='lat' dir='ltr'><strong>et</strong></span> <span class='ocrx_word' id='word_1_102' title='bbox 679 1023 844 1047; x_wconf 88' lang='lat' dir='ltr'><strong>asserens</strong></span> <span class='ocrx_word' id='word_1_103' title='bbox 868 1015 1053 1048; x_wconf 82' lang='lat' dir='ltr'><strong>monetam</strong></span> <span class='ocrx_word' id='word_1_104' title='bbox 1081 1012 1326 1062; x_wconf 73' lang='lat' dir='ltr'><strong>praedictam,</strong></span> <span class='ocrx_word' id='word_1_105' title='bbox 1345 1013 1507 1049; x_wconf 80' lang='lat' dir='ltr'><strong>maxime</strong></span> <span class='ocrx_word' id='word_1_106' title='bbox 1524 1013 1799 1050; x_wconf 87' lang='lat' dir='ltr'><strong>Turonensium</strong></span> <span class='ocrx_word' id='word_1_107' title='bbox 1826 1018 1862 1051; x_wconf 86' lang='lat' dir='ltr'><strong>et</strong></span> <span class='ocrx_word' id='word_1_108' title='bbox 1884 1014 1991 1051; x_wconf 83' lang='lat' dir='ltr'><strong>Pari-</strong></span> 
     </span>
     <span class='ocr_line' id='line_1_13' title="bbox 450 1066 1989 1123; baseline 0.005 -21"><span class='ocrx_word' id='word_1_109' title='bbox 450 1066 649 1113; x_wconf 78' lang='lat' dir='ltr'><strong>siensium,</strong></span> <span class='ocrx_word' id='word_1_110' title='bbox 676 1068 722 1104; x_wconf 89' lang='lat' dir='ltr'><strong>ad</strong></span> <span class='ocrx_word' id='word_1_111' title='bbox 754 1069 916 1105; x_wconf 92' lang='lat' dir='ltr'><strong>valorem</strong></span> <span class='ocrx_word' id='word_1_112' title='bbox 948 1074 984 1106; x_wconf 89' lang='lat' dir='ltr'><strong>et</strong></span> <span class='ocrx_word' id='word_1_113' title='bbox 1017 1070 1164 1120; x_wconf 88' lang='lat' dir='ltr'><strong>pondus</strong></span> <span class='ocrx_word' id='word_1_114' title='bbox 1195 1071 1392 1121; x_wconf 87' lang='lat' dir='ltr'><strong>antiquum</strong></span> <span class='ocrx_word' id='word_1_115' title='bbox 1423 1072 1460 1108; x_wconf 93' lang='lat' dir='ltr'><strong>in</strong></span> <span class='ocrx_word' id='word_1_116' title='bbox 1491 1084 1568 1122; x_wconf 89' lang='lat' dir='ltr'><strong>quo</strong></span> <span class='ocrx_word' id='word_1_117' title='bbox 1598 1071 1670 1109; x_wconf 86' lang='lat' dir='ltr'><strong>suit</strong></span> <span class='ocrx_word' id='word_1_118' title='bbox 1697 1076 1862 1123; x_wconf 90' lang='lat' dir='ltr'><strong>tempore</strong></span> <span class='ocrx_word' id='word_1_119' title='bbox 1892 1072 1989 1110; x_wconf 80' lang='lat' dir='ltr'><strong>beati</strong></span> 
     </span>
     <span class='ocr_line' id='line_1_14' title="bbox 450 1125 1989 1181; baseline 0.005 -21"><span class='ocrx_word' id='word_1_120' title='bbox 450 1125 649 1172; x_wconf 84' lang='lat' dir='ltr'><strong>Ludovici,</strong></span> <span class='ocrx_word' id='word_1_121' title='bbox 680 1127 738 1163; x_wconf 86' lang='lat' dir='ltr'><strong>avi</strong></span> <span class='ocrx_word' id='word_1_122' title='bbox 762 1127 880 1164; x_wconf 83' lang='lat' dir='ltr'><strong>clarae</strong></span> <span class='ocrx_word' id='word_1_123' title='bbox 907 1128 1108 1165; x_wconf 88' lang='lat' dir='ltr'><strong>memoriae</strong></span> <span class='ocrx_word' id='word_1_124' title='bbox 1137 1129 1280 1166; x_wconf 88' lang='lat' dir='ltr'><strong>domini</strong></span> <span class='ocrx_word' id='word_1_125' title='bbox 1308 1130 1494 1181; x_wconf 83' lang='lat' dir='ltr'><strong>Philippi,</strong></span> <span class='ocrx_word' id='word_1_126' title='bbox 1523 1130 1638 1180; x_wconf 86' lang='lat' dir='ltr'><strong>patris</strong></span> <span class='ocrx_word' id='word_1_127' title='bbox 1668 1134 1704 1167; x_wconf 86' lang='lat' dir='ltr'><strong>et</strong></span> <span class='ocrx_word' id='word_1_128' title='bbox 1728 1131 1860 1181; x_wconf 91' lang='lat' dir='ltr'><strong>primis</strong></span> <span class='ocrx_word' id='word_1_129' title='bbox 1885 1131 1989 1181; x_wconf 80' lang='lat' dir='ltr'><strong>regni</strong></span> 
     </span>
     <span class='ocr_line' id='line_1_15' title="bbox 449 1184 1990 1239; baseline 0.004 -19"><span class='ocrx_word' id='word_1_130' title='bbox 449 1184 679 1234; x_wconf 80' lang='lat' dir='ltr'><strong>temporibus</strong></span> <span class='ocrx_word' id='word_1_131' title='bbox 697 1186 997 1224; x_wconf 86' lang='lat' dir='ltr'><strong>excellentissimi</strong></span> <span class='ocrx_word' id='word_1_132' title='bbox 1026 1187 1207 1238; x_wconf 89' lang='lat' dir='ltr'><strong>principis</strong></span> <span class='ocrx_word' id='word_1_133' title='bbox 1233 1188 1377 1225; x_wconf 89' lang='lat' dir='ltr'><strong>domini</strong></span> <span class='ocrx_word' id='word_1_134' title='bbox 1395 1188 1560 1239; x_wconf 88' lang='lat' dir='ltr'><strong>Philippi</strong></span> <span class='ocrx_word' id='word_1_135' title='bbox 1586 1201 1688 1225; x_wconf 92' lang='lat' dir='ltr'><strong>nunc</strong></span> <span class='ocrx_word' id='word_1_136' title='bbox 1711 1189 1807 1239; x_wconf 85' lang='lat' dir='ltr'><strong>regis</strong></span> <span class='ocrx_word' id='word_1_137' title='bbox 1826 1189 1990 1226; x_wconf 74' lang='lat' dir='ltr'><strong>Franco-</strong></span> 
     </span>
     <span class='ocr_line' id='line_1_16' title="bbox 449 1243 1989 1298; baseline 0.004 -20"><span class='ocrx_word' id='word_1_138' title='bbox 449 1256 548 1290; x_wconf 84' lang='lat' dir='ltr'><strong>rum,</strong></span> <span class='ocrx_word' id='word_1_139' title='bbox 574 1243 612 1279; x_wconf 92' lang='lat' dir='ltr'><strong>in</strong></span> <span class='ocrx_word' id='word_1_140' title='bbox 636 1245 727 1280; x_wconf 85' lang='lat' dir='ltr'><strong>sesto</strong></span> <span class='ocrx_word' id='word_1_141' title='bbox 760 1245 961 1283; x_wconf 89' lang='lat' dir='ltr'><strong>nativitatis</strong></span> <span class='ocrx_word' id='word_1_142' title='bbox 986 1246 1114 1283; x_wconf 86' lang='lat' dir='ltr'><strong>beatae</strong></span> <span class='ocrx_word' id='word_1_143' title='bbox 1138 1247 1274 1283; x_wconf 86' lang='lat' dir='ltr'><strong>Mariae</strong></span> <span class='ocrx_word' id='word_1_144' title='bbox 1300 1247 1462 1298; x_wconf 81' lang='lat' dir='ltr'><strong>Virginis</strong></span> <span class='ocrx_word' id='word_1_145' title='bbox 1492 1260 1590 1298; x_wconf 90' lang='lat' dir='ltr'><strong>quae</strong></span> <span class='ocrx_word' id='word_1_146' title='bbox 1617 1247 1688 1284; x_wconf 88' lang='lat' dir='ltr'><strong>fuit</strong></span> <span class='ocrx_word' id='word_1_147' title='bbox 1711 1260 1810 1284; x_wconf 87' lang='lat' dir='ltr'><strong>anno</strong></span> <span class='ocrx_word' id='word_1_148' title='bbox 1835 1247 1989 1284; x_wconf 88' lang='lat' dir='ltr'><strong>Domini</strong></span> 
     </span>
     <span class='ocr_line' id='line_1_17' title="bbox 448 1302 1989 1356; baseline 0.003 -18"><span class='ocrx_word' id='word_1_149' title='bbox 448 1302 500 1338; x_wconf 71' lang='grc' dir='ltr'><strong>Μο</strong></span> <span class='ocrx_word' id='word_1_150' title='bbox 519 1302 620 1340; x_wconf 88' lang='lat' dir='ltr'>CCC0</span> <span class='ocrx_word' id='word_1_151' title='bbox 638 1307 757 1350; x_wconf 74' lang='lat' dir='ltr'><strong>sexto,</strong></span> <span class='ocrx_word' id='word_1_152' title='bbox 775 1304 961 1341; x_wconf 79' lang='lat' dir='ltr'><strong>redactam</strong></span> <span class='ocrx_word' id='word_1_153' title='bbox 986 1306 1146 1355; x_wconf 89' lang='lat' dir='ltr'><strong>expendi</strong></span> <span class='ocrx_word' id='word_1_154' title='bbox 1174 1306 1373 1356; x_wconf 73' lang='lat' dir='ltr'><strong>incepisse,</strong></span> <span class='ocrx_word' id='word_1_155' title='bbox 1393 1311 1429 1342; x_wconf 87' lang='lat' dir='ltr'><strong>et</strong></span> <span class='ocrx_word' id='word_1_156' title='bbox 1453 1306 1563 1343; x_wconf 85' lang='lat' dir='ltr'><strong>aliam</strong></span> <span class='ocrx_word' id='word_1_157' title='bbox 1589 1306 1795 1356; x_wconf 86' lang='lat' dir='ltr'><strong>perdidisse</strong></span> <span class='ocrx_word' id='word_1_158' title='bbox 1820 1319 1989 1352; x_wconf 90' lang='lat' dir='ltr'><strong>cursum,</strong></span> 
     </span>
     <span class='ocr_line' id='line_1_18' title="bbox 449 1361 1990 1415; baseline 0.003 -18"><span class='ocrx_word' id='word_1_159' title='bbox 449 1365 577 1407; x_wconf 88' lang='lat' dir='ltr'><strong>suum&#39;,</strong></span> <span class='ocrx_word' id='word_1_160' title='bbox 598 1361 644 1397; x_wconf 89' lang='lat' dir='ltr'><strong>ad</strong></span> <span class='ocrx_word' id='word_1_161' title='bbox 669 1361 886 1411; x_wconf 84' lang='lat' dir='ltr'><strong>petitionem</strong></span> <span class='ocrx_word' id='word_1_162' title='bbox 909 1362 998 1399; x_wconf 89' lang='lat' dir='ltr'><strong>dicti</strong></span> <span class='ocrx_word' id='word_1_163' title='bbox 1025 1363 1168 1400; x_wconf 93' lang='lat' dir='ltr'><strong>domini</strong></span> <span class='ocrx_word' id='word_1_164' title='bbox 1192 1364 1306 1414; x_wconf 83' lang='lat' dir='ltr'><strong>regis,</strong></span> <span class='ocrx_word' id='word_1_165' title='bbox 1326 1369 1367 1400; x_wconf 89' lang='lat' dir='ltr'><strong>ut</strong></span> <span class='ocrx_word' id='word_1_166' title='bbox 1393 1364 1537 1410; x_wconf 87' lang='lat' dir='ltr'><strong>asserit,</strong></span> <span class='ocrx_word' id='word_1_167' title='bbox 1561 1365 1778 1401; x_wconf 84' lang='lat' dir='ltr'><strong>auctoritate</strong></span> <span class='ocrx_word' id='word_1_168' title='bbox 1802 1364 1990 1415; x_wconf 80' lang='lat' dir='ltr'><strong>praedicta</strong></span> 
     </span>
     <span class='ocr_line' id='line_1_19' title="bbox 450 1421 1991 1474; baseline 0.003 -18"><span class='ocrx_word' id='word_1_169' title='bbox 450 1421 637 1457; x_wconf 89' lang='lat' dir='ltr'><strong>monuerit</strong></span> <span class='ocrx_word' id='word_1_170' title='bbox 664 1421 802 1471; x_wconf 89' lang='lat' dir='ltr'><strong>primo,</strong></span> <span class='ocrx_word' id='word_1_171' title='bbox 829 1422 993 1459; x_wconf 91' lang='lat' dir='ltr'><strong>secundo</strong></span> <span class='ocrx_word' id='word_1_172' title='bbox 1025 1427 1060 1459; x_wconf 90' lang='lat' dir='ltr'><strong>et</strong></span> <span class='ocrx_word' id='word_1_173' title='bbox 1089 1423 1211 1469; x_wconf 79' lang='lat' dir='ltr'><strong>tertio,</strong></span> <span class='ocrx_word' id='word_1_174' title='bbox 1239 1428 1275 1460; x_wconf 88' lang='lat' dir='ltr'><strong>et</strong></span> <span class='ocrx_word' id='word_1_175' title='bbox 1300 1436 1375 1460; x_wconf 88' lang='lat' dir='ltr'><strong>una</strong></span> <span class='ocrx_word' id='word_1_176' title='bbox 1401 1423 1607 1460; x_wconf 87' lang='lat' dir='ltr'><strong>monitione</strong></span> <span class='ocrx_word' id='word_1_177' title='bbox 1639 1423 1890 1473; x_wconf 82' lang='lat' dir='ltr'><strong>peremptoria</strong></span> <span class='ocrx_word' id='word_1_178' title='bbox 1922 1436 1991 1474; x_wconf 91' lang='lat' dir='ltr'><strong>pro</strong></span> 
     </span>
     <span class='ocr_line' id='line_1_20' title="bbox 452 1481 1992 1532; baseline 0.002 -16"><span class='ocrx_word' id='word_1_179' title='bbox 452 1481 648 1526; x_wconf 92' lang='lat' dir='ltr'><strong>omnibus,</strong></span> <span class='ocrx_word' id='word_1_180' title='bbox 668 1481 911 1518; x_wconf 87' lang='lat' dir='ltr'><strong>reverendum</strong></span> <span class='ocrx_word' id='word_1_181' title='bbox 931 1486 1073 1532; x_wconf 87' lang='lat' dir='ltr'><strong>patrem</strong></span> <span class='ocrx_word' id='word_1_182' title='bbox 1092 1482 1288 1519; x_wconf 88' lang='lat' dir='ltr'><strong>dominum</strong></span> <span class='ocrx_word' id='word_1_183' title='bbox 1307 1482 1648 1532; x_wconf 85' lang='lat' dir='ltr'><strong>archiepiscopum,</strong></span> <span class='ocrx_word' id='word_1_184' title='bbox 1666 1482 1874 1532; x_wconf 87' lang='lat' dir='ltr'><strong>episcopos,</strong></span> <span class='ocrx_word' id='word_1_185' title='bbox 1894 1482 1992 1519; x_wconf 89' lang='lat' dir='ltr'><strong>elec-</strong></span> 
     </span>
     <span class='ocr_line' id='line_1_21' title="bbox 457 1539 1992 1591; baseline 0.003 -16"><span class='ocrx_word' id='word_1_186' title='bbox 457 1544 526 1585; x_wconf 89' lang='lat' dir='ltr'><strong>tos,</strong></span> <span class='ocrx_word' id='word_1_187' title='bbox 554 1539 706 1576; x_wconf 87' lang='lat' dir='ltr'><strong>abbates</strong></span> <span class='ocrx_word' id='word_1_188' title='bbox 731 1544 767 1576; x_wconf 87' lang='lat' dir='ltr'><strong>et</strong></span> <span class='ocrx_word' id='word_1_189' title='bbox 791 1540 954 1590; x_wconf 88' lang='lat' dir='ltr'><strong>priores,</strong></span> <span class='ocrx_word' id='word_1_190' title='bbox 981 1541 1161 1591; x_wconf 85' lang='lat' dir='ltr'><strong>capitula,</strong></span> <span class='ocrx_word' id='word_1_191' title='bbox 1184 1541 1336 1591; x_wconf 80' lang='lat' dir='ltr'><strong>collegia</strong></span> <span class='ocrx_word' id='word_1_192' title='bbox 1362 1547 1397 1578; x_wconf 90' lang='lat' dir='ltr'><strong>et</strong></span> <span class='ocrx_word' id='word_1_193' title='bbox 1421 1546 1624 1578; x_wconf 80' lang='lat' dir='ltr'><strong>conventus</strong></span> <span class='ocrx_word' id='word_1_194' title='bbox 1645 1546 1681 1577; x_wconf 89' lang='lat' dir='ltr'><strong>et</strong></span> <span class='ocrx_word' id='word_1_195' title='bbox 1702 1541 1792 1578; x_wconf 83' lang='lat' dir='ltr'><strong>alias</strong></span> <span class='ocrx_word' id='word_1_196' title='bbox 1816 1554 1992 1591; x_wconf 79' lang='lat' dir='ltr'><strong>personas</strong></span> 
     </span>
     <span class='ocr_line' id='line_1_22' title="bbox 452 1598 1990 1651; baseline 0.003 -17"><span class='ocrx_word' id='word_1_197' title='bbox 452 1598 714 1636; x_wconf 85' lang='lat' dir='ltr'><strong>ecclesiasticas</strong></span> <span class='ocrx_word' id='word_1_198' title='bbox 733 1599 852 1636; x_wconf 89' lang='lat' dir='ltr'><strong>dictae</strong></span> <span class='ocrx_word' id='word_1_199' title='bbox 872 1601 1087 1650; x_wconf 89' lang='lat' dir='ltr'><strong>provinciae</strong></span> <span class='ocrx_word' id='word_1_200' title='bbox 1109 1607 1293 1651; x_wconf 89' lang='lat' dir='ltr'><strong>quatenus</strong></span> <span class='ocrx_word' id='word_1_201' title='bbox 1316 1601 1385 1651; x_wconf 91' lang='lat' dir='ltr'><strong>ipsi</strong></span> <span class='ocrx_word' id='word_1_202' title='bbox 1406 1606 1441 1637; x_wconf 91' lang='lat' dir='ltr'><strong>et</strong></span> <span class='ocrx_word' id='word_1_203' title='bbox 1460 1601 1626 1651; x_wconf 92' lang='lat' dir='ltr'><strong>ipsorum</strong></span> <span class='ocrx_word' id='word_1_204' title='bbox 1648 1600 1785 1650; x_wconf 83' lang='lat' dir='ltr'><strong>singuli</strong></span> <span class='ocrx_word' id='word_1_205' title='bbox 1809 1600 1990 1638; x_wconf 83' lang='lat' dir='ltr'><strong>decimam</strong></span> 
     </span>
     <span class='ocr_line' id='line_1_23' title="bbox 453 1658 1992 1709; baseline 0.002 -17"><span class='ocrx_word' id='word_1_206' title='bbox 453 1662 701 1708; x_wconf 88' lang='lat' dir='ltr'><strong>proventuum</strong></span> <span class='ocrx_word' id='word_1_207' title='bbox 722 1663 757 1694; x_wconf 88' lang='lat' dir='ltr'><strong>et</strong></span> <span class='ocrx_word' id='word_1_208' title='bbox 774 1659 989 1696; x_wconf 88' lang='lat' dir='ltr'><strong>reddituum</strong></span> <span class='ocrx_word' id='word_1_209' title='bbox 1017 1659 1350 1696; x_wconf 88' lang='lat' dir='ltr'><strong>ecclesiasticorum</strong></span> <span class='ocrx_word' id='word_1_210' title='bbox 1375 1659 1494 1696; x_wconf 87' lang='lat' dir='ltr'><strong>dictae</strong></span> <span class='ocrx_word' id='word_1_211' title='bbox 1518 1659 1750 1709; x_wconf 80' lang='lat' dir='ltr'><strong>provinciae,</strong></span> <span class='ocrx_word' id='word_1_212' title='bbox 1763 1658 1870 1708; x_wconf 82' lang='lat' dir='ltr'><strong>juxta</strong></span> <span class='ocrx_word' id='word_1_213' title='bbox 1887 1663 1992 1695; x_wconf 77' lang='lat' dir='ltr'><strong>tax&#39;a-</strong></span> 
     </span>
     <span class='ocr_line' id='line_1_24' title="bbox 453 1716 1990 1768; baseline 0.001 -17"><span class='ocrx_word' id='word_1_214' title='bbox 453 1716 590 1752; x_wconf 88' lang='lat' dir='ltr'><strong>tionem</strong></span> <span class='ocrx_word' id='word_1_215' title='bbox 614 1716 660 1752; x_wconf 91' lang='lat' dir='ltr'><strong>de</strong></span> <span class='ocrx_word' id='word_1_216' title='bbox 682 1717 771 1766; x_wconf 90' lang='lat' dir='ltr'><strong>ipsis</strong></span> <span class='ocrx_word' id='word_1_217' title='bbox 795 1717 945 1763; x_wconf 86' lang='lat' dir='ltr'><strong>factam,</strong></span> <span class='ocrx_word' id='word_1_218' title='bbox 965 1730 1032 1768; x_wconf 92' lang='lat' dir='ltr'><strong>pro</strong></span> <span class='ocrx_word' id='word_1_219' title='bbox 1058 1717 1235 1754; x_wconf 80' lang='lat' dir='ltr'><strong>solvenda</strong></span> <span class='ocrx_word' id='word_1_220' title='bbox 1253 1717 1413 1763; x_wconf 86' lang='lat' dir='ltr'><strong>decima,</strong></span> <span class='ocrx_word' id='word_1_221' title='bbox 1435 1717 1604 1754; x_wconf 84' lang='lat' dir='ltr'><strong>subsidio</strong></span> <span class='ocrx_word' id='word_1_222' title='bbox 1625 1717 1758 1754; x_wconf 83' lang='lat' dir='ltr'><strong>Terrae</strong></span> <span class='ocrx_word' id='word_1_223' title='bbox 1779 1716 1934 1754; x_wconf 84' lang='lat' dir='ltr'><strong>Sanctae</strong></span> <span class='ocrx_word' id='word_1_224' title='bbox 1951 1717 1990 1754; x_wconf 92' lang='lat' dir='ltr'><strong>in</strong></span> 
     </span>
     <span class='ocr_line' id='line_1_25' title="bbox 452 1775 1992 1827; baseline 0.001 -17"><span class='ocrx_word' id='word_1_225' title='bbox 452 1775 610 1811; x_wconf 92' lang='lat' dir='ltr'><strong>concilio</strong></span> <span class='ocrx_word' id='word_1_226' title='bbox 643 1776 880 1825; x_wconf 84' lang='lat' dir='ltr'><strong>Lugdunensi</strong></span> <span class='ocrx_word' id='word_1_227' title='bbox 916 1791 983 1827; x_wconf 91' lang='lat' dir='ltr'><strong>pcr</strong></span> <span class='ocrx_word' id='word_1_228' title='bbox 1015 1776 1227 1823; x_wconf 88' lang='lat' dir='ltr'><strong>biennium,</strong></span> <span class='ocrx_word' id='word_1_229' title='bbox 1259 1781 1372 1827; x_wconf 84' lang='lat' dir='ltr'><strong>prout</strong></span> <span class='ocrx_word' id='word_1_230' title='bbox 1403 1777 1440 1813; x_wconf 91' lang='lat' dir='ltr'><strong>in</strong></span> <span class='ocrx_word' id='word_1_231' title='bbox 1477 1776 1584 1813; x_wconf 88' lang='lat' dir='ltr'><strong>dictis</strong></span> <span class='ocrx_word' id='word_1_232' title='bbox 1615 1776 1746 1812; x_wconf 87' lang='lat' dir='ltr'><strong>litteris</strong></span> <span class='ocrx_word' id='word_1_233' title='bbox 1779 1776 1992 1826; x_wconf 85' lang='lat' dir='ltr'><strong>apostolicis</strong></span> 
     </span>
     <span class='ocr_line' id='line_1_26' title="bbox 452 1833 1992 1886; baseline 0 -16"><span class='ocrx_word' id='word_1_234' title='bbox 452 1833 680 1879; x_wconf 77' lang='lat' dir='ltr'><strong>continetur,</strong></span> <span class='ocrx_word' id='word_1_235' title='bbox 708 1833 808 1870; x_wconf 88' lang='lat' dir='ltr'><strong>dicto</strong></span> <span class='ocrx_word' id='word_1_236' title='bbox 835 1835 988 1871; x_wconf 90' lang='lat' dir='ltr'><strong>domino</strong></span> <span class='ocrx_word' id='word_1_237' title='bbox 1015 1836 1092 1886; x_wconf 84' lang='lat' dir='ltr'><strong>regi</strong></span> <span class='ocrx_word' id='word_1_238' title='bbox 1121 1836 1158 1872; x_wconf 90' lang='lat' dir='ltr'><strong>in</strong></span> <span class='ocrx_word' id='word_1_239' title='bbox 1186 1841 1348 1885; x_wconf 86' lang='lat' dir='ltr'><strong>quatuor</strong></span> <span class='ocrx_word' id='word_1_240' title='bbox 1374 1834 1618 1885; x_wconf 84' lang='lat' dir='ltr'><strong>infrascriptis</strong></span> <span class='ocrx_word' id='word_1_241' title='bbox 1644 1833 1811 1870; x_wconf 83' lang='lat' dir='ltr'><strong>terminis</strong></span> <span class='ocrx_word' id='word_1_242' title='bbox 1834 1849 1841 1870; x_wconf 90' lang='lat'>:</span> <span class='ocrx_word' id='word_1_243' title='bbox 1869 1834 1992 1884; x_wconf 85' lang='lat' dir='ltr'><strong>primo</strong></span> 
     </span>
     <span class='ocr_line' id='line_1_27' title="bbox 451 1891 1992 1944; baseline 0.001 -18"><span class='ocrx_word' id='word_1_244' title='bbox 451 1891 624 1928; x_wconf 85' lang='lat' dir='ltr'><strong>videlicet</strong></span> <span class='ocrx_word' id='word_1_245' title='bbox 654 1893 749 1929; x_wconf 86' lang='lat' dir='ltr'><strong>infra</strong></span> <span class='ocrx_word' id='word_1_246' title='bbox 778 1906 961 1940; x_wconf 86' lang='lat' dir='ltr'><strong>mensem,</strong></span> <span class='ocrx_word' id='word_1_247' title='bbox 988 1899 1186 1944; x_wconf 90' lang='lat' dir='ltr'><strong>postquam</strong></span> <span class='ocrx_word' id='word_1_248' title='bbox 1219 1892 1318 1931; x_wconf 83' lang='lat' dir='ltr'><strong>dicta</strong></span> <span class='ocrx_word' id='word_1_249' title='bbox 1351 1893 1508 1930; x_wconf 87' lang='lat' dir='ltr'><strong>monitio</strong></span> <span class='ocrx_word' id='word_1_250' title='bbox 1539 1893 1576 1930; x_wconf 90' lang='lat' dir='ltr'><strong>in</strong></span> <span class='ocrx_word' id='word_1_251' title='bbox 1609 1892 1810 1930; x_wconf 85' lang='lat' dir='ltr'><strong>cathedrali</strong></span> <span class='ocrx_word' id='word_1_252' title='bbox 1840 1892 1992 1929; x_wconf 88' lang='lat' dir='ltr'><strong>ecclesia</strong></span> 
     </span>
     <span class='ocr_line' id='line_1_28' title="bbox 451 1950 1993 2004; baseline 0.001 -18"><span class='ocrx_word' id='word_1_253' title='bbox 451 1950 709 2002; x_wconf 88' lang='lat' dir='ltr'><strong>cujuscunque</strong></span> <span class='ocrx_word' id='word_1_254' title='bbox 734 1952 892 1990; x_wconf 88' lang='lat' dir='ltr'><strong>civitatis</strong></span> <span class='ocrx_word' id='word_1_255' title='bbox 915 1953 1035 1990; x_wconf 88' lang='lat' dir='ltr'><strong>dictae</strong></span> <span class='ocrx_word' id='word_1_256' title='bbox 1059 1953 1273 2004; x_wconf 84' lang='lat' dir='ltr'><strong>provinciae</strong></span> <span class='ocrx_word' id='word_1_257' title='bbox 1299 1953 1410 1990; x_wconf 85' lang='lat' dir='ltr'><strong>fuerit</strong></span> <span class='ocrx_word' id='word_1_258' title='bbox 1430 1953 1636 2003; x_wconf 73' lang='lat' dir='ltr'><strong>publicata,</strong></span> <span class='ocrx_word' id='word_1_259' title='bbox 1661 1951 1824 1988; x_wconf 88' lang='lat' dir='ltr'><strong>secundo</strong></span> <span class='ocrx_word' id='word_1_260' title='bbox 1851 1951 1888 1987; x_wconf 91' lang='lat' dir='ltr'><strong>in</strong></span> <span class='ocrx_word' id='word_1_261' title='bbox 1915 1951 1993 1988; x_wconf 84' lang='lat' dir='ltr'><strong>ins-</strong></span> 
     </span>
     <span class='ocr_line' id='line_1_29' title="bbox 451 2002 1994 2062; baseline 0 -17"><span class='ocrx_word' id='word_1_262' title='bbox 451 2010 542 2046; x_wconf 89' lang='lat' dir='ltr'><strong>tanti</strong></span> <span class='ocrx_word' id='word_1_263' title='bbox 575 2011 666 2047; x_wconf 86' lang='lat' dir='ltr'><strong>festo</strong></span> <span class='ocrx_word' id='word_1_264' title='bbox 698 2002 1071 2049; x_wconf 60' lang='lat' dir='ltr'><strong>Nativitatis-B·eatae</strong></span> <span class='ocrx_word' id='word_1_265' title='bbox 1104 2012 1239 2049; x_wconf 88' lang='lat' dir='ltr'><strong>Mariae</strong></span> <span class='ocrx_word' id='word_1_266' title='bbox 1265 2012 1448 2062; x_wconf 79' lang='lat' dir='ltr'><strong>Virginis,</strong></span> <span class='ocrx_word' id='word_1_267' title='bbox 1475 2015 1510 2048; x_wconf 86' lang='lat' dir='ltr'><strong>et</strong></span> <span class='ocrx_word' id='word_1_268' title='bbox 1543 2011 1652 2048; x_wconf 85' lang='lat' dir='ltr'><strong>tertio</strong></span> <span class='ocrx_word' id='word_1_269' title='bbox 1684 2014 1821 2046; x_wconf 84' lang='lat' dir='ltr'><strong>extunc</strong></span> <span class='ocrx_word' id='word_1_270' title='bbox 1851 2010 1896 2046; x_wconf 85' lang='lat' dir='ltr'><strong>ad</strong></span> <span class='ocrx_word' id='word_1_271' title='bbox 1929 2023 1994 2046; x_wconf 83' lang='lat' dir='ltr'><strong>sex</strong></span> 
     </span>
     <span class='ocr_line' id='line_1_30' title="bbox 451 2067 1995 2120; baseline 0 -16"><span class='ocrx_word' id='word_1_272' title='bbox 451 2081 609 2114; x_wconf 89' lang='lat' dir='ltr'><strong>menses,</strong></span> <span class='ocrx_word' id='word_1_273' title='bbox 636 2074 768 2119; x_wconf 87' lang='lat' dir='ltr'><strong>quart-0</strong></span> <span class='ocrx_word' id='word_1_274' title='bbox 795 2083 882 2107; x_wconf 93' lang='lat' dir='ltr'><strong>vero</strong></span> <span class='ocrx_word' id='word_1_275' title='bbox 908 2070 1045 2107; x_wconf 86' lang='lat' dir='ltr'><strong>abinde</strong></span> <span class='ocrx_word' id='word_1_276' title='bbox 1071 2071 1118 2107; x_wconf 87' lang='lat' dir='ltr'><strong>ad</strong></span> <span class='ocrx_word' id='word_1_277' title='bbox 1150 2071 1241 2108; x_wconf 89' lang='lat' dir='ltr'><strong>alios</strong></span> <span class='ocrx_word' id='word_1_278' title='bbox 1271 2084 1335 2107; x_wconf 88' lang='lat' dir='ltr'><strong>sex</strong></span> <span class='ocrx_word' id='word_1_279' title='bbox 1367 2083 1526 2116; x_wconf 88' lang='lat' dir='ltr'><strong>menses,</strong></span> <span class='ocrx_word' id='word_1_280' title='bbox 1551 2069 1620 2120; x_wconf 90' lang='lat' dir='ltr'><strong>ipsi</strong></span> <span class='ocrx_word' id='word_1_281' title='bbox 1650 2068 1826 2119; x_wconf 81' lang='lat' dir='ltr'><strong>magistro</strong></span> <span class='ocrx_word' id='word_1_282' title='bbox 1850 2067 1911 2104; x_wconf 90' lang='lat' dir='ltr'><strong>W.</strong></span> <span class='ocrx_word' id='word_1_283' title='bbox 1931 2071 1995 2104; x_wconf 84' lang='lat' dir='ltr'><strong>aut</strong></span> 
     </span>
     <span class='ocr_line' id='line_1_31' title="bbox 451 2125 1994 2181; baseline -0.001 -17"><span class='ocrx_word' id='word_1_284' title='bbox 451 2129 618 2178; x_wconf 89' lang='lat' dir='ltr'><strong>personis</strong></span> <span class='ocrx_word' id='word_1_285' title='bbox 654 2130 838 2179; x_wconf 90' lang='lat' dir='ltr'><strong>deputatis</strong></span> <span class='ocrx_word' id='word_1_286' title='bbox 873 2144 936 2167; x_wconf 91' lang='lat' dir='ltr'><strong>scu</strong></span> <span class='ocrx_word' id='word_1_287' title='bbox 967 2131 1177 2168; x_wconf 86' lang='lat' dir='ltr'><strong>substitutis</strong></span> <span class='ocrx_word' id='word_1_288' title='bbox 1215 2135 1279 2167; x_wconf 86' lang='lat' dir='ltr'><strong>aut</strong></span> <span class='ocrx_word' id='word_1_289' title='bbox 1308 2130 1531 2181; x_wconf 84' lang='lat' dir='ltr'><strong>deputandis</strong></span> <span class='ocrx_word' id='word_1_290' title='bbox 1559 2142 1624 2166; x_wconf 89' lang='lat' dir='ltr'><strong>scu</strong></span> <span class='ocrx_word' id='word_1_291' title='bbox 1650 2126 1920 2165; x_wconf 88' lang='lat' dir='ltr'><strong>substituendis</strong></span> <span class='ocrx_word' id='word_1_292' title='bbox 1946 2125 1994 2163; x_wconf 87' lang='lat' dir='ltr'><strong>ab</strong></span> 
     </span>
     <span class='ocr_line' id='line_1_32' title="bbox 452 2186 1995 2241; baseline 0 -19"><span class='ocrx_word' id='word_1_293' title='bbox 452 2186 531 2236; x_wconf 90' lang='lat' dir='ltr'><strong>ipso</strong></span> <span class='ocrx_word' id='word_1_294' title='bbox 547 2188 592 2223; x_wconf 89' lang='lat' dir='ltr'><strong>ad</strong></span> <span class='ocrx_word' id='word_1_295' title='bbox 611 2189 866 2226; x_wconf 89' lang='lat' dir='ltr'><strong>collectionem</strong></span> <span class='ocrx_word' id='word_1_296' title='bbox 882 2195 917 2226; x_wconf 93' lang='lat' dir='ltr'><strong>et</strong></span> <span class='ocrx_word' id='word_1_297' title='bbox 930 2190 1179 2241; x_wconf 88' lang='lat' dir='ltr'><strong>receptionem</strong></span> <span class='ocrx_word' id='word_1_298' title='bbox 1196 2190 1361 2239; x_wconf 81' lang='lat' dir='ltr'><strong>ejusdem</strong></span> <span class='ocrx_word' id='word_1_299' title='bbox 1379 2189 1544 2226; x_wconf 86' lang='lat' dir='ltr'><strong>decimae</strong></span> <span class='ocrx_word' id='word_1_300' title='bbox 1563 2188 1709 2225; x_wconf 85' lang='lat' dir='ltr'><strong>solvant</strong></span> <span class='ocrx_word' id='word_1_301' title='bbox 1725 2187 1865 2236; x_wconf 82' lang='lat' dir='ltr'><strong>integre</strong></span> <span class='ocrx_word' id='word_1_302' title='bbox 1883 2190 1995 2236; x_wconf 86' lang='lat' dir='ltr'><strong>atque</strong></span> 
     </span>
     <span class='ocr_line' id='line_1_33' title="bbox 451 2245 1994 2299; baseline 0 -18"><span class='ocrx_word' id='word_1_303' title='bbox 451 2245 623 2292; x_wconf 75' lang='lat' dir='ltr'><strong>reddant,</strong></span> <span class='ocrx_word' id='word_1_304' title='bbox 651 2247 817 2297; x_wconf 88' lang='lat' dir='ltr'><strong>alioquin</strong></span> <span class='ocrx_word' id='word_1_305' title='bbox 849 2249 1048 2286; x_wconf 86' lang='lat' dir='ltr'><strong>sententias</strong></span> <span class='ocrx_word' id='word_1_306' title='bbox 1080 2250 1290 2294; x_wconf 69' lang='lat' dir='ltr'><strong>incurrant,</strong></span> <span class='ocrx_word' id='word_1_307' title='bbox 1318 2253 1431 2299; x_wconf 89' lang='lat' dir='ltr'><strong>prout</strong></span> <span class='ocrx_word' id='word_1_308' title='bbox 1456 2248 1544 2291; x_wconf 79' lang='lat' dir='ltr'><strong>haec</strong></span> <span class='ocrx_word' id='word_1_309' title='bbox 1578 2252 1614 2283; x_wconf 89' lang='lat' dir='ltr'><strong>et</strong></span> <span class='ocrx_word' id='word_1_310' title='bbox 1646 2246 1717 2283; x_wconf 81' lang='lat' dir='ltr'><strong>alia</strong></span> <span class='ocrx_word' id='word_1_311' title='bbox 1749 2246 1787 2282; x_wconf 89' lang='lat' dir='ltr'><strong>in</strong></span> <span class='ocrx_word' id='word_1_312' title='bbox 1819 2257 1994 2295; x_wconf 85' lang='lat' dir='ltr'><strong>processu</strong></span> 
     </span>
     <span class='ocr_line' id='line_1_34' title="bbox 451 2302 1995 2359; baseline -0.003 -17"><span class='ocrx_word' id='word_1_313' title='bbox 451 2319 562 2355; x_wconf 87' lang='lat' dir='ltr'><strong>super</strong></span> <span class='ocrx_word' id='word_1_314' title='bbox 582 2306 652 2342; x_wconf 82' lang='lat' dir='ltr'><strong>hiis</strong></span> <span class='ocrx_word' id='word_1_315' title='bbox 671 2307 765 2343; x_wconf 84' lang='lat' dir='ltr'><strong>sacto</strong></span> <span class='ocrx_word' id='word_1_316' title='bbox 784 2312 819 2344; x_wconf 90' lang='lat' dir='ltr'><strong>et</strong></span> <span class='ocrx_word' id='word_1_317' title='bbox 838 2307 964 2345; x_wconf 85' lang='lat' dir='ltr'><strong>habito</strong></span> <span class='ocrx_word' id='word_1_318' title='bbox 983 2308 1234 2355; x_wconf 87' lang='lat' dir='ltr'><strong>continentur,</strong></span> <span class='ocrx_word' id='word_1_319' title='bbox 1251 2308 1528 2359; x_wconf 86' lang='lat' dir='ltr'><strong>praemissaque</strong></span> <span class='ocrx_word' id='word_1_320' title='bbox 1543 2306 1641 2342; x_wconf 91' lang='lat' dir='ltr'><strong>idem</strong></span> <span class='ocrx_word' id='word_1_321' title='bbox 1657 2305 1832 2354; x_wconf 84' lang='lat' dir='ltr'><strong>magister</strong></span> <span class='ocrx_word' id='word_1_322' title='bbox 1847 2302 1995 2340; x_wconf 89' lang='lat' dir='ltr'><strong>Willel—</strong></span> 
     </span>
     <span class='ocr_line' id='line_1_35' title="bbox 452 2367 1716 2421; baseline -0.001 -18"><span class='ocrx_word' id='word_1_323' title='bbox 452 2380 534 2404; x_wconf 85' lang='lat' dir='ltr'><strong>mus</strong></span> <span class='ocrx_word' id='word_1_324' title='bbox 552 2368 589 2404; x_wconf 91' lang='lat' dir='ltr'><strong>in</strong></span> <span class='ocrx_word' id='word_1_325' title='bbox 609 2369 761 2405; x_wconf 84' lang='lat' dir='ltr'><strong>ccclesia</strong></span> <span class='ocrx_word' id='word_1_326' title='bbox 779 2370 1002 2407; x_wconf 77' lang='lat' dir='ltr'><strong>&#39;fornacensi</strong></span> <span class='ocrx_word' id='word_1_327' title='bbox 1022 2370 1269 2421; x_wconf 88' lang='lat' dir='ltr'><strong>publicaverit</strong></span> <span class='ocrx_word' id='word_1_328' title='bbox 1286 2383 1350 2407; x_wconf 88' lang='lat' dir='ltr'><strong>seu</strong></span> <span class='ocrx_word' id='word_1_329' title='bbox 1371 2369 1500 2406; x_wconf 79' lang='lat' dir='ltr'><strong>fecerit</strong></span> <span class='ocrx_word' id='word_1_330' title='bbox 1518 2367 1716 2418; x_wconf 89' lang='lat' dir='ltr'><strong>publicari.</strong></span> 
     </span>
    </p>

    <p class='ocr_par' dir='ltr' id='par_1_3' title="bbox 454 2422 1996 2479">
     <span class='ocr_line' id='line_1_36' title="bbox 454 2422 1996 2479; baseline -0.005 -14"><span class='ocrx_word' id='word_1_331' title='bbox 454 2476 455 2479; x_wconf 11' lang='grc' dir='ltr'><strong>Ἴ</strong></span> <span class='ocrx_word' id='word_1_332' title='bbox 500 2429 577 2476; x_wconf 85' lang='lat' dir='ltr'><strong>Ego</strong></span> <span class='ocrx_word' id='word_1_333' title='bbox 599 2456 604 2463; x_wconf 94' lang='lat'><strong><em>.</em></strong></span> <span class='ocrx_word' id='word_1_334' title='bbox 627 2458 632 2464; x_wconf 95' lang='lat'>.</span> <span class='ocrx_word' id='word_1_335' title='bbox 656 2457 662 2463; x_wconf 92' lang='lat'><strong>.</strong></span> <span class='ocrx_word' id='word_1_336' title='bbox 686 2458 690 2463; x_wconf 95' lang='lat'>.</span> <span class='ocrx_word' id='word_1_337' title='bbox 711 2434 929 2477; x_wconf 82' lang='lat' dir='ltr'><strong>procurator</strong></span> <span class='ocrx_word' id='word_1_338' title='bbox 946 2429 1204 2479; x_wconf 82' lang='lat' dir='ltr'><strong>religiosorum</strong></span> <span class='ocrx_word' id='word_1_339' title='bbox 1229 2430 1397 2466; x_wconf 86' lang='lat' dir='ltr'><strong>virorum</strong></span> <span class='ocrx_word' id='word_1_340' title='bbox 1420 2427 1564 2466; x_wconf 83' lang='lat' dir='ltr'><strong>abbatis</strong></span> <span class='ocrx_word' id='word_1_341' title='bbox 1584 2430 1619 2463; x_wconf 90' lang='lat' dir='ltr'><strong>et</strong></span> <span class='ocrx_word' id='word_1_342' title='bbox 1637 2427 1842 2462; x_wconf 83' lang='lat' dir='ltr'><strong>conventus</strong></span> <span class='ocrx_word' id='word_1_343' title='bbox 1865 2422 1996 2459; x_wconf 88' lang='lat' dir='ltr'><strong>Beatae</strong></span> 
     </span>
    </p>
   </div>
  </div>
 </body>
</html>
