2184 3074
442 300 512 337 ¹56
992 295 1152 333 CODEX
1179 292 1428 332 DUNENSIS.

441 425 481 449 ac
500 427 567 463 pro
587 414 747 450 maxima
764 419 800 450 et
813 416 968 462 urgente
989 411 1098 447 villae
1117 414 1262 446 nostrae
1281 408 1496 445 necessitate
1516 421 1559 444 ac
1576 407 1736 444 evidenti
1756 408 1913 444 utilitate
1930 406 1977 443 de

440 474 589 523 propria
615 479 649 509 et
671 487 771 511 mera
797 477 895 509 sorte
924 484 1009 517 sua,
1037 470 1143 506 titulo
1173 468 1356 518 legitimae
1383 467 1604 518 emptionis,
1630 467 1732 503 nulla
1764 467 1891 504 illicita
1918 466 1975 503 vel

441 530 634 568 inhonesta
657 531 827 582 pactione
852 529 1135 574 interveniente,
1155 527 1332 577 justoque
1359 526 1478 576 pretio
1501 525 1687 562 mediante
1713 538 1732 561 a
1764 525 1872 562 nobis
1901 525 1976 561 sol—

439 588 635 638 lempniter
652 594 686 625 et
705 589 866 638 legitime
888 589 1211 637 comparaverunt,
1237 584 1283 620 de
1302 597 1376 634 qua
1404 583 1680 634 comparatione
1702 587 1820 620 totum
1839 582 1886 620 ab
1903 581 1976 619 eis-

439 646 522 683 dem
554 648 760 697 recepimus
796 648 958 697 pretium
991 646 1028 682 in
1063 645 1220 695 pecunia
1252 644 1349 680 bona
1383 647 1419 680 et
1451 643 1545 680 bene
1577 647 1783 689 numerata,
1817 647 1853 679 et
1882 642 1975 678 illud

439 706 687 742 convertimus
707 706 744 742 in
766 706 882 756 ipsius
900 705 1009 741 villae
1029 708 1175 740 nostrae
1193 707 1229 739 et
1255 702 1366 739 totius
1388 701 1664 739 communitatis
1682 701 1879 738 utilitatem
1897 700 1976 736 evi-

437 763 583 800 dentem
603 769 638 801 et
657 778 905 801 communem.
923 764 1032 800 Hunc
1048 767 1170 799 autem
1189 761 1377 798 redditum
1396 761 1629 811 praedictum
1649 767 1818 798 tenemur
1833 763 1870 796 et
1886 771 1976 809 pro-

436 822 617 859 mittimus
634 823 775 860 solvere
793 823 955 872 legitime
972 822 1108 863 eisdem
1132 820 1312 871 quamdiu
1340 820 1518 865 vixerint,
1542 820 1600 856 vel
1623 832 1751 856 eorum
1770 818 1874 854 alteri
1893 821 1976 867 post

437 884 593 916 mortem
621 881 770 918 alterius
797 882 841 917 ad
870 881 984 916 vitam
1008 893 1133 926 suam,
1157 879 1195 915 in
1218 892 1447 929 quocunque
1471 883 1568 915 statu
1592 878 1648 914 vel
1669 877 1800 914 habitu
1819 875 1976 921 suerint,

436 937 512 974 sive
530 938 568 974 in
587 939 766 989 religione
781 940 857 976 sive
875 944 976 975 extra
993 938 1227 989 religionem,
1242 937 1398 988 singulis
1417 936 1536 973 annis.
1559 966 1565 972 .
1582 966 1591 983 ,
1610 936 1656 973 ad
1671 935 1766 972 duos
1778 933 1979 984 qu'uslibet

436 997 523 1033 anni
548 998 725 1034 terminos
751 998 933 1034 videlicet.
954 1027 962 1033 .
981 1001 1026 1033 et.
1048 1026 1055 1033 .
1075 1010 1144 1047 pro
1166 996 1294 1046 aequis
1316 995 1561 1046 portionibus.
1581 996 1618 1032 Si
1637 1007 1724 1031 vero
1745 1006 1811 1030 nos
1829 1006 1849 1029 a
1867 1005 1976 1043 prae—

436 1055 557 1092 missis
575 1057 631 1092 vel
649 1057 776 1106 aliquo
794 1056 1083 1106 praemissorum
1103 1055 1363 1100 defecerimus,
1387 1055 1489 1104 quod
1514 1054 1628 1099 absit,
1652 1052 1777 1090 omnia
1795 1048 1991 1102 dampnas

435 1119 560 1151 custus
592 1120 628 1151 et
652 1129 834 1166 expensae
861 1129 957 1166 quae
983 1115 1161 1166 praedicti
1191 1119 1343 1164 propter
1369 1114 1553 1150 defectum
1584 1118 1752 1150 nostrum
1784 1112 1840 1148 vel
1867 1123 1975 1147 occa-

435 1172 575 1209 sionem
603 1179 767 1210 nostram
792 1175 1025 1210 incurrerent
1044 1187 1107 1210 seu
1133 1173 1332 1218 haberent,
1357 1177 1421 1208 aut
1438 1185 1565 1208 eorum
1586 1172 1677 1208 alter
1695 1171 1900 1207 incurreret
1917 1169 1973 1204 vel

436 1231 605 1278 haberet,
633 1233 709 1269 sive
740 1233 882 1278 dando,
910 1233 986 1269 sive
1010 1231 1262 1283 promittendo
1287 1231 1579 1281 quibuscunque
1602 1229 1786 1281 personis,
1811 1226 1974 1273 domjnis

434 1295 498 1326 aut
514 1290 682 1337 ballivis,
706 1292 783 1327 sive
809 1291 918 1327 etiam
950 1291 1130 1341 litigando
1154 1291 1191 1326 in
1212 1290 1292 1326 soro
1320 1289 1566 1326 ecclesiastico
1593 1288 1649 1324 vel
1677 1287 1887 1332 mundano,
1905 1298 1974 1336 pro

434 1347 534 1385 dicto
554 1349 702 1385 redditu
730 1349 955 1399 requirendo
982 1354 1018 1385 et
1039 1349 1226 1394 habendo,
1254 1348 1391 1384 eisdem
1419 1352 1454 1383 et
1477 1360 1607 1384 eorum
1627 1345 1731 1382 alteri
1750 1344 1892 1381 diutius
1916 1343 1974 1380 vi-

434 1406 532 1442 venti
553 1411 763 1443 teneremur
785 1412 820 1444 et
843 1407 1094 1458 promittimus
1117 1406 1279 1456 legitime
1302 1406 1493 1442 restituere
1511 1418 1595 1442 cum
1615 1404 1763 1441 redditu
1783 1402 1973 1453 praedicto

433 1465 478 1501 ad
494 1465 647 1515 plenum
666 1466 808 1503 dietum
829 1479 957 1503 eorum
976 1479 1040 1503 seu
1057 1465 1207 1502 alterius
1228 1464 1464 1508 eorumdem,
1490 1464 1632 1514 absque
1658 1462 1728 1499 alia
1751 1461 1973 1512 probatione

433 1538 670 1575 quacunque.

482 1583 637 1633 Propter
655 1596 751 1634 quae
769 1583 1021 1634 promittimus
1039 1583 1137 1621 bona
1155 1583 1228 1620 fide
1246 1582 1384 1619 eisdem
1406 1610 1413 1617 .
1435 1610 1442 1617 .
1464 1610 1471 1616 .
1493 1610 1499 1616 .
1520 1585 1578 1616 et.
1596 1609 1602 1615 .
1621 1608 1628 1615 .
1647 1608 1653 1615 .
1670 1583 1705 1615 et
1720 1591 1849 1615 eorum
1868 1578 1972 1615 alteri

433 1641 573 1679 diutius
600 1643 736 1680 viventi
764 1643 867 1694 quod
893 1656 961 1679 nec
986 1657 1151 1693 guerrae,
1181 1655 1249 1678 nec
1279 1641 1430 1677 alterius
1456 1639 1508 1676 rei
1535 1638 1695 1684 occasio,
1722 1642 1786 1674 aut
1813 1637 1972 1686 alicujus

433 1702 574 1739 domini
603 1705 736 1740 terreni
756 1704 812 1740 vel
837 1703 963 1740 ballivi
978 1704 1055 1740 sive
1069 1702 1219 1739 alterius
1234 1701 1493 1750 cujuscunque
1507 1710 1686 1748 personae
1707 1695 1972 1733 ecclesiasticae

432 1760 488 1795 vcl
512 1761 723 1797 mundanae
747 1761 952 1811 prohibitio
977 1766 1040 1797 aut
1059 1760 1266 1803 arrestatio,
1287 1764 1350 1795 aut
1369 1757 1479 1794 etiam
1512 1769 1606 1801 nova
1629 1756 1686 1791 vel
1709 1759 1814 1791 vetus
1833 1753 1972 1791 consti-

433 1819 542 1865 tutio,
562 1833 628 1856 nec
652 1820 787 1870 aliquis
813 1834 918 1857 casus
942 1821 998 1856 vel
1022 1826 1173 1856 eventus
1193 1819 1258 1869 qui
1287 1817 1405 1868 possit
1425 1815 1588 1858 evenire,
1606 1827 1833 1864 quocunque
1860 1813 1971 1850 modo

432 1878 576 1914 essicere
593 1883 768 1928 poterunt
790 1879 867 1915 sive
885 1879 1066 1929 impedire
1083 1878 1287 1928 quominus
1311 1877 1378 1913 ista
1402 1874 1598 1912 conventio
1622 1873 1777 1909 tirmiter
1797 1885 1818 1908 a
1842 1872 1970 1917 nobis,

432 1938 643 1987 nostrisque
665 1938 940 1974 successoribus
966 1938 1192 1974 observetur.
1218 1935 1486 1973 Renuntiantes
1505 1931 1770 1982 etiam,quoad
1798 1935 1970 1966 contenta

433 1997 470 2032 in
491 1996 559 2032 hac
577 2002 691 2042 carta,
710 1997 811 2034 omni
831 1997 1038 2047 exceptioni
1057 1996 1142 2042 sori,
1161 1995 1254 2040 doli,
1271 1994 1374 2039 mali,
1394 2007 1468 2030 non
1489 1995 1701 2028 numeratae
1720 2003 1784 2026 seu
1804 2002 1878 2026 non
1895 1993 1970 2025 tra-

432 2055 529 2091 ditae
550 2056 729 2105 pecuniae
747 2070 811 2092 seu
832 2056 922 2105 justi
946 2055 1054 2106 pretii
1079 2068 1154 2091 non
1181 2053 1308 2099 soluti,
1328 2051 1510 2089 beneficio
1537 2048 1780 2086 restitutionis
1808 2048 1846 2084 in
1875 2047 1971 2083 inte-

431 2127 555 2163 grum,
573 2114 674 2150 omni
690 2115 785 2163 juris
811 2115 950 2150 auxilio
978 2114 1146 2150 canonici
1172 2113 1228 2148 vel
1249 2111 1383 2157 civilis,
1401 2109 1502 2146 omni
1522 2107 1718 2159 privilegio
1742 2105 1862 2142 crucis
1885 2105 1970 2141 dato

431 2173 487 2207 vel
503 2172 642 2219 dando,
658 2174 834 2210 omnibus
850 2173 1159 2218 relaxationibus,
1175 2169 1433 2220 indulgentiis,
1447 2167 1590 2218 gratiis,
1605 2164 1826 2216 privilegiis,
1842 2163 1971 2200 litteris

431 2232 731 2268 etinstrumentis
745 2246 763 2268 a
780 2233 873 2268 Sede
888 2232 1099 2283 Apostolica
1111 2231 1165 2267 vel
1181 2241 1408 2280 quocunque
1426 2226 1498 2263 alio
1510 2224 1726 2275 impetratis,
1742 2227 1778 2259 et
1795 2221 1970 2259 omnibus

431 2290 511 2327 aliis
541 2292 839 2341 exceptionibus,
872 2292 1097 2336 actionibus,
1128 2287 1444 2331 cavillationibus,
1470 2282 1800 2322 constitutionibus
1827 2280 1970 2336 specia-

431 2351 530 2388 libus
550 2356 584 2387 et
607 2352 857 2401 generalibus,
880 2351 1138 2400 cujuscunque
1166 2347 1339 2386 territorii
1365 2346 1435 2382 loci
1459 2345 1516 2381 vel
1542 2343 1670 2387 castri,
1697 2346 1732 2378 et
1755 2339 1906 2377 cautelis
1934 2344 1970 2376 et

429 2411 649 2462 generaliter
664 2410 838 2446 omnibus
858 2410 967 2446 rebus
987 2410 1067 2445 aliis
1090 2414 1125 2445 et
1149 2406 1357 2444 rationibus
1378 2404 1474 2454 juris
1497 2403 1555 2440 vel
1575 2402 1680 2447 facti,
1706 2412 1802 2450 quae
1827 2397 1970 2448 possint
