2184 3074
471 272 544 309 382
1018 271 1178 308 CODEX
1204 271 1451 309 DUNENSlS.

478 403 517 427 es
538 390 668 427 Petrus
693 393 730 424 et
752 401 864 438 super
893 387 989 424 hanc
1014 391 1155 437 petram
1185 387 1389 424 aedificabo
1418 389 1609 426 ecclesiam
1640 402 1758 427 meam
1773 407 1814 436 u,
1840 395 1882 429 ut
1898 390 1999 440 ejusv-

472 449 556 485 dem
581 447 753 484 ecclesiae
778 449 961 483 structura
986 445 1168 482 mirabilis
1202 444 1241 482 in
1271 445 1437 495 ejusdem
1467 447 1648 498 principis
1673 461 1716 485 ac
1745 455 1999 487 successorum

473 506 589 556 ipsius
606 504 828 542 solidissima
847 507 950 553 petra
967 515 1074 539 verae
1091 502 1177 539 fidei
1195 503 1358 540 stabilita
1382 504 1494 556 nullis
1510 504 1636 542 denuo
1653 505 1848 543 fluctuaret
1863 507 2001 545 errori-⁴

472 564 557 609 bus,
575 563 688 599 nullis
706 561 937 611 surgentium
955 565 1212 611 tempestatum
1230 562 1403 612 procellis
1419 562 1649 600 orthodoxae
1666 563 1752 600 fidei
1771 563 1892 602 obviis
1904 576 2000 614 qua·-

474 626 627 667 teretur,
653 621 717 658 sed
748 620 786 656 in
818 619 955 656 Christi
987 619 1124 655 vicario
1150 619 1320 668 ejusdem
1343 620 1429 657 fidei
1459 626 1712 659 sacrosanctae
1742 635 1830 659 vero
1859 622 2001 660 cultore

473 681 693 730 columpnae
710 678 883 715 ecclesiae
901 677 1095 714 militantis
1111 678 1214 715 velut
1229 678 1406 715 solidatae
1423 692 1536 729 super
1551 680 1784 718 rectitudinis
1802 681 1907 718 bases
1926 693 2001 718 nu·-

473 744 549 775 tare
568 751 642 774 non
661 737 821 782 valeant,
839 740 881 772 ut
897 748 1030 785 sagena
1047 735 1183 772 summi
1197 735 1390 786 piscatoris
1404 737 1576 774 dexterae
1587 751 1684 788 quae
1699 738 1897 776 inhaerens
1909 731 2000 790 pro-

472 797 572 833 cellis
590 794 922 832 intumescentibus
940 798 1093 844 cogatur
1109 794 1147 830 in
1159 795 1348 845 naufragii
1367 796 1554 845 profunda
1569 796 1778 848 submergi,
1797 810 1843 834 ne
1856 797 2000 848 siquis,

472 855 573 906 quod
597 853 707 899 absit,
731 866 843 903 super
860 853 1007 903 specula
1027 852 1250 890 Universalis
1268 853 1451 891 Ecclesiae
1469 859 1503 891 et
1523 855 1755 905 Apostolicae
1773 855 1878 893 Sedis
1895 869 2001 893 sum-

472 927 555 950 mus
573 912 783 963 speculator
799 924 868 960 pro
886 911 1002 948 salute
1029 911 1197 948 omnium
1223 913 1444 950 constitutus
1460 926 1480 950 a
1499 913 1721 951 rectitudine
1739 914 1826 952 fidei
1844 918 1880 952 et
1897 914 2001 952 cultu

472 972 637 1022 ejusdem
675 970 877 1007 catholicae
913 969 1103 1019 religionis
1132 969 1346 1007 exorbitans
1373 976 1476 1021 gerat
1500 971 1642 1021 perfide
1676 973 1891 1023 perfidiam,
1924 985 2000 1010 non

472 1031 613 1080 absque
626 1028 825 1066 universali
838 1027 1006 1078 periculo
1020 1027 1278 1065 universorum
1287 1057 1297 1075 ,
1312 1029 1431 1079 capite
1445 1030 1704 1080 languescente
1715 1031 1826 1068 statui
1839 1031 2000 1082 generali

472 1089 638 1125 fidelium
655 1086 942 1124 irremediabilia
957 1086 1122 1136 pericula
1137 1086 1383 1124 imminerent.
1395 1087 1491 1124 Sane
1503 1088 1660 1135 dudum,
1668 1093 1865 1140 postquam
1874 1089 2000 1127 divina

471 1150 647 1197 operante
666 1144 860 1181 clementia
880 1144 1018 1181 fuimus
1037 1144 1082 1181 ad
1101 1145 1243 1195 apicem
1261 1145 1397 1182 summi
1415 1147 1641 1196 apostolatus
1665 1147 1862 1197 assumpti,
1878 1147 2002 1197 primo

471 1204 658 1255 Lugduni,
672 1203 807 1239 deinde
820 1202 978 1239 Pictavis
993 1216 1077 1239 cum
1093 1207 1216 1240 nostra
1231 1203 1333 1240 curia
1347 1204 1560 1251 residentes,
1570 1204 1786 1242 karissimus
1802 1205 1841 1242 in
1853 1205 2001 1243 Christo

471 1263 570 1300 filius
588 1267 712 1299 noster
729 1261 944 1311 Philippus,
963 1274 1026 1297 rex
1044 1261 1221 1298 Franciae
1237 1261 1410 1308 illustris,
1428 1262 1524 1309 zelo,
1541 1267 1584 1299 ut
1600 1263 1786 1300 credimus
1803 1267 1840 1299 et
1859 1267 1901 1300 ut
1923 1263 2002 1314 ipse

471 1320 723 1371 proponebat,
751 1318 837 1355 fidei
863 1318 1092 1354 orthodoxae
1119 1323 1154 1355 ct
1179 1318 1385 1356 devotionis
1407 1332 1602 1367 accensus,
1625 1320 1777 1358 credens
1800 1321 2000 1358 universali

470 1379 643 1416 ecclesiae
660 1378 819 1414 multum
839 1377 1029 1427 expedire,
1045 1390 1111 1414 nos
1126 1389 1211 1414 cum
1227 1378 1400 1414 instantia
1414 1378 1623 1428 requisivit,
1637 1383 1673 1415 et
1687 1378 1724 1415 id
1740 1379 1862 1430 ipsum
1876 1379 2000 1416 dilecti

472 1438 538 1474 filii
559 1437 702 1474 nobiles
720 1436 788 1472 viri
810 1436 1038 1482 Ludovicus,
1058 1441 1165 1473 natus
1184 1437 1303 1473 clarae
1321 1437 1520 1473 memoriae
1538 1437 1702 1488 Philippi
1725 1438 1819 1488 regis
1838 1438 2002 1475 Franco-

472 1509 569 1540 rum,
589 1494 839 1540 Ebroieensis,
859 1494 983 1538 Guido
1009 1494 1133 1531 Sancti
1161 1495 1283 1541 Pauli,
1308 1495 1508 1532 Nicholaus
1532 1495 1746 1541 Drocensis,
1771 1495 1941 1540 comites,
1959 1508 2001 1532 ac

471 1554 683 1590 NVillelmus
708 1552 982 1596 de'Placentia,
1010 1553 1136 1598 miles,
1159 1553 1224 1603 qui
1253 1558 1379 1590 contra
1398 1554 1632 1590 Bonifacium
1653 1566 1787 1604 papam
1811 1557 2000 1598 octavum,

473 1610 788 1661 praedecessorem
804 1614 1107 1660 nostrum,quem
1122 1609 1297 1646 dicebant
1310 1611 1347 1646 in
1365 1611 1447 1647 labe
1459 1611 1650 1661 pravitatis
1664 1611 1866 1648 haereticae
1882 1611 2003 1648 deces-

472 1669 580 1714 sisse,
601 1669 739 1704 crimen
756 1668 944 1704 haereseos
959 1681 997 1704 se
1011 1669 1104 1704 velle
1125 1681 1314 1719 opponere
1331 1674 1367 1705 et
1383 1670 1429 1705 ad
1448 1669 1540 1705 illud
1558 1669 1794 1720 probandum
1813 1662 2002 1706 sufficien-

474 1732 524 1764 tes
550 1727 786 1777 probationes
810 1726 961 1772 habere,
985 1726 1140 1776 illasque
1159 1740 1282 1763 coram
1302 1727 1410 1763 nobis
1428 1727 1522 1763 velle
1543 1740 1753 1777 proponere
1775 1727 2001 1773 asserebant,

474 1785 708 1834 postularunt
725 1784 903 1820 instanter
920 1785 1021 1834 quod
1041 1784 1130 1834 ipsis
1149 1785 1324 1821 videlicet
1347 1785 1537 1822 nobilibus
1555 1785 1754 1835 benignam
1775 1784 2000 1822 audientiam

472 1842 688 1879 exhibentes
711 1841 757 1877 ad
776 1841 1005 1891 recipiendas
1029 1842 1266 1891 probationes
1289 1841 1524 1891 hujusmodi,
1551 1842 1844 1892 memoriamque
1867 1842 2001 1892 damp-

474 1902 586 1938 nandi
605 1900 770 1950 ejusdem
788 1900 953 1936 defuncti
968 1900 1112 1950 justitia
1131 1904 1278 1951 praevia
1296 1901 1495 1951 procedere
1511 1914 1736 1938 curaremus.

522 1959 595 1997 Nos
620 1971 725 2004 vero,
751 1958 921 2008 quamvis
947 1959 993 1995 dc
1018 1959 1099 2008 ipso
1125 1959 1191 2009 qui
1218 1959 1264 1996 de
1288 1959 1505 1996 orthodoxis
1530 1959 1747 2010 parentibus
1765 1963 1800 1996 et
1819 1959 2000 1997 catholica

474 2018 592 2068 patria
619 2016 728 2052 traxit
754 2016 935 2066 originem
967 2029 1009 2053 ac
1035 2017 1074 2052 in
1105 2018 1271 2054 Romana
1294 2017 1395 2054 curia
1422 2030 1491 2067 pro
1514 2017 1646 2066 majori
1674 2021 1776 2067 parte
1792 2018 1889 2054 vitae
1913 2029 2000 2054 suae

477 2075 637 2112 nutritus
655 2074 790 2119 extitit,
809 2078 844 2110 et
865 2074 955 2110 dum
977 2087 1061 2110 cum
1083 2074 1240 2112 Martino
1264 2075 1302 2112 in
1324 2075 1502 2112 Franciae
1526 2088 1570 2112 ac
1595 2075 1759 2112 Adriano
1782 2075 1821 2112 in
1846 2075 2001 2127 Angliae

476 2134 596 2183 regnis
610 2131 952 2182 praedecessoribus
967 2133 1101 2169 nostris
1115 2133 1292 2170 Romanis
1307 2133 1547 2183 pontificibus
1559 2133 1752 2183 legationis
1769 2133 1892 2170 officio
1912 2133 2000 2171 fun-2

475 2196 620 2242 geretur
637 2190 851 2227 successivis
878 2191 1124 2240 temporibus,
1156 2191 1261 2242 quasi
1292 2192 1467 2228 continue
1489 2195 1733 2228 'conversatus
1762 2191 2000 2229 cancellariae

474 2249 638 2286 officium
660 2248 824 2285 exercuit
844 2262 928 2285 cum
949 2249 1102 2294 eisdem,
1120 2254 1156 2286 et
1175 2251 1444 2301 subsequenter
1469 2250 1507 2287 in
1531 2251 1629 2287 dicta
1651 2251 1818 2288 Romana
1839 2250 1942 2288 curia
1958 2250 1999 2287 in

475 2321 547 2358 qua
573 2306 676 2356 prius
701 2311 913 2342 exercuerat
929 2307 1180 2344 advocationis
1202 2307 1384 2354 officium,
1410 2308 1455 2344 ad
1478 2307 1641 2345 officium
1661 2308 1794 2344 notarii
1817 2308 1939 2358 primo
1963 2313 1999 2345 et

475 2365 609 2402 deinde
638 2364 683 2399 ad
710 2363 888 2400 honorem
913 2365 1160 2404 cardinalatus
1186 2365 1340 2403 Sanctae
1363 2367 1551 2404 Romanae
1568 2366 1768 2411 Ecclesiae,
1790 2370 1826 2402 et
1846 2364 1996 2402 demum
