<?xml version="1.0" encoding="UTF-8"?>
<!DOCTYPE html PUBLIC "-//W3C//DTD XHTML 1.0 Transitional//EN"
    "http://www.w3.org/TR/xhtml1/DTD/xhtml1-transitional.dtd">
<html xmlns="http://www.w3.org/1999/xhtml" xml:lang="en" lang="en">
 <head>
  <title>
</title>
<meta http-equiv="Content-Type" content="text/html;charset=utf-8" />
  <meta name='ocr-system' content='tesseract 3.04.00' />
  <meta name='ocr-capabilities' content='ocr_page ocr_carea ocr_par ocr_line ocrx_word'/>
</head>
<body>
  <div class='ocr_page' id='page_1' title='image "./codexdunensissiv00kervuoft/codexdunensissiv00kervuoft_0281.png"; bbox 0 0 2184 3074; ppageno 0'>
   <div class='ocr_carea' id='block_1_1' title="bbox 736 254 1721 298">
    <p class='ocr_par' dir='ltr' id='par_1_1' title="bbox 736 254 1721 298">
     <span class='ocr_line' id='line_1_1' title="bbox 736 254 1721 298; baseline 0.006 -7"><span class='ocrx_word' id='word_1_1' title='bbox 736 254 896 292; x_wconf 84' lang='lat' dir='ltr'><strong>CODEX</strong></span> <span class='ocrx_word' id='word_1_2' title='bbox 925 255 1172 292; x_wconf 65' lang='lat' dir='ltr'>thNENsts.</span> <span class='ocrx_word' id='word_1_3' title='bbox 1649 259 1721 298; x_wconf 80' lang='lat'>259</span> 
     </span>
    </p>
   </div>
   <div class='ocr_carea' id='block_1_2' title="bbox 901 430 1008 468">
    <p class='ocr_par' dir='ltr' id='par_1_2' title="bbox 901 430 1008 468">
     <span class='ocr_line' id='line_1_2' title="bbox 901 430 1008 468; baseline -0.009 0"><span class='ocrx_word' id='word_1_4' title='bbox 901 430 1008 468; x_wconf 90' lang='lat' dir='ltr'>CLll.</span> 
     </span>
    </p>
   </div>
   <div class='ocr_carea' id='block_1_3' title="bbox 209 548 1695 704">
    <p class='ocr_par' dir='ltr' id='par_1_3' title="bbox 209 548 1695 704">
     <span class='ocr_line' id='line_1_3' title="bbox 209 548 1692 599; baseline 0.001 -12"><span class='ocrx_word' id='word_1_5' title='bbox 209 549 391 599; x_wconf 80' lang='lat' dir='ltr'>L’official</span> <span class='ocrx_word' id='word_1_6' title='bbox 406 549 451 586; x_wconf 78' lang='lat' dir='ltr'>de</span> <span class='ocrx_word' id='word_1_7' title='bbox 473 549 652 599; x_wconf 65' lang='lat' dir='ltr'>Tourveay</span> <span class='ocrx_word' id='word_1_8' title='bbox 671 549 780 586; x_wconf 80' lang='lat' dir='ltr'>invite</span> <span class='ocrx_word' id='word_1_9' title='bbox 797 548 828 586; x_wconf 85' lang='lat' dir='ltr'>le</span> <span class='ocrx_word' id='word_1_10' title='bbox 844 548 962 599; x_wconf 63' lang='lat' dir='ltr'>clerqc‘</span> <span class='ocrx_word' id='word_1_11' title='bbox 977 548 1022 586; x_wconf 84' lang='lat' dir='ltr'>de</span> <span class='ocrx_word' id='word_1_12' title='bbox 1039 548 1160 586; x_wconf 75' lang='lat' dir='ltr'>divers</span> <span class='ocrx_word' id='word_1_13' title='bbox 1184 548 1337 587; x_wconf 68' lang='lat' dir='ltr'>dioceses</span> <span class='ocrx_word' id='word_1_14' title='bbox 1357 550 1382 586; x_wconf 86' lang='grc' dir='ltr'><em>ἁ</em></span> <span class='ocrx_word' id='word_1_15' title='bbox 1398 549 1574 598; x_wconf 64' lang='lat' dir='ltr'>desentire</span> <span class='ocrx_word' id='word_1_16' title='bbox 1600 557 1692 588; x_wconf 76' lang='lat' dir='ltr'>toute</span> 
     </span>
     <span class='ocr_line' id='line_1_4' title="bbox 256 605 1695 658; baseline 0.001 -14"><span class='ocrx_word' id='word_1_17' title='bbox 256 606 415 650; x_wconf 69' lang='lat' dir='ltr'>relation</span> <span class='ocrx_word' id='word_1_18' title='bbox 432 619 516 646; x_wconf 62' lang='lat' dir='ltr'>avec</span> <span class='ocrx_word' id='word_1_19' title='bbox 541 605 756 644; x_wconf 81' lang='lat' dir='ltr'>Guillaume</span> <span class='ocrx_word' id='word_1_20' title='bbox 779 606 824 644; x_wconf 84' lang='lat' dir='ltr'>de</span> <span class='ocrx_word' id='word_1_21' title='bbox 840 606 1054 657; x_wconf 76' lang='lat' dir='ltr'>Saeftinqen</span> <span class='ocrx_word' id='word_1_22' title='bbox 1078 611 1111 643; x_wconf 71' lang='lat' dir='ltr'>et</span> <span class='ocrx_word' id='word_1_23' title='bbox 1128 619 1183 644; x_wconf 75' lang='lat' dir='ltr'>scs</span> <span class='ocrx_word' id='word_1_24' title='bbox 1201 607 1389 657; x_wconf 72' lang='lat' dir='ltr'><strong><em>complices</em></strong></span> <span class='ocrx_word' id='word_1_25' title='bbox 1414 608 1568 658; x_wconf 73' lang='lat' dir='ltr'>frappe&#39;s</span> <span class='ocrx_word' id='word_1_26' title='bbox 1591 609 1695 646; x_wconf 64' lang='grc' dir='ltr'>εἰέκ-</span> 
     </span>
     <span class='ocr_line' id='line_1_5' title="bbox 254 666 572 704; baseline -0.006 0"><span class='ocrx_word' id='word_1_27' title='bbox 254 666 572 704; x_wconf 75' lang='lat' dir='ltr'>communication.</span> 
     </span>
    </p>
   </div>
   <div class='ocr_carea' id='block_1_4' title="bbox 177 846 1719 2421">
    <p class='ocr_par' dir='ltr' id='par_1_4' title="bbox 181 846 1715 947">
     <span class='ocr_line' id='line_1_6' title="bbox 230 846 1715 900; baseline 0.002 -14"><span class='ocrx_word' id='word_1_28' title='bbox 230 847 328 886; x_wconf 82' lang='lat' dir='ltr'>Viris</span> <span class='ocrx_word' id='word_1_29' title='bbox 352 847 628 885; x_wconf 87' lang='lat' dir='ltr'>venerabilibus</span> <span class='ocrx_word' id='word_1_30' title='bbox 653 852 688 884; x_wconf 87' lang='lat' dir='ltr'>et</span> <span class='ocrx_word' id='word_1_31' title='bbox 712 846 883 884; x_wconf 82' lang='lat' dir='ltr'>discretis</span> <span class='ocrx_word' id='word_1_32' title='bbox 909 847 1183 894; x_wconf 80' lang='lat' dir='ltr'>Cameracensi,</span> <span class='ocrx_word' id='word_1_33' title='bbox 1213 848 1412 887; x_wconf 85' lang='lat' dir='ltr'>Morinensi</span> <span class='ocrx_word' id='word_1_34' title='bbox 1436 855 1473 887; x_wconf 90' lang='lat' dir='ltr'>et</span> <span class='ocrx_word' id='word_1_35' title='bbox 1492 850 1715 900; x_wconf 77' lang='lat' dir='ltr'>Trajectcusi</span> 
     </span>
     <span class='ocr_line' id='line_1_7' title="bbox 181 907 1262 947; baseline 0 -1"><span class='ocrx_word' id='word_1_36' title='bbox 181 907 849 947; x_wconf 57' lang='lat' dir='ltr'>officialibusofficialis‘Tornacensis</span> <span class='ocrx_word' id='word_1_37' title='bbox 863 908 1018 945; x_wconf 89' lang='lat' dir='ltr'>salutem</span> <span class='ocrx_word' id='word_1_38' title='bbox 1036 908 1074 945; x_wconf 91' lang='lat' dir='ltr'>in</span> <span class='ocrx_word' id='word_1_39' title='bbox 1090 908 1262 946; x_wconf 86' lang='lat' dir='ltr'>Domino.</span> 
     </span>
    </p>

    <p class='ocr_par' dir='ltr' id='par_1_5' title="bbox 177 966 1719 2421">
     <span class='ocr_line' id='line_1_8' title="bbox 229 966 1717 1019; baseline -0.001 -13"><span class='ocrx_word' id='word_1_40' title='bbox 229 967 312 1007; x_wconf 82' lang='lat' dir='ltr'>Non</span> <span class='ocrx_word' id='word_1_41' title='bbox 333 968 414 1006; x_wconf 88' lang='lat' dir='ltr'>sine</span> <span class='ocrx_word' id='word_1_42' title='bbox 431 966 572 1013; x_wconf 76' lang='lat' dir='ltr'>cordis,</span> <span class='ocrx_word' id='word_1_43' title='bbox 589 971 671 1011; x_wconf 63' lang='lat' dir='ltr'>etc„</span> <span class='ocrx_word' id='word_1_44' title='bbox 694 979 814 1017; x_wconf 89' lang='lat' dir='ltr'>usque</span> <span class='ocrx_word' id='word_1_45' title='bbox 837 966 916 1003; x_wconf 85' lang='lat' dir='ltr'>hic:</span> <span class='ocrx_word' id='word_1_46' title='bbox 937 971 1107 1004; x_wconf 81' lang='lat' dir='ltr'>vestram.</span> <span class='ocrx_word' id='word_1_47' title='bbox 1129 967 1226 1004; x_wconf 84' lang='lat' dir='ltr'>Hinc</span> <span class='ocrx_word' id='word_1_48' title='bbox 1243 973 1297 1005; x_wconf 86' lang='lat' dir='ltr'>est</span> <span class='ocrx_word' id='word_1_49' title='bbox 1314 969 1416 1019; x_wconf 84' lang='lat' dir='ltr'>quod</span> <span class='ocrx_word' id='word_1_50' title='bbox 1437 982 1504 1006; x_wconf 93' lang='lat' dir='ltr'>nos</span> <span class='ocrx_word' id='word_1_51' title='bbox 1522 969 1717 1006; x_wconf 83' lang='lat' dir='ltr'>attenden-</span> 
     </span>
     <span class='ocr_line' id='line_1_9' title="bbox 178 1024 1716 1078; baseline -0.001 -15"><span class='ocrx_word' id='word_1_52' title='bbox 178 1030 232 1064; x_wconf 83' lang='lat' dir='ltr'>tes</span> <span class='ocrx_word' id='word_1_53' title='bbox 252 1025 356 1078; x_wconf 81' lang='lat' dir='ltr'>quod</span> <span class='ocrx_word' id='word_1_54' title='bbox 380 1029 523 1077; x_wconf 88' lang='lat' dir='ltr'>quanto</span> <span class='ocrx_word' id='word_1_55' title='bbox 544 1024 680 1062; x_wconf 87' lang='lat' dir='ltr'>delicta</span> <span class='ocrx_word' id='word_1_56' title='bbox 702 1029 791 1062; x_wconf 84' lang='lat' dir='ltr'>sunt</span> <span class='ocrx_word' id='word_1_57' title='bbox 814 1025 1001 1075; x_wconf 69' lang='lat' dir='ltr'>graviora7</span> <span class='ocrx_word' id='word_1_58' title='bbox 1027 1030 1129 1063; x_wconf 88' lang='lat' dir='ltr'>tanto</span> <span class='ocrx_word' id='word_1_59' title='bbox 1154 1027 1236 1076; x_wconf 91' lang='lat' dir='ltr'>plus</span> <span class='ocrx_word' id='word_1_60' title='bbox 1258 1027 1375 1076; x_wconf 85' lang='lat' dir='ltr'>judex</span> <span class='ocrx_word' id='word_1_61' title='bbox 1402 1027 1614 1065; x_wconf 87' lang='lat' dir='ltr'>ordinarius</span> <span class='ocrx_word' id='word_1_62' title='bbox 1639 1039 1716 1063; x_wconf 85' lang='lat' dir='ltr'>esse</span> 
     </span>
     <span class='ocr_line' id='line_1_10' title="bbox 178 1083 1714 1135; baseline 0 -13"><span class='ocrx_word' id='word_1_63' title='bbox 178 1083 289 1122; x_wconf 80' lang='lat' dir='ltr'>debet</span> <span class='ocrx_word' id='word_1_64' title='bbox 303 1088 464 1122; x_wconf 86' lang='lat' dir='ltr'>attentus</span> <span class='ocrx_word' id='word_1_65' title='bbox 475 1083 523 1121; x_wconf 87' lang='lat' dir='ltr'>ad</span> <span class='ocrx_word' id='word_1_66' title='bbox 540 1096 581 1120; x_wconf 83' lang='lat' dir='ltr'>ea</span> <span class='ocrx_word' id='word_1_67' title='bbox 600 1083 831 1129; x_wconf 74' lang='lat' dir='ltr'>ulciscenda,</span> <span class='ocrx_word' id='word_1_68' title='bbox 854 1088 1013 1120; x_wconf 87' lang='lat' dir='ltr'>vestram</span> <span class='ocrx_word' id='word_1_69' title='bbox 1031 1083 1291 1122; x_wconf 79' lang='lat' dir='ltr'>discretionem</span> <span class='ocrx_word' id='word_1_70' title='bbox 1319 1086 1356 1122; x_wconf 94' lang='lat' dir='ltr'>in</span> <span class='ocrx_word' id='word_1_71' title='bbox 1382 1085 1478 1135; x_wconf 88' lang='lat' dir='ltr'>juris</span> <span class='ocrx_word' id='word_1_72' title='bbox 1505 1085 1714 1122; x_wconf 77' lang='lat' dir='ltr'>subsidium</span> 
     </span>
     <span class='ocr_line' id='line_1_11' title="bbox 180 1141 1716 1194; baseline 0 -14"><span class='ocrx_word' id='word_1_73' title='bbox 180 1141 407 1193; x_wconf 74' lang='lat' dir='ltr'>requirimus</span> <span class='ocrx_word' id='word_1_74' title='bbox 432 1148 468 1180; x_wconf 87' lang='lat' dir='ltr'>et</span> <span class='ocrx_word' id='word_1_75' title='bbox 491 1154 666 1193; x_wconf 81' lang='lat' dir='ltr'>rogamus</span> <span class='ocrx_word' id='word_1_76' title='bbox 683 1146 869 1192; x_wconf 81' lang='lat' dir='ltr'>quatenus</span> <span class='ocrx_word' id='word_1_77' title='bbox 887 1142 1098 1192; x_wconf 86' lang='lat' dir='ltr'>praedictus</span> <span class='ocrx_word' id='word_1_78' title='bbox 1121 1142 1350 1189; x_wconf 69' lang='lat' dir='ltr'>willelmus,</span> <span class='ocrx_word' id='word_1_79' title='bbox 1375 1143 1531 1194; x_wconf 87' lang='lat' dir='ltr'>ejusque</span> <span class='ocrx_word' id='word_1_80' title='bbox 1555 1144 1716 1181; x_wconf 79' lang='lat' dir='ltr'>fautores</span> 
     </span>
     <span class='ocr_line' id='line_1_12' title="bbox 179 1200 1716 1252; baseline -0.001 -14"><span class='ocrx_word' id='word_1_81' title='bbox 179 1200 380 1247; x_wconf 75' lang='lat' dir='ltr'>auxilium,</span> <span class='ocrx_word' id='word_1_82' title='bbox 406 1200 605 1238; x_wconf 84' lang='lat' dir='ltr'>consilium</span> <span class='ocrx_word' id='word_1_83' title='bbox 624 1200 681 1237; x_wconf 91' lang='lat' dir='ltr'>vel</span> <span class='ocrx_word' id='word_1_84' title='bbox 699 1212 870 1238; x_wconf 78' lang='lat' dir='ltr'>assensus</span> <span class='ocrx_word' id='word_1_85' title='bbox 887 1205 1114 1251; x_wconf 71' lang='lat' dir='ltr'>praestantes</span> <span class='ocrx_word' id='word_1_86' title='bbox 1129 1201 1167 1237; x_wconf 90' lang='lat' dir='ltr'>in</span> <span class='ocrx_word' id='word_1_87' title='bbox 1181 1201 1392 1251; x_wconf 77' lang='lat' dir='ltr'>praemissis</span> <span class='ocrx_word' id='word_1_88' title='bbox 1405 1206 1442 1238; x_wconf 87' lang='lat' dir='ltr'>et</span> <span class='ocrx_word' id='word_1_89' title='bbox 1453 1201 1716 1252; x_wconf 75' lang='lat' dir='ltr'>participantes</span> 
     </span>
     <span class='ocr_line' id='line_1_13' title="bbox 180 1258 1715 1310; baseline -0.001 -14"><span class='ocrx_word' id='word_1_90' title='bbox 180 1259 217 1296; x_wconf 92' lang='lat' dir='ltr'>in</span> <span class='ocrx_word' id='word_1_91' title='bbox 243 1258 399 1296; x_wconf 84' lang='lat' dir='ltr'>crimine</span> <span class='ocrx_word' id='word_1_92' title='bbox 417 1258 619 1296; x_wconf 88' lang='lat' dir='ltr'>criminoso</span> <span class='ocrx_word' id='word_1_93' title='bbox 640 1259 983 1296; x_wconf 86' lang='lat' dir='ltr'>excommunicatos</span> <span class='ocrx_word' id='word_1_94' title='bbox 1001 1273 1020 1296; x_wconf 82' lang='lat' dir='ltr'>a</span> <span class='ocrx_word' id='word_1_95' title='bbox 1039 1273 1180 1297; x_wconf 89' lang='lat' dir='ltr'>canone</span> <span class='ocrx_word' id='word_1_96' title='bbox 1203 1260 1360 1310; x_wconf 82' lang='lat' dir='ltr'>singulis</span> <span class='ocrx_word' id='word_1_97' title='bbox 1381 1260 1530 1304; x_wconf 66' lang='lat' dir='ltr'>diebus,</span> <span class='ocrx_word' id='word_1_98' title='bbox 1555 1259 1715 1296; x_wconf 89' lang='lat' dir='ltr'>ubicun-</span> 
     </span>
     <span class='ocr_line' id='line_1_14' title="bbox 179 1317 1717 1368; baseline 0 -14"><span class='ocrx_word' id='word_1_99' title='bbox 179 1330 252 1368; x_wconf 85' lang='lat' dir='ltr'>que</span> <span class='ocrx_word' id='word_1_100' title='bbox 282 1321 318 1354; x_wconf 83' lang='lat' dir='ltr'>ct</span> <span class='ocrx_word' id='word_1_101' title='bbox 353 1317 658 1368; x_wconf 78' lang='lat' dir='ltr'>quandocunque</span> <span class='ocrx_word' id='word_1_102' title='bbox 686 1317 797 1354; x_wconf 86' lang='lat' dir='ltr'>suerit</span> <span class='ocrx_word' id='word_1_103' title='bbox 821 1330 934 1367; x_wconf 88' lang='lat' dir='ltr'>super</span> <span class='ocrx_word' id='word_1_104' title='bbox 958 1317 1029 1354; x_wconf 85' lang='lat' dir='ltr'>hoc</span> <span class='ocrx_word' id='word_1_105' title='bbox 1060 1318 1300 1368; x_wconf 67' lang='lat' dir='ltr'>requisitum,</span> <span class='ocrx_word' id='word_1_106' title='bbox 1327 1318 1467 1355; x_wconf 85' lang='lat' dir='ltr'>faciatis</span> <span class='ocrx_word' id='word_1_107' title='bbox 1490 1331 1556 1368; x_wconf 80' lang='lat' dir='ltr'>per</span> <span class='ocrx_word' id='word_1_108' title='bbox 1579 1323 1717 1355; x_wconf 83' lang='lat' dir='ltr'>vestros</span> 
     </span>
     <span class='ocr_line' id='line_1_15' title="bbox 179 1375 1719 1428; baseline 0 -15"><span class='ocrx_word' id='word_1_109' title='bbox 179 1375 348 1413; x_wconf 90' lang='lat' dir='ltr'>subditos</span> <span class='ocrx_word' id='word_1_110' title='bbox 373 1376 439 1426; x_wconf 86' lang='lat' dir='ltr'>qui</span> <span class='ocrx_word' id='word_1_111' title='bbox 465 1389 578 1427; x_wconf 92' lang='lat' dir='ltr'>super</span> <span class='ocrx_word' id='word_1_112' title='bbox 601 1376 672 1413; x_wconf 88' lang='lat' dir='ltr'>hoc</span> <span class='ocrx_word' id='word_1_113' title='bbox 695 1376 835 1413; x_wconf 85' lang='lat' dir='ltr'>suerint</span> <span class='ocrx_word' id='word_1_114' title='bbox 853 1377 1041 1427; x_wconf 70' lang='lat' dir='ltr'>requisiti,</span> <span class='ocrx_word' id='word_1_115' title='bbox 1057 1377 1209 1428; x_wconf 88' lang='lat' dir='ltr'>publice</span> <span class='ocrx_word' id='word_1_116' title='bbox 1232 1377 1415 1421; x_wconf 72' lang='lat' dir='ltr'>nuntiari,</span> <span class='ocrx_word' id='word_1_117' title='bbox 1434 1390 1476 1414; x_wconf 82' lang='lat' dir='ltr'>ac</span> <span class='ocrx_word' id='word_1_118' title='bbox 1493 1377 1602 1413; x_wconf 83' lang='lat' dir='ltr'>etiam</span> <span class='ocrx_word' id='word_1_119' title='bbox 1618 1377 1719 1413; x_wconf 84' lang='lat' dir='ltr'>inhi-</span> 
     </span>
     <span class='ocr_line' id='line_1_16' title="bbox 178 1434 1717 1487; baseline 0 -15"><span class='ocrx_word' id='word_1_120' title='bbox 178 1435 265 1472; x_wconf 86' lang='lat' dir='ltr'>bere</span> <span class='ocrx_word' id='word_1_121' title='bbox 297 1434 472 1473; x_wconf 90' lang='lat' dir='ltr'>omnibus</span> <span class='ocrx_word' id='word_1_122' title='bbox 506 1435 667 1473; x_wconf 90' lang='lat' dir='ltr'>subditis</span> <span class='ocrx_word' id='word_1_123' title='bbox 698 1435 848 1482; x_wconf 67' lang='lat' dir='ltr'>vestris,</span> <span class='ocrx_word' id='word_1_124' title='bbox 874 1436 945 1473; x_wconf 90' lang='lat' dir='ltr'>sub</span> <span class='ocrx_word' id='word_1_125' title='bbox 972 1450 1090 1487; x_wconf 86' lang='lat' dir='ltr'>poena</span> <span class='ocrx_word' id='word_1_126' title='bbox 1114 1436 1527 1482; x_wconf 66' lang='lat' dir='ltr'>excommunicationis,</span> <span class='ocrx_word' id='word_1_127' title='bbox 1555 1450 1600 1472; x_wconf 88' lang='lat' dir='ltr'>ne</span> <span class='ocrx_word' id='word_1_128' title='bbox 1633 1436 1717 1486; x_wconf 84' lang='lat' dir='ltr'>quis</span> 
     </span>
     <span class='ocr_line' id='line_1_17' title="bbox 179 1494 1718 1546; baseline 0 -16"><span class='ocrx_word' id='word_1_129' title='bbox 179 1506 307 1531; x_wconf 89' lang='lat' dir='ltr'>eorum</span> <span class='ocrx_word' id='word_1_130' title='bbox 336 1507 421 1531; x_wconf 88' lang='lat' dir='ltr'>cum</span> <span class='ocrx_word' id='word_1_131' title='bbox 450 1494 559 1532; x_wconf 87' lang='lat' dir='ltr'>dictis</span> <span class='ocrx_word' id='word_1_132' title='bbox 585 1494 917 1532; x_wconf 83' lang='lat' dir='ltr'>excommunicatis</span> <span class='ocrx_word' id='word_1_133' title='bbox 950 1495 1128 1532; x_wconf 88' lang='lat' dir='ltr'>nuntiatis</span> <span class='ocrx_word' id='word_1_134' title='bbox 1162 1496 1199 1532; x_wconf 89' lang='lat' dir='ltr'>in</span> <span class='ocrx_word' id='word_1_135' title='bbox 1231 1495 1331 1541; x_wconf 74' lang='lat' dir='ltr'>cibo,</span> <span class='ocrx_word' id='word_1_136' title='bbox 1366 1499 1475 1546; x_wconf 67' lang='lat' dir='ltr'>potu.,</span> <span class='ocrx_word' id='word_1_137' title='bbox 1511 1494 1718 1544; x_wconf 68' lang='lat' dir='ltr'>colloquio,</span> 
     </span>
     <span class='ocr_line' id='line_1_18' title="bbox 178 1553 1719 1605; baseline -0.001 -16"><span class='ocrx_word' id='word_1_138' title='bbox 178 1553 402 1590; x_wconf 89' lang='lat' dir='ltr'>commercio</span> <span class='ocrx_word' id='word_1_139' title='bbox 420 1558 484 1590; x_wconf 90' lang='lat' dir='ltr'>aut</span> <span class='ocrx_word' id='word_1_140' title='bbox 501 1566 563 1590; x_wconf 93' lang='lat' dir='ltr'>eos</span> <span class='ocrx_word' id='word_1_141' title='bbox 582 1553 806 1603; x_wconf 84' lang='lat' dir='ltr'>receptando</span> <span class='ocrx_word' id='word_1_142' title='bbox 825 1554 861 1590; x_wconf 91' lang='lat' dir='ltr'>in</span> <span class='ocrx_word' id='word_1_143' title='bbox 883 1553 1045 1604; x_wconf 87' lang='lat' dir='ltr'>hospitio</span> <span class='ocrx_word' id='word_1_144' title='bbox 1071 1555 1127 1591; x_wconf 85' lang='lat' dir='ltr'>vel</span> <span class='ocrx_word' id='word_1_145' title='bbox 1147 1554 1236 1591; x_wconf 89' lang='lat' dir='ltr'>alias</span> <span class='ocrx_word' id='word_1_146' title='bbox 1257 1567 1412 1605; x_wconf 86' lang='lat' dir='ltr'>quoquo</span> <span class='ocrx_word' id='word_1_147' title='bbox 1432 1553 1543 1590; x_wconf 87' lang='lat' dir='ltr'>modo</span> <span class='ocrx_word' id='word_1_148' title='bbox 1561 1553 1719 1590; x_wconf 86' lang='lat' dir='ltr'>scienter</span> 
     </span>
     <span class='ocr_line' id='line_1_19' title="bbox 178 1610 1715 1662; baseline 0 -15"><span class='ocrx_word' id='word_1_149' title='bbox 178 1610 428 1648; x_wconf 89' lang='lat' dir='ltr'>communicet</span> <span class='ocrx_word' id='word_1_150' title='bbox 457 1611 704 1662; x_wconf 82' lang='lat' dir='ltr'>praedurantc</span> <span class='ocrx_word' id='word_1_151' title='bbox 731 1611 828 1649; x_wconf 88' lang='lat' dir='ltr'>dicta</span> <span class='ocrx_word' id='word_1_152' title='bbox 854 1612 1251 1650; x_wconf 82' lang='lat' dir='ltr'>excommunicationis</span> <span class='ocrx_word' id='word_1_153' title='bbox 1274 1612 1454 1650; x_wconf 81' lang='lat' dir='ltr'>sententia</span> <span class='ocrx_word' id='word_1_154' title='bbox 1485 1612 1522 1648; x_wconf 91' lang='lat' dir='ltr'>in</span> <span class='ocrx_word' id='word_1_155' title='bbox 1556 1611 1715 1648; x_wconf 87' lang='lat' dir='ltr'>cosdem.</span> 
     </span>
     <span class='ocr_line' id='line_1_20' title="bbox 179 1669 1716 1722; baseline -0.001 -16"><span class='ocrx_word' id='word_1_156' title='bbox 179 1669 368 1706; x_wconf 86' lang='lat' dir='ltr'>Praeterea</span> <span class='ocrx_word' id='word_1_157' title='bbox 393 1669 423 1707; x_wconf 91' lang='lat' dir='ltr'>si</span> <span class='ocrx_word' id='word_1_158' title='bbox 450 1669 570 1707; x_wconf 89' lang='lat' dir='ltr'>dictus</span> <span class='ocrx_word' id='word_1_159' title='bbox 594 1670 808 1707; x_wconf 82' lang='lat' dir='ltr'>willelmus</span> <span class='ocrx_word' id='word_1_160' title='bbox 835 1670 891 1707; x_wconf 86' lang='lat' dir='ltr'>vel</span> <span class='ocrx_word' id='word_1_161' title='bbox 925 1670 1060 1721; x_wconf 86' lang='lat' dir='ltr'>aliquis</span> <span class='ocrx_word' id='word_1_162' title='bbox 1088 1671 1134 1708; x_wconf 89' lang='lat' dir='ltr'>dc</span> <span class='ocrx_word' id='word_1_163' title='bbox 1162 1671 1359 1722; x_wconf 82' lang='lat' dir='ltr'>praedictis</span> <span class='ocrx_word' id='word_1_164' title='bbox 1386 1670 1716 1707; x_wconf 82' lang='lat' dir='ltr'>excommunicatis</span> 
     </span>
     <span class='ocr_line' id='line_1_21' title="bbox 178 1728 1715 1773; baseline -0.001 -9"><span class='ocrx_word' id='word_1_165' title='bbox 178 1728 314 1765; x_wconf 79' lang='lat' dir='ltr'>alicubi</span> <span class='ocrx_word' id='word_1_166' title='bbox 346 1728 383 1765; x_wconf 88' lang='lat' dir='ltr'>in</span> <span class='ocrx_word' id='word_1_167' title='bbox 409 1729 539 1764; x_wconf 86' lang='lat' dir='ltr'>vestris</span> <span class='ocrx_word' id='word_1_168' title='bbox 566 1728 758 1765; x_wconf 87' lang='lat' dir='ltr'>territoriis</span> <span class='ocrx_word' id='word_1_169' title='bbox 786 1728 852 1765; x_wconf 89' lang='lat' dir='ltr'>ubi</span> <span class='ocrx_word' id='word_1_170' title='bbox 883 1728 1009 1765; x_wconf 86' lang='lat' dir='ltr'>divina</span> <span class='ocrx_word' id='word_1_171' title='bbox 1042 1729 1277 1766; x_wconf 85' lang='lat' dir='ltr'>celebrantur</span> <span class='ocrx_word' id='word_1_172' title='bbox 1298 1729 1433 1773; x_wconf 52' lang='lat' dir='ltr'>officia,</span> <span class='ocrx_word' id='word_1_173' title='bbox 1460 1728 1715 1764; x_wconf 80' lang='lat' dir='ltr'>declinaverit.</span> 
     </span>
     <span class='ocr_line' id='line_1_22' title="bbox 178 1786 1714 1838; baseline -0.001 -14"><span class='ocrx_word' id='word_1_174' title='bbox 178 1800 266 1824; x_wconf 86' lang='lat' dir='ltr'>mox</span> <span class='ocrx_word' id='word_1_175' title='bbox 284 1787 416 1824; x_wconf 88' lang='lat' dir='ltr'>cessari</span> <span class='ocrx_word' id='word_1_176' title='bbox 436 1786 577 1823; x_wconf 78' lang='lat' dir='ltr'>faciatis</span> <span class='ocrx_word' id='word_1_177' title='bbox 596 1786 735 1823; x_wconf 85' lang='lat' dir='ltr'>ibidem</span> <span class='ocrx_word' id='word_1_178' title='bbox 756 1787 904 1837; x_wconf 88' lang='lat' dir='ltr'>penitus</span> <span class='ocrx_word' id='word_1_179' title='bbox 922 1801 941 1824; x_wconf 89' lang='lat' dir='ltr'>a</span> <span class='ocrx_word' id='word_1_180' title='bbox 961 1787 1098 1824; x_wconf 89' lang='lat' dir='ltr'>divinis</span> <span class='ocrx_word' id='word_1_181' title='bbox 1116 1788 1296 1838; x_wconf 86' lang='lat' dir='ltr'>quamdiu</span> <span class='ocrx_word' id='word_1_182' title='bbox 1316 1787 1470 1824; x_wconf 83' lang='lat' dir='ltr'>fecerint</span> <span class='ocrx_word' id='word_1_183' title='bbox 1485 1787 1535 1824; x_wconf 88' lang='lat' dir='ltr'>ibi</span> <span class='ocrx_word' id='word_1_184' title='bbox 1557 1800 1714 1823; x_wconf 78' lang='lat' dir='ltr'>moram:</span> 
     </span>
     <span class='ocr_line' id='line_1_23' title="bbox 178 1844 1715 1896; baseline -0.001 -14"><span class='ocrx_word' id='word_1_185' title='bbox 178 1845 319 1882; x_wconf 80' lang='lat' dir='ltr'>faciatis</span> <span class='ocrx_word' id='word_1_186' title='bbox 344 1845 454 1882; x_wconf 87' lang='lat' dir='ltr'>etiam</span> <span class='ocrx_word' id='word_1_187' title='bbox 480 1844 623 1882; x_wconf 79' lang='lat' dir='ltr'>moneri</span> <span class='ocrx_word' id='word_1_188' title='bbox 655 1845 808 1882; x_wconf 86' lang='lat' dir='ltr'>nomine</span> <span class='ocrx_word' id='word_1_189' title='bbox 838 1845 1072 1883; x_wconf 86' lang='lat' dir='ltr'>obedientiae</span> <span class='ocrx_word' id='word_1_190' title='bbox 1101 1846 1183 1883; x_wconf 91' lang='lat' dir='ltr'>illos</span> <span class='ocrx_word' id='word_1_191' title='bbox 1213 1846 1278 1896; x_wconf 85' lang='lat' dir='ltr'>qui</span> <span class='ocrx_word' id='word_1_192' title='bbox 1310 1845 1410 1882; x_wconf 88' lang='lat' dir='ltr'>dicto</span> <span class='ocrx_word' id='word_1_193' title='bbox 1436 1845 1627 1883; x_wconf 88' lang='lat' dir='ltr'>Willclmo</span> <span class='ocrx_word' id='word_1_194' title='bbox 1654 1851 1715 1880; x_wconf 80' lang='lat' dir='ltr'>aut</span> 
     </span>
     <span class='ocr_line' id='line_1_24' title="bbox 178 1902 1716 1954; baseline -0.001 -14"><span class='ocrx_word' id='word_1_195' title='bbox 178 1903 375 1954; x_wconf 89' lang='lat' dir='ltr'>praedictis</span> <span class='ocrx_word' id='word_1_196' title='bbox 403 1902 483 1952; x_wconf 83' lang='lat' dir='ltr'>ejus</span> <span class='ocrx_word' id='word_1_197' title='bbox 514 1903 723 1940; x_wconf 79' lang='lat' dir='ltr'>fautoribus</span> <span class='ocrx_word' id='word_1_198' title='bbox 751 1916 814 1941; x_wconf 90' lang='lat' dir='ltr'>eos</span> <span class='ocrx_word' id='word_1_199' title='bbox 841 1904 1081 1954; x_wconf 28' lang='lat' dir='ltr'>receptandus</span> <span class='ocrx_word' id='word_1_200' title='bbox 1100 1917 1208 1941; x_wconf 86' lang='lat' dir='ltr'>eosve</span> <span class='ocrx_word' id='word_1_201' title='bbox 1226 1904 1270 1940; x_wconf 80' lang='lat' dir='ltr'>ad</span> <span class='ocrx_word' id='word_1_202' title='bbox 1290 1903 1416 1940; x_wconf 82' lang='lat' dir='ltr'>divina</span> <span class='ocrx_word' id='word_1_203' title='bbox 1435 1903 1554 1939; x_wconf 81' lang='lat' dir='ltr'>officia</span> <span class='ocrx_word' id='word_1_204' title='bbox 1580 1902 1716 1938; x_wconf 84' lang='lat' dir='ltr'>admit-</span> 
     </span>
     <span class='ocr_line' id='line_1_25' title="bbox 179 1961 1715 2014; baseline -0.001 -15"><span class='ocrx_word' id='word_1_205' title='bbox 179 1962 290 2000; x_wconf 86' lang='lat' dir='ltr'>tendo</span> <span class='ocrx_word' id='word_1_206' title='bbox 303 1975 368 2000; x_wconf 90' lang='lat' dir='ltr'>seu</span> <span class='ocrx_word' id='word_1_207' title='bbox 383 1962 474 2000; x_wconf 88' lang='lat' dir='ltr'>adeo</span> <span class='ocrx_word' id='word_1_208' title='bbox 487 1962 702 2000; x_wconf 80' lang='lat' dir='ltr'>humaniter</span> <span class='ocrx_word' id='word_1_209' title='bbox 714 1963 886 2000; x_wconf 87' lang='lat' dir='ltr'>solatium</span> <span class='ocrx_word' id='word_1_210' title='bbox 901 1963 1040 2000; x_wconf 87' lang='lat' dir='ltr'>eisdem</span> <span class='ocrx_word' id='word_1_211' title='bbox 1055 1963 1268 2014; x_wconf 82' lang='lat' dir='ltr'>praebendo</span> <span class='ocrx_word' id='word_1_212' title='bbox 1283 1967 1347 2000; x_wconf 81' lang='lat' dir='ltr'>aut</span> <span class='ocrx_word' id='word_1_213' title='bbox 1359 1962 1432 1999; x_wconf 81' lang='lat' dir='ltr'>alio</span> <span class='ocrx_word' id='word_1_214' title='bbox 1441 1974 1595 2012; x_wconf 87' lang='lat' dir='ltr'>quoquo</span> <span class='ocrx_word' id='word_1_215' title='bbox 1605 1961 1715 1998; x_wconf 87' lang='lat' dir='ltr'>modo</span> 
     </span>
     <span class='ocr_line' id='line_1_26' title="bbox 177 2019 1714 2072; baseline -0.001 -15"><span class='ocrx_word' id='word_1_216' title='bbox 177 2024 304 2057; x_wconf 84' lang='lat' dir='ltr'>contra</span> <span class='ocrx_word' id='word_1_217' title='bbox 326 2019 463 2058; x_wconf 87' lang='lat' dir='ltr'>dictam</span> <span class='ocrx_word' id='word_1_218' title='bbox 483 2020 747 2058; x_wconf 88' lang='lat' dir='ltr'>inhibitionem</span> <span class='ocrx_word' id='word_1_219' title='bbox 772 2021 1092 2072; x_wconf 70' lang='lat' dir='ltr'>participaverint,</span> <span class='ocrx_word' id='word_1_220' title='bbox 1119 2035 1139 2058; x_wconf 87' lang='lat' dir='ltr'>a</span> <span class='ocrx_word' id='word_1_221' title='bbox 1172 2022 1286 2058; x_wconf 81' lang='lat' dir='ltr'>latore</span> <span class='ocrx_word' id='word_1_222' title='bbox 1314 2019 1563 2070; x_wconf 82' lang='lat' dir='ltr'>praesentium</span> <span class='ocrx_word' id='word_1_223' title='bbox 1592 2019 1714 2055; x_wconf 90' lang='lat' dir='ltr'>nomi-</span> 
     </span>
     <span class='ocr_line' id='line_1_27' title="bbox 179 2078 1716 2131; baseline -0.001 -15"><span class='ocrx_word' id='word_1_224' title='bbox 179 2078 338 2125; x_wconf 66' lang='lat' dir='ltr'>nandos,</span> <span class='ocrx_word' id='word_1_225' title='bbox 360 2086 472 2130; x_wconf 88' lang='lat' dir='ltr'>prout</span> <span class='ocrx_word' id='word_1_226' title='bbox 489 2093 555 2130; x_wconf 89' lang='lat' dir='ltr'>per</span> <span class='ocrx_word' id='word_1_227' title='bbox 568 2080 691 2131; x_wconf 88' lang='lat' dir='ltr'>ipsum</span> <span class='ocrx_word' id='word_1_228' title='bbox 708 2081 822 2118; x_wconf 89' lang='lat' dir='ltr'>latum</span> <span class='ocrx_word' id='word_1_229' title='bbox 840 2081 965 2125; x_wconf 67' lang='lat' dir='ltr'>suerit,</span> <span class='ocrx_word' id='word_1_230' title='bbox 984 2081 1076 2118; x_wconf 82' lang='lat' dir='ltr'>sacta</span> <span class='ocrx_word' id='word_1_231' title='bbox 1094 2081 1336 2131; x_wconf 82' lang='lat' dir='ltr'>requisitione</span> <span class='ocrx_word' id='word_1_232' title='bbox 1351 2079 1489 2130; x_wconf 70' lang='lat' dir='ltr'>primo,</span> <span class='ocrx_word' id='word_1_233' title='bbox 1504 2078 1667 2115; x_wconf 89' lang='lat' dir='ltr'>secundo</span> <span class='ocrx_word' id='word_1_234' title='bbox 1681 2085 1716 2115; x_wconf 89' lang='lat' dir='ltr'>et</span> 
     </span>
     <span class='ocr_line' id='line_1_28' title="bbox 178 2136 1717 2189; baseline -0.001 -15"><span class='ocrx_word' id='word_1_235' title='bbox 178 2136 300 2182; x_wconf 72' lang='lat' dir='ltr'>tertio,</span> <span class='ocrx_word' id='word_1_236' title='bbox 320 2149 473 2188; x_wconf 89' lang='lat' dir='ltr'>unoque</span> <span class='ocrx_word' id='word_1_237' title='bbox 494 2138 742 2188; x_wconf 81' lang='lat' dir='ltr'>peremptorie</span> <span class='ocrx_word' id='word_1_238' title='bbox 756 2152 824 2189; x_wconf 91' lang='lat' dir='ltr'>pro</span> <span class='ocrx_word' id='word_1_239' title='bbox 843 2139 1030 2185; x_wconf 73' lang='lat' dir='ltr'>omnibus,</span> <span class='ocrx_word' id='word_1_240' title='bbox 1048 2144 1091 2176; x_wconf 89' lang='lat' dir='ltr'>ut</span> <span class='ocrx_word' id='word_1_241' title='bbox 1107 2152 1126 2175; x_wconf 83' lang='lat' dir='ltr'>a</span> <span class='ocrx_word' id='word_1_242' title='bbox 1146 2138 1429 2189; x_wconf 76' lang='lat' dir='ltr'>participatione</span> <span class='ocrx_word' id='word_1_243' title='bbox 1445 2137 1630 2188; x_wconf 83' lang='lat' dir='ltr'>praedicta</span> <span class='ocrx_word' id='word_1_244' title='bbox 1650 2137 1717 2173; x_wconf 84' lang='lat' dir='ltr'>de-</span> 
     </span>
     <span class='ocr_line' id='line_1_29' title="bbox 178 2195 1717 2249; baseline -0.001 -16"><span class='ocrx_word' id='word_1_245' title='bbox 178 2196 326 2240; x_wconf 77' lang='lat' dir='ltr'>sistant,</span> <span class='ocrx_word' id='word_1_246' title='bbox 344 2195 512 2247; x_wconf 90' lang='lat' dir='ltr'>alioquin</span> <span class='ocrx_word' id='word_1_247' title='bbox 535 2196 636 2247; x_wconf 89' lang='lat' dir='ltr'>ipsos</span> <span class='ocrx_word' id='word_1_248' title='bbox 661 2197 1002 2235; x_wconf 89' lang='lat' dir='ltr'>excommunicatos</span> <span class='ocrx_word' id='word_1_249' title='bbox 1029 2197 1178 2248; x_wconf 90' lang='lat' dir='ltr'>publice</span> <span class='ocrx_word' id='word_1_250' title='bbox 1199 2197 1362 2235; x_wconf 87' lang='lat' dir='ltr'>nuntiari</span> <span class='ocrx_word' id='word_1_251' title='bbox 1387 2197 1539 2249; x_wconf 76' lang='lat' dir='ltr'>faciatis.</span> <span class='ocrx_word' id='word_1_252' title='bbox 1562 2196 1717 2247; x_wconf 76' lang='lat' dir='ltr'>insuper</span> 
     </span>
     <span class='ocr_line' id='line_1_30' title="bbox 179 2254 1716 2307; baseline 0 -17"><span class='ocrx_word' id='word_1_253' title='bbox 179 2266 263 2291; x_wconf 91' lang='lat' dir='ltr'>cum</span> <span class='ocrx_word' id='word_1_254' title='bbox 280 2257 354 2291; x_wconf 88' lang='lat' dir='ltr'>tam</span> <span class='ocrx_word' id='word_1_255' title='bbox 372 2254 563 2305; x_wconf 85' lang='lat' dir='ltr'>flagitiosis</span> <span class='ocrx_word' id='word_1_256' title='bbox 581 2255 881 2294; x_wconf 85' lang='lat' dir='ltr'>malefactoribus</span> <span class='ocrx_word' id='word_1_257' title='bbox 900 2256 951 2293; x_wconf 90' lang='lat' dir='ltr'>nil</span> <span class='ocrx_word' id='word_1_258' title='bbox 971 2256 1040 2293; x_wconf 91' lang='lat' dir='ltr'>nisi</span> <span class='ocrx_word' id='word_1_259' title='bbox 1061 2256 1168 2307; x_wconf 90' lang='lat' dir='ltr'>panis</span> <span class='ocrx_word' id='word_1_260' title='bbox 1185 2256 1325 2293; x_wconf 86' lang='lat' dir='ltr'>doloris</span> <span class='ocrx_word' id='word_1_261' title='bbox 1346 2260 1383 2292; x_wconf 79' lang='lat' dir='ltr'>et</span> <span class='ocrx_word' id='word_1_262' title='bbox 1404 2268 1498 2306; x_wconf 88' lang='lat' dir='ltr'>aqua</span> <span class='ocrx_word' id='word_1_263' title='bbox 1525 2255 1716 2305; x_wconf 79' lang='lat' dir='ltr'>angustiae</span> 
     </span>
     <span class='ocr_line' id='line_1_31' title="bbox 179 2313 1715 2365; baseline -0.001 -15"><span class='ocrx_word' id='word_1_264' title='bbox 179 2325 264 2350; x_wconf 83' lang='lat' dir='ltr'>cum</span> <span class='ocrx_word' id='word_1_265' title='bbox 283 2325 428 2350; x_wconf 86' lang='lat' dir='ltr'>carcere</span> <span class='ocrx_word' id='word_1_266' title='bbox 446 2313 710 2351; x_wconf 87' lang='lat' dir='ltr'>irremediabili</span> <span class='ocrx_word' id='word_1_267' title='bbox 730 2319 909 2365; x_wconf 85' lang='lat' dir='ltr'>perpetuo</span> <span class='ocrx_word' id='word_1_268' title='bbox 927 2315 1117 2361; x_wconf 52' lang='lat' dir='ltr'>debeatur2</span> <span class='ocrx_word' id='word_1_269' title='bbox 1146 2319 1187 2351; x_wconf 90' lang='lat' dir='ltr'>ut</span> <span class='ocrx_word' id='word_1_270' title='bbox 1210 2314 1263 2351; x_wconf 88' lang='lat' dir='ltr'>sic</span> <span class='ocrx_word' id='word_1_271' title='bbox 1284 2314 1336 2351; x_wconf 88' lang='lat' dir='ltr'>eis</span> <span class='ocrx_word' id='word_1_272' title='bbox 1355 2326 1420 2351; x_wconf 88' lang='lat' dir='ltr'>sua</span> <span class='ocrx_word' id='word_1_273' title='bbox 1437 2317 1584 2364; x_wconf 77' lang='lat' dir='ltr'>peccata</span> <span class='ocrx_word' id='word_1_274' title='bbox 1609 2313 1715 2349; x_wconf 89' lang='lat' dir='ltr'>luen-</span> 
     </span>
     <span class='ocr_line' id='line_1_32' title="bbox 182 2370 1715 2421; baseline -0.001 -14"><span class='ocrx_word' id='word_1_275' title='bbox 182 2370 280 2408; x_wconf 84' lang='lat' dir='ltr'>tibus</span> <span class='ocrx_word' id='word_1_276' title='bbox 293 2370 355 2408; x_wconf 91' lang='lat' dir='ltr'>alii</span> <span class='ocrx_word' id='word_1_277' title='bbox 370 2384 390 2408; x_wconf 88' lang='lat' dir='ltr'>a</span> <span class='ocrx_word' id='word_1_278' title='bbox 404 2372 663 2410; x_wconf 90' lang='lat' dir='ltr'>consimilibus</span> <span class='ocrx_word' id='word_1_279' title='bbox 677 2378 882 2419; x_wconf 57' lang='lat' dir='ltr'>arceantur„</span> <span class='ocrx_word' id='word_1_280' title='bbox 895 2378 1053 2411; x_wconf 84' lang='lat' dir='ltr'>vestram</span> <span class='ocrx_word' id='word_1_281' title='bbox 1068 2373 1326 2410; x_wconf 85' lang='lat' dir='ltr'>discretionem</span> <span class='ocrx_word' id='word_1_282' title='bbox 1343 2372 1476 2409; x_wconf 81' lang='lat' dir='ltr'>iterum</span> <span class='ocrx_word' id='word_1_283' title='bbox 1491 2371 1715 2421; x_wconf 87' lang='lat' dir='ltr'>requirimus</span> 
     </span>
    </p>
   </div>
  </div>
 </body>
</html>
