2184 3074
719 349 881 388 CODEX
907 350 1150 391 DUNENSlS.
1614 359 1688 398 5259

154 471 282 504 eontra
297 478 366 504 nos
380 466 812 518 insurgentes‚guerram
833 473 960 506 contra
981 482 1063 514 nos,
1081 475 1303 523 gentemque
1322 479 1484 511 nostram
1505 474 1688 514 hostiliter

146 525 400 570 suscitarunt,
424 531 553 562 contra
580 538 647 563 nos
665 526 880 576 gravissima
898 528 1178 566 committentes.
1198 529 1291 567 Cum
1309 536 1433 569 autem
1455 545 1522 571 nos
1546 538 1684 572 tantam

154 582 447 621 inobedientiam
466 583 594 621 ulcisci
613 585 790 622 vellemus
808 591 920 636 prout
932 586 1074 635 justitia
1093 587 1263 637 exigebat
1284 602 1326 626 ac
1349 602 1511 630 essemus
1538 592 1575 630 in
1601 605 1687 644 per-

153 643 343 699 secutione
372 643 510 694 negotii
539 643 774 694 hujusmodi,
801 644 889 682 dicti
916 645 1178 691 Flandrenses,
1200 654 1376 698 operante
1397 650 1498 701 pacis
1520 658 1685 697 auctore,

154 712 246 741 sano
264 701 552 740 ducti-oonsilio
576 703 708 740 reverti
734 702 779 739 ad
805 703 1053 741 obedientiam
1081 706 1287 756 cupientes,
1306 708 1595 747 misericordiam
1620 723 1687 761 per

154 759 252 799 viam
268 759 368 810 pacis
383 765 419 797 et
436 760 657 798 concordiae
674 773 759 798 cum
771 774 910 812 magna
930 762 1102 800 instantia
1121 764 1316 814 petierunt.
1335 766 1408 803 Nos
1425 771 1546 805 autem
1565 772 1685 805 atten-

85 864 87 866 η
154 818 282 856 dentes
295 818 397 869 quod
416 819 668 856 misericordia
685 820 933 871 superexaltat
947 821 1150 871 judicium,
1165 828 1398 874 stragemque
1416 829 1537 862 tantae
1557 826 1685 863 multi-

154 878 295 916 tudinis
309 878 426 916 vitare
440 878 603 916 volentes
613 907 622 924 ,
636 879 806 916 tractatui
827 880 926 930 pacis
940 880 1271 918 condescendimus
1285 895 1327 918 ac
1341 887 1458 919 certos
1473 887 1684 921 tractatores

153 937 404 975 concessimus
418 937 483 988 qui
501 950 575 974 una
589 950 674 990 cum
690 938 949 975 tractatoribus
968 953 1012 976 ex
1031 946 1133 989 parte
1153 940 1347 977 Flandriae
1363 941 1566 991 deputatis,
1586 942 1685 992 pacis

153 1000 188 1032 et
214 995 434 1033 concordiae
455 1001 574 1033 certos
593 996 768 1033 articulos
787 1010 853 1047 per
871 1001 1082 1034 tractatores
1101 998 1295 1035 Flandriae
1320 999 1371 1035 cis
1394 999 1538 1036 oblatos
1556 1014 1685 1051 accep-

154 1058 279 1092 tarunt
302 1059 338 1092 et
360 1055 653 1102 concordarunt,
677 1055 716 1092 in
740 1055 870 1093 litteris
894 1061 1130 1094 tractatorum
1158 1057 1322 1108 ipsorum
1347 1059 1493 1108 plenius
1516 1072 1685 1110 compre-

155 1112 301 1151 hensos.
322 1113 424 1151 Licet
442 1114 556 1165 igit-ur
573 1114 661 1152 dicti
682 1114 889 1165 Brugenses
907 1129 949 1152 ac
968 1116 1097 1152 caeteri
1119 1116 1260 1153 nobiles
1278 1122 1313 1153 et
1332 1116 1511 1167 ignobiles
1528 1118 1683 1155 aliarum

154 1170 328 1209 villarum
346 1177 382 1209 et
398 1172 566 1210 locorum
586 1172 798 1219 Flandriae,
818 1178 890 1210 tam
918 1187 983 1224 per
1007 1187 1044 1211 se
1067 1188 1179 1225 quam
1202 1188 1267 1225 per
1290 1180 1544 1224 procuratores
1567 1175 1614 1212 ab
1632 1176 1684 1213 cis

154 1230 408 1282 sollempniter
432 1232 674 1277 constitutos,
699 1245 828 1270 omnes
855 1233 954 1283 pacis
983 1237 1153 1270 tractatae
1182 1238 1217 1270 et
1243 1234 1484 1271 concordatae
1509 1234 1684 1271 articulos

154 1281 244 1326 dicti
263 1289 507 1328 Flandrenses
526 1289 648 1328 verbis
666 1291 848 1342 expressis
866 1291 1153 1342 approbaverint
1170 1305 1211 1328 ac
1229 1292 1352 1343 aliqua
1371 1306 1415 1329 ex
1432 1292 1483 1330 eis
1500 1292 1685 1343 complere

153 1347 360 1398 coeperint,
375 1353 515 1386 caetera
528 1349 653 1387 omnia
667 1363 705 1387 sc
719 1350 967 1400 completuros
987 1350 1131 1401 plenius
1149 1355 1364 1395 asserentes,
1379 1350 1569 1387 humiliter
1588 1363 1679 1400 sup-

154 1406 341 1456 plicarunt
353 1408 531 1458 Majestati
548 1407 701 1456 Nostrae
718 1413 760 1445 ut
777 1407 911 1445 dictam
932 1421 1059 1459 pacem
1078 1408 1284 1458 approbare
1304 1422 1368 1459 per
1387 1408 1522 1445 litteras
1541 1412 1683 1445 nostras

155 1476 200 1502 ac
212 1464 482 1517 indignationis
500 1471 648 1504 nostrae
665 1472 806 1504 motum
826 1480 937 1518 quern
956 1480 999 1504 ex
1022 1466 1233 1518 praemissis
1255 1471 1381 1504 contra
1407 1480 1469 1504 eos
1489 1471 1684 1504 contraxe-

156 1537 300 1571 ramus,
323 1525 375 1563 eis
400 1525 606 1572 remittere,
626 1538 771 1563 necnon
797 1539 859 1563 eos
881 1525 1018 1576 gratiae
1040 1531 1186 1562 nostrae
1210 1526 1400 1562 restituere
1421 1526 1682 1576 dignaremur:

156 1596 224 1621 nos
247 1583 362 1635 igitur
385 1585 615 1622 advertentes
637 1584 688 1621 nil
711 1584 885 1635 proprius
913 1584 949 1621 in
974 1584 1142 1635 principe
1168 1596 1279 1635 quam
1305 1588 1346 1621 ut
1372 1583 1470 1620 vinci
1497 1583 1585 1620 velit
1609 1583 1685 1620 cle-

156 1643 310 1690 mentia,
334 1648 528 1694 sequentes
550 1643 701 1680 Domini
726 1643 848 1681 Nostri
875 1643 1025 1694 vestigia
1053 1642 1159 1693 cujus
1177 1642 1241 1680 ubi
1261 1641 1605 1694 superhabundavit
1619 1641 1685 1678 de-

156 1700 285 1738 lictum
302 1730 312 1748 ,
339 1701 686 1752 superhabundavit
718 1706 754 1738 et
782 1702 921 1752 gratia,
950 1704 1078 1752 pacem
1107 1700 1332 1751 praedictam
1364 1699 1613 1751 approbamus
1643 1711 1685 1736 ac

157 1760 351 1811 completis
382 1774 449 1811 per
479 1760 724 1798 Flandrenses
754 1760 854 1812 ipsos
887 1759 1050 1796 articulis
1082 1759 1182 1810 pacis
1212 1763 1248 1795 et
1282 1758 1422 1795 ratione
1446 1758 1546 1809 pacis
1568 1757 1684 1807 ipsius

157 1823 283 1870 postea
307 1832 375 1870 per
401 1819 520 1857 dictos
547 1823 759 1856 tractatores
788 1819 934 1869 plenius
961 1817 1210 1863 concordatis,
1242 1830 1390 1854 omnem
1420 1814 1686 1867 indignationis

157 1882 303 1916 nost-rae
328 1883 471 1915 motum
503 1878 748 1925 remittimus,
777 1878 914 1928 gratiae
943 1876 1139 1926 Majestatis
1166 1875 1318 1913 Nostrae
1343 1875 1575 1912 restituentes
1604 1886 1686 1911 cos·

157 1938 258 1985 dem,
271 1938 437 1976 volentes
455 1943 490 1975 et
509 1942 636 1975 tenore
650 1938 900 1989 praesentium
920 1936 1160 1973 concedentes
1175 1935 1330 1980 eisdem,
1345 1940 1519 1985 tanquam
1535 1933 1686 1970 devotos

158 2002 303 2035 nostros
331 2002 366 2034 et
394 1996 522 2034 fideles
546 2010 608 2034 eos
635 1996 777 2047 ubique
803 1995 968 2041 tractari,
994 1995 1085 2031 dum
1110 1999 1251 2038 tamen,
1269 1998 1310 2030 ut
1335 1991 1588 2043 supradictum
1614 1995 1687 2035 est,

159 2056 360 2108 praemissa
386 2057 616 2107 compleant,
645 2056 801 2092 firmiter
830 2059 976 2092 teneant
1000 2059 1035 2091 et
1062 2054 1268 2091 observent.
1296 2053 1549 2102 Quaecunque
1577 2049 1686 2105 ctiam

160 2115 430 2166 obligationum
446 2115 612 2160 vincula,
631 2119 797 2165 tempore
814 2110 890 2164 quo
907 2126 973 2150 nos
991 2113 1207 2150 tenebamus
1226 2124 1289 2148 scu
1308 2109 1535 2147 tenuerimus
1554 2113 1685 2146 terram

161 2173 357 2212 Flandriae
382 2174 427 2212 ad
455 2187 607 2212 manum
632 2178 816 2220 nostram,
838 2173 976 2224 quibus
997 2172 1122 2215 villae,
1141 2169 1440 2212 communitates,
1459 2167 1602 2205 nobiles
1624 2179 1687 2204 seu

161 2234 253 2271 aliae
277 2234 482 2285 singulares
507 2245 686 2284 personae
711 2239 828 2270 terrae
854 2231 1091 2269 Flandrensis
1117 2230 1225 2267 nobis
1248 2241 1286 2266 sc
1312 2227 1572 2278 obligaverint,
1594 2238 1690 2276 quae
1729 2246 1732 2249 ·

162 2291 444 2344 praejudiciales
466 2304 532 2329 seu
554 2291 760 2330 contrariae
786 2290 905 2327 dictae
923 2290 1002 2340 paci
1021 2289 1078 2326 vel
1097 2287 1261 2325 articulis
1280 2287 1317 2323 in
1337 2298 1377 2323 ca
1396 2283 1578 2322 contentis
1593 2296 1691 2334 quo-

162 2350 367 2388 modolibet
384 2354 535 2401 possent
552 2363 648 2396 esse,
669 2363 711 2387 ea
729 2349 870 2393 omnia,
894 2360 1037 2385 necnon
1055 2352 1091 2384 ct
1109 2346 1245 2383 litteras
1263 2345 1318 2381 vel
1343 2344 1585 2381 instrumenta
1605 2341 1691 2378 inde

164 2411 364 2457 consectas,
392 2411 483 2448 dum
509 2415 631 2448 tamen
655 2410 774 2447 dictae
795 2409 894 2460 pacis
915 2407 1059 2445 articuli
1079 2406 1187 2444 nobis
1207 2411 1241 2443 et
1260 2403 1533 2443 successoribus
1557 2401 1691 2439 nostris

165 2473 370 2516 teneantur,
389 2469 647 2520 compleantur
658 2473 692 2505 et
707 2467 972 2505 inviolabiliter
988 2466 1241 2505 observentur,
1261 2463 1400 2501 nullius
1418 2474 1566 2499 exnunc
1583 2459 1691 2497 volu-
