2184 3074
463 324 536 361 520
1015 321 1176 359 CODEX
1205 320 1451 359 DUNENSlS.

463 439 599 475 rexerit
631 439 726 475 infra
753 451 927 475 mensem.
955 437 1044 473 Item
1073 436 1248 482 dicimus,
1269 435 1464 473 laudamus
1491 440 1526 473 et
1550 436 1776 474 arbitramur
1799 450 1862 474 seu
1889 437 1997 474 etiam

462 497 669 534 diffinimus
688 496 790 546 quod
804 496 849 542 (le
870 495 1045 532 omnibus
1064 494 1173 531 bonis
1192 493 1397 531 mobilibus
1412 495 1469 531 vel
1486 508 1524 532 se
1538 495 1785 540 moventibus,
1799 495 1931 532 ablatis
1943 496 2000 532 vel

463 556 551 592 alias
570 556 625 592 vel
646 555 727 592 aliis
743 554 838 590 male
856 552 1073 598 subtractis,
1092 557 1128 589 et
1141 552 1188 588 de
1205 552 1383 589 omnibus
1401 552 1575 603 dampnis
1593 553 1688 590 datis
1707 553 1794 590 hinc
1813 553 1900 591 inde
1917 558 2001 591 ante

463 619 607 664 tempus
626 618 746 650 motae
758 613 814 649 vel
834 617 935 649 ortae
952 625 1106 662 guerrae
1121 611 1324 662 praesentis
1334 640 1342 656 ,
1361 611 1482 662 primo
1497 612 1544 649 de
1557 613 1732 650 omnibus
1746 627 1843 664 quae
1857 617 2002 650 exstant

463 678 498 709 et
516 676 756 722 consumptae
771 684 845 708 non
861 671 949 715 sint,
969 670 1183 721 praesertim
1203 669 1249 706 de
1266 669 1425 707 navibus
1443 675 1478 707 et
1492 670 1573 708 aliis
1586 671 1878 722 quibuscunque
1890 671 1999 708 bonis

462 744 528 780 per
554 731 692 781 Anglos
716 735 751 766 et
776 729 958 766 Gascones
983 733 1019 765 et
1046 741 1175 765 eorum
1208 728 1408 779 complices
1432 733 1516 766 ante
1541 742 1711 780 guerram
1743 730 1932 780 occupatis
1959 729 1998 766 in

464 789 555 826 mari
570 788 625 825 vel
647 789 683 824 in
700 792 811 834 terra,
830 787 931 838 quod
949 800 1013 823 rex
1032 786 1186 836 Angliae
1203 786 1328 823 omnia
1349 800 1445 837 quae
1465 786 1511 823 de
1524 787 1722 838 praedictis
1739 792 1882 833 extant,
1901 788 1998 825 bona

463 847 536 883 fide
550 846 629 883 sine
647 846 710 882 lite
724 850 759 882 et
775 846 917 896 absque
930 845 1049 895 figura
1063 844 1197 894 judicii
1213 844 1315 881 omni
1331 845 1462 881 fraude
1479 850 1643 882 cessante
1656 845 1703 882 ad
1718 846 1998 897 requisitionem

462 904 557 955 regis
577 904 753 941 Franciae
771 904 827 940 vel
844 903 966 940 nuntii
985 903 1042 940 sui
1063 903 1187 940 statim
1206 903 1316 940 faciat
1332 903 1378 940 ad
1395 904 1548 954 plenum
1566 905 1728 950 restitui,
1747 910 1783 942 et
1800 918 1865 942 rex
1882 905 2001 942 Fran-

463 964 539 1002 ciac
569 963 749 1009 similiter,
786 963 815 1000 si
845 976 920 1014 qua
948 963 1033 1000 talia
1059 967 1144 999 ante
1165 962 1303 999 dictam
1330 976 1502 1013 guerram
1536 969 1641 1014 capta
1667 964 1724 1000 vel
1751 964 1871 1001 ablata
1900 964 2002 1014 apud

464 1023 585 1072 ipsum
604 1022 660 1058 vel
682 1022 719 1058 in
748 1035 812 1058 sua
830 1025 1009 1072 potestate
1027 1021 1221 1058 existentia
1240 1026 1384 1072 reperta
1412 1022 1568 1068 suerint,
1587 1023 1759 1060 similiter
1780 1022 1826 1059 ad
1847 1023 2000 1074 plenum

463 1081 571 1117 saciat
591 1079 732 1116 restitui
760 1080 924 1130 praefato
950 1079 1025 1130 regi
1044 1079 1199 1129 Angliae
1216 1079 1273 1115 vel
1301 1079 1381 1129 ejus
1404 1080 1537 1117 nuntio
1554 1081 1767 1131 requisitus.
1791 1081 1846 1118 De
1868 1081 2001 1118 ablatis

462 1152 548 1175 vero
567 1151 641 1175 non
659 1138 903 1175 existentibus
926 1138 989 1175 sed
1017 1137 1219 1188 deperditis
1237 1142 1272 1174 et
1291 1138 1523 1189 consumptis
1543 1139 1751 1185 laudamus,
1774 1139 2002 1176 arbitramur

461 1211 524 1234 seu
543 1198 652 1234 etiam
672 1197 879 1234 diffinimus
897 1197 1000 1246 quod
1014 1210 1079 1233 rex
1100 1196 1253 1246 Angliae
1268 1197 1315 1233 ad
1335 1197 1616 1247 requisitionem
1635 1198 1731 1248 regis
1748 1198 1925 1235 Franciae
1941 1197 1999 1236 vel

462 1256 583 1292 nuntii
602 1255 681 1305 ejus
699 1255 867 1293 satisfieri
888 1255 1010 1301 faciat,
1035 1260 1071 1292 et
1092 1255 1138 1291 ad
1165 1255 1236 1292 hoc
1259 1255 1470 1292 faciendum
1497 1256 1607 1293 etiam
1634 1261 1802 1294 teneatur
1830 1257 1911 1294 sine
1936 1257 2000 1294 lite

461 1320 496 1351 et
514 1315 594 1351 sine
612 1314 731 1365 figura
746 1314 879 1364 judicii
900 1314 997 1351 bona
1012 1314 1085 1351 fide
1102 1319 1138 1351 et
1151 1314 1254 1351 omni
1270 1314 1400 1351 fraude
1415 1319 1588 1352 cessante.
1604 1316 1723 1352 Etiam
1743 1329 1806 1353 rex
1824 1315 2001 1353 Franciae

461 1373 632 1409 similiter
655 1373 684 1410 si
710 1386 783 1423 qua
803 1387 870 1423 per
889 1378 1014 1423 gentes
1035 1386 1119 1410 suas
1144 1372 1281 1418 ablata,
1299 1372 1492 1424 deperdita
1512 1376 1578 1411 seu
1604 1378 1824 1425 consumpta
1850 1373 1999 1411 inventa

461 1432 614 1476 fuerint,
643 1432 689 1468 ad
715 1432 995 1482 requisitionem
1023 1431 1118 1482 regis
1146 1431 1301 1482 Angliae
1326 1431 1383 1468 vel
1415 1432 1538 1468 nuntii
1562 1432 1642 1481 ejus
1669 1432 1837 1470 satisfieri
1872 1432 2000 1479 saciat,

461 1491 646 1527 taxatione
666 1491 774 1528 nobis
789 1496 886 1527 certa
901 1490 1176 1541 praedictorum
1191 1490 1398 1527 secundum
1413 1491 1705 1528 aestimationem
1720 1495 1847 1528 contra
1863 1495 2000 1528 utram-

459 1563 532 1599 que
550 1555 692 1599 partem
714 1550 777 1586 ubi
797 1564 863 1600 per
881 1550 1118 1587 concordiam
1137 1549 1300 1600 partium
1320 1550 1509 1600 negotium
1535 1563 1648 1601 super
1674 1550 1880 1600 praedictas
1897 1550 2000 1601 sopi—

460 1612 539 1643 tum
558 1621 631 1644 non
650 1614 759 1654 esset,
778 1609 942 1659 plenario
961 1613 1154 1646 reservata.
1177 1608 1187 1644 Ι
1194 1613 1266 1645 tem
1285 1608 1457 1654 dicimus,
1472 1609 1679 1655 laudamus,
1694 1609 1921 1646 arbitramur
1933 1621 1999 1646 seu

461 1667 569 1703 ctiam
593 1667 800 1704 diffinimus
823 1668 924 1718 quod
949 1668 1047 1704 idem
1071 1681 1135 1704 rex
1163 1667 1317 1718 Angliae
1343 1667 1389 1703 de
1415 1667 1592 1705 omnibus
1617 1667 1745 1713 terris,
1770 1667 1937 1704 vassallis
1963 1670 2000 1704 et

462 1725 570 1762 bonis
590 1739 685 1776 quae
714 1726 792 1776 ipse
811 1739 911 1763 nunc
930 1726 1042 1764 habet
1066 1731 1102 1763 et
1123 1730 1223 1763 tenet
1245 1726 1282 1762 in
1308 1738 1423 1776 regno
1446 1726 1624 1763 Franciae
1651 1739 1715 1763 seu
1744 1725 1891 1762 tenebat
1915 1729 2000 1762 ante

461 1790 598 1821 motam
618 1797 805 1835 guerram,
825 1790 1055 1835 praesentem
1082 1785 1178 1821 hanc
1197 1784 1298 1820 illam
1323 1784 1567 1834 quantitatem
1587 1788 1623 1821 et
1641 1784 1742 1821 illam
1764 1788 1906 1835 partem
1925 1788 2000 1821 mr·-

460 1856 602 1889 rarum,
622 1844 864 1880 vassallorum
885 1849 918 1880 et
939 1844 1124 1880 bonorum
1144 1842 1361 1880 eorumdem
1381 1856 1495 1894 quam
1514 1843 1585 1880 sibi
1606 1856 1651 1880 cx
1671 1843 1809 1880 virtute
1825 1855 2000 1892 compro-

460 1902 658 1939 missorum
693 1903 966 1952 praedictorum
1004 1903 1278 1939 laudaverimus
1309 1907 1345 1938 et
1379 1901 1681 1939 mandaverimus
1715 1901 1910 1951 assignari,
1941 1901 1998 1938 vel

462 1961 556 1997 inter
572 1961 671 2010 ipsos
690 1974 792 2011 reges
808 1961 918 1998 fuerit
937 1961 1217 2006 concordatum,
1232 1965 1268 1997 et
1285 1960 1356 1997 sub
1371 1960 1445 1997 illis
1465 1960 1652 2006 fidelitate,
1672 1959 1857 2010 homagio,
1876 1959 1998 1997 modis
2046 2000 2049 2003 ³

460 2025 494 2055 ot
513 2019 792 2056 conditionibus
814 2019 954 2070 quibus
975 2020 1054 2070 ipse
1075 2033 1117 2056 ac
1137 2023 1242 2070 pater
1259 2031 1348 2055 suus
1372 2018 1546 2055 habuisse
1571 2018 1749 2056 hactenus
1775 2022 1811 2054 et
1835 2018 1998 2055 tenuisse

463 2082 672 2123 noscantur,
695 2078 815 2115 modis
842 2083 877 2115 et
895 2078 1194 2128 temperamentis
1221 2091 1287 2128 per
1306 2089 1373 2113 nos
1395 2076 1620 2114 adhibendis
1644 2076 1683 2113 in
1702 2076 1834 2113 abusu.
1856 2075 1893 2114 Si
1911 2076 1997 2126 quis

461 2151 505 2172 vx
530 2141 632 2186 parte
657 2137 751 2186 regis
774 2137 801 2173 F
804 2137 950 2174 ranciae
973 2137 1150 2174 hactenus
1178 2136 1397 2173 commissus
1423 2135 1597 2172 inventus
1618 2135 1734 2172 fuerit
1759 2135 1796 2171 in
1822 2135 1998 2172 exercitio

461 2196 591 2232 rcsorti
618 2196 738 2232 modis
765 2197 874 2232 etiam
901 2201 936 2232 et
958 2196 1259 2247 temperamentis
1277 2208 1343 2245 per
1360 2207 1427 2231 nos
1445 2194 1670 2232 adhibendis
1688 2194 1727 2230 in
1745 2194 1865 2231 abusu
1883 2193 1998 2244 partis

460 2253 625 2299 alterius,
644 2253 672 2289 si
696 2254 779 2303 quis
799 2254 972 2291 videlicet
991 2268 1031 2291 ex
1049 2259 1152 2304 parte
1166 2254 1262 2304 regis
1276 2253 1430 2303 Angliae
1448 2253 1505 2289 vel
1525 2265 1677 2290 suorum
1699 2252 1876 2290 hactenus
1893 2265 1998 2290 com·-

460 2312 593 2348 missus
612 2316 738 2348 contra
761 2312 823 2361 jus
847 2312 976 2350 resorti
1005 2313 1115 2349 suerit
1138 2313 1328 2358 inventus,
1354 2325 1400 2348 ne
1427 2311 1512 2347 talia
1541 2311 1578 2348 in
1607 2315 1796 2362 posterum
1823 2311 1997 2348 commit·-

458 2374 583 2406 tantur
611 2370 889 2408 conditionibus
916 2371 1047 2416 etiam,
1070 2371 1191 2408 modis
1216 2376 1252 2408 et
1277 2370 1538 2408 securitatibus
1563 2383 1630 2420 per
1658 2383 1724 2407 nos
1749 2368 1932 2420 ponendis
1958 2373 1994 2406 et

458 2426 680 2464 adhibendis
702 2428 737 2464 in
758 2429 881 2474 terris,
900 2430 1085 2476 vassallis,
1108 2430 1293 2480 bonisque
1313 2429 1394 2466 aliis
1419 2441 1515 2479 quae
1538 2441 1606 2479 per
1631 2432 1795 2466 nostram
1821 2439 1993 2477 pronun-
