<?xml version="1.0" encoding="UTF-8"?>
<!DOCTYPE html PUBLIC "-//W3C//DTD XHTML 1.0 Transitional//EN"
    "http://www.w3.org/TR/xhtml1/DTD/xhtml1-transitional.dtd">
<html xmlns="http://www.w3.org/1999/xhtml" xml:lang="en" lang="en">
 <head>
  <title>
</title>
<meta http-equiv="Content-Type" content="text/html;charset=utf-8" />
  <meta name='ocr-system' content='tesseract 3.04.00' />
  <meta name='ocr-capabilities' content='ocr_page ocr_carea ocr_par ocr_line ocrx_word'/>
</head>
<body>
  <div class='ocr_page' id='page_1' title='image "./codexdunensissiv00kervuoft/codexdunensissiv00kervuoft_0306.png"; bbox 0 0 2184 3074; ppageno 0'>
   <div class='ocr_carea' id='block_1_1' title="bbox 412 243 1393 283">
    <p class='ocr_par' dir='ltr' id='par_1_1' title="bbox 412 243 1393 283">
     <span class='ocr_line' id='line_1_1' title="bbox 412 243 1393 283; baseline 0.003 -3"><span class='ocrx_word' id='word_1_1' title='bbox 412 244 484 281; x_wconf 72' lang='lat'>264</span> <span class='ocrx_word' id='word_1_2' title='bbox 960 243 1121 280; x_wconf 83' lang='lat' dir='ltr'>CODEX</span> <span class='ocrx_word' id='word_1_3' title='bbox 1147 244 1393 283; x_wconf 86' lang='lat' dir='ltr'>DUNENSIS.</span> 
     </span>
    </p>
   </div>
   <div class='ocr_carea' id='block_1_2' title="bbox 414 359 1964 2402">
    <p class='ocr_par' dir='ltr' id='par_1_2' title="bbox 414 359 1964 2402">
     <span class='ocr_line' id='line_1_2' title="bbox 415 359 1947 410; baseline 0.003 -15"><span class='ocrx_word' id='word_1_4' title='bbox 415 359 510 395; x_wconf 88' lang='lat' dir='ltr'>torio</span> <span class='ocrx_word' id='word_1_5' title='bbox 533 360 783 410; x_wconf 81' lang='lat' dir='ltr'>assignamus,</span> <span class='ocrx_word' id='word_1_6' title='bbox 810 359 1040 408; x_wconf 88' lang='lat' dir='ltr'>praedictum</span> <span class='ocrx_word' id='word_1_7' title='bbox 1063 360 1316 410; x_wconf 89' lang='lat' dir='ltr'>praepositum</span> <span class='ocrx_word' id='word_1_8' title='bbox 1339 365 1508 410; x_wconf 87' lang='lat' dir='ltr'>paratum</span> <span class='ocrx_word' id='word_1_9' title='bbox 1534 361 1655 398; x_wconf 87' lang='lat' dir='ltr'>eidem</span> <span class='ocrx_word' id='word_1_10' title='bbox 1681 362 1807 398; x_wconf 89' lang='lat' dir='ltr'>comiti</span> <span class='ocrx_word' id='word_1_11' title='bbox 1830 363 1947 399; x_wconf 83' lang='lat' dir='ltr'>facere</span> 
     </span>
     <span class='ocr_line' id='line_1_3' title="bbox 417 417 1949 467; baseline 0.003 -14"><span class='ocrx_word' id='word_1_12' title='bbox 417 417 599 467; x_wconf 88' lang='lat' dir='ltr'>quicquid</span> <span class='ocrx_word' id='word_1_13' title='bbox 622 418 703 466; x_wconf 83' lang='lat' dir='ltr'>jus,</span> <span class='ocrx_word' id='word_1_14' title='bbox 731 429 810 454; x_wconf 90' lang='lat' dir='ltr'>mos</span> <span class='ocrx_word' id='word_1_15' title='bbox 828 421 864 453; x_wconf 93' lang='lat' dir='ltr'>et</span> <span class='ocrx_word' id='word_1_16' title='bbox 886 417 979 453; x_wconf 89' lang='lat' dir='ltr'>ratio</span> <span class='ocrx_word' id='word_1_17' title='bbox 1006 417 1218 462; x_wconf 76' lang='lat' dir='ltr'>dictaverit,</span> <span class='ocrx_word' id='word_1_18' title='bbox 1236 417 1282 453; x_wconf 91' lang='lat' dir='ltr'>ad</span> <span class='ocrx_word' id='word_1_19' title='bbox 1309 417 1380 454; x_wconf 88' lang='lat' dir='ltr'>hoc</span> <span class='ocrx_word' id='word_1_20' title='bbox 1398 423 1440 455; x_wconf 92' lang='lat' dir='ltr'>ut</span> <span class='ocrx_word' id='word_1_21' title='bbox 1463 418 1600 455; x_wconf 87' lang='lat' dir='ltr'>dictam</span> <span class='ocrx_word' id='word_1_22' title='bbox 1621 418 1754 456; x_wconf 87' lang='lat' dir='ltr'>habeat</span> <span class='ocrx_word' id='word_1_23' title='bbox 1771 423 1807 456; x_wconf 87' lang='lat' dir='ltr'>et</span> <span class='ocrx_word' id='word_1_24' title='bbox 1830 420 1949 457; x_wconf 85' lang='lat' dir='ltr'>susci-</span> 
     </span>
     <span class='ocr_line' id='line_1_4' title="bbox 416 474 1950 528; baseline 0.003 -18"><span class='ocrx_word' id='word_1_25' title='bbox 416 474 493 524; x_wconf 85' lang='lat' dir='ltr'>piat</span> <span class='ocrx_word' id='word_1_26' title='bbox 509 475 783 519; x_wconf 83' lang='lat' dir='ltr'>cancellariam,</span> <span class='ocrx_word' id='word_1_27' title='bbox 802 474 996 524; x_wconf 80' lang='lat' dir='ltr'>ipsamque</span> <span class='ocrx_word' id='word_1_28' title='bbox 1015 479 1049 511; x_wconf 90' lang='lat' dir='ltr'>et</span> <span class='ocrx_word' id='word_1_29' title='bbox 1067 474 1249 525; x_wconf 88' lang='lat' dir='ltr'>quicquid</span> <span class='ocrx_word' id='word_1_30' title='bbox 1273 475 1320 511; x_wconf 89' lang='lat' dir='ltr'>ad</span> <span class='ocrx_word' id='word_1_31' title='bbox 1339 489 1418 512; x_wconf 87' lang='lat' dir='ltr'>eam</span> <span class='ocrx_word' id='word_1_32' title='bbox 1439 476 1618 526; x_wconf 83' lang='lat' dir='ltr'>pertinet,</span> <span class='ocrx_word' id='word_1_33' title='bbox 1636 489 1722 514; x_wconf 91' lang='lat' dir='ltr'>cum</span> <span class='ocrx_word' id='word_1_34' title='bbox 1746 490 1846 514; x_wconf 89' lang='lat' dir='ltr'>nune</span> <span class='ocrx_word' id='word_1_35' title='bbox 1863 491 1950 528; x_wconf 86' lang='lat' dir='ltr'>per-</span> 
     </span>
     <span class='ocr_line' id='line_1_5' title="bbox 417 532 1950 586; baseline 0.001 -16"><span class='ocrx_word' id='word_1_36' title='bbox 417 533 531 583; x_wconf 79' lang='lat' dir='ltr'>ceptis</span> <span class='ocrx_word' id='word_1_37' title='bbox 547 533 729 570; x_wconf 80' lang='lat' dir='ltr'>fruetibus</span> <span class='ocrx_word' id='word_1_38' title='bbox 756 533 810 568; x_wconf 83' lang='lat' dir='ltr'>vel</span> <span class='ocrx_word' id='word_1_39' title='bbox 835 532 900 582; x_wconf 91' lang='lat' dir='ltr'>qui</span> <span class='ocrx_word' id='word_1_40' title='bbox 921 546 941 569; x_wconf 87' lang='lat' dir='ltr'>a</span> <span class='ocrx_word' id='word_1_41' title='bbox 961 537 1127 582; x_wconf 88' lang='lat' dir='ltr'>tempore</span> <span class='ocrx_word' id='word_1_42' title='bbox 1149 533 1268 569; x_wconf 89' lang='lat' dir='ltr'>dictae</span> <span class='ocrx_word' id='word_1_43' title='bbox 1292 534 1547 583; x_wconf 83' lang='lat' dir='ltr'>occupationis</span> <span class='ocrx_word' id='word_1_44' title='bbox 1569 535 1710 586; x_wconf 80' lang='lat' dir='ltr'>percipi</span> <span class='ocrx_word' id='word_1_45' title='bbox 1729 540 1950 586; x_wconf 76' lang='lat' dir='ltr'>potuerunt,</span> 
     </span>
     <span class='ocr_line' id='line_1_6' title="bbox 416 591 1951 644; baseline 0.003 -16"><span class='ocrx_word' id='word_1_46' title='bbox 416 592 548 628; x_wconf 81' lang='lat' dir='ltr'>amotis</span> <span class='ocrx_word' id='word_1_47' title='bbox 570 592 616 628; x_wconf 82' lang='lat' dir='ltr'>ab</span> <span class='ocrx_word' id='word_1_48' title='bbox 642 591 768 627; x_wconf 86' lang='lat' dir='ltr'>eadem</span> <span class='ocrx_word' id='word_1_49' title='bbox 797 591 1014 627; x_wconf 86' lang='lat' dir='ltr'>cancellaria</span> <span class='ocrx_word' id='word_1_50' title='bbox 1042 591 1274 641; x_wconf 79' lang='lat' dir='ltr'>quibuslibet</span> <span class='ocrx_word' id='word_1_51' title='bbox 1299 592 1570 638; x_wconf 64' lang='lat' dir='ltr'>detentoribus,</span> <span class='ocrx_word' id='word_1_52' title='bbox 1595 593 1715 630; x_wconf 89' lang='lat' dir='ltr'>eidem</span> <span class='ocrx_word' id='word_1_53' title='bbox 1739 595 1951 644; x_wconf 82' lang='lat' dir='ltr'>praeposito</span> 
     </span>
     <span class='ocr_line' id='line_1_7' title="bbox 415 649 1950 702; baseline 0.003 -17"><span class='ocrx_word' id='word_1_54' title='bbox 415 649 582 686; x_wconf 84' lang='lat' dir='ltr'>restituat</span> <span class='ocrx_word' id='word_1_55' title='bbox 606 651 748 699; x_wconf 82' lang='lat' dir='ltr'>integre</span> <span class='ocrx_word' id='word_1_56' title='bbox 771 663 855 686; x_wconf 88' lang='lat' dir='ltr'>cum</span> <span class='ocrx_word' id='word_1_57' title='bbox 875 649 1025 698; x_wconf 89' lang='lat' dir='ltr'>juribus</span> <span class='ocrx_word' id='word_1_58' title='bbox 1049 654 1084 686; x_wconf 88' lang='lat' dir='ltr'>et</span> <span class='ocrx_word' id='word_1_59' title='bbox 1107 650 1340 698; x_wconf 87' lang='lat' dir='ltr'>pertinentiis</span> <span class='ocrx_word' id='word_1_60' title='bbox 1359 651 1554 688; x_wconf 88' lang='lat' dir='ltr'>universis.</span> <span class='ocrx_word' id='word_1_61' title='bbox 1580 651 1626 688; x_wconf 91' lang='lat' dir='ltr'>Et</span> <span class='ocrx_word' id='word_1_62' title='bbox 1647 657 1688 688; x_wconf 92' lang='lat' dir='ltr'>ut</span> <span class='ocrx_word' id='word_1_63' title='bbox 1711 652 1950 702; x_wconf 76' lang='lat' dir='ltr'>paucioribus</span> 
     </span>
     <span class='ocr_line' id='line_1_8' title="bbox 416 707 1950 759; baseline 0.003 -16"><span class='ocrx_word' id='word_1_64' title='bbox 416 720 539 744; x_wconf 88' lang='lat' dir='ltr'>comes</span> <span class='ocrx_word' id='word_1_65' title='bbox 557 708 707 756; x_wconf 83' lang='lat' dir='ltr'>adjutus</span> <span class='ocrx_word' id='word_1_66' title='bbox 726 707 933 744; x_wconf 82' lang='lat' dir='ltr'>fautoribus</span> <span class='ocrx_word' id='word_1_67' title='bbox 953 707 1058 758; x_wconf 91' lang='lat' dir='ltr'>prius</span> <span class='ocrx_word' id='word_1_68' title='bbox 1075 713 1111 744; x_wconf 93' lang='lat' dir='ltr'>et</span> <span class='ocrx_word' id='word_1_69' title='bbox 1129 707 1238 745; x_wconf 89' lang='lat' dir='ltr'>citius</span> <span class='ocrx_word' id='word_1_70' title='bbox 1255 709 1302 745; x_wconf 89' lang='lat' dir='ltr'>ad</span> <span class='ocrx_word' id='word_1_71' title='bbox 1321 709 1517 759; x_wconf 84' lang='lat' dir='ltr'>aequitatis</span> <span class='ocrx_word' id='word_1_72' title='bbox 1535 714 1571 746; x_wconf 91' lang='lat' dir='ltr'>et</span> <span class='ocrx_word' id='word_1_73' title='bbox 1583 710 1749 759; x_wconf 88' lang='lat' dir='ltr'>justitiae</span> <span class='ocrx_word' id='word_1_74' title='bbox 1766 710 1950 747; x_wconf 77' lang='lat' dir='ltr'>tramitem</span> 
     </span>
     <span class='ocr_line' id='line_1_9' title="bbox 416 766 1950 814; baseline 0.003 -13"><span class='ocrx_word' id='word_1_75' title='bbox 416 770 635 811; x_wconf 82' lang='lat' dir='ltr'>revertatur,</span> <span class='ocrx_word' id='word_1_76' title='bbox 654 779 718 802; x_wconf 88' lang='lat' dir='ltr'>vos</span> <span class='ocrx_word' id='word_1_77' title='bbox 735 779 864 802; x_wconf 91' lang='lat' dir='ltr'>omnes</span> <span class='ocrx_word' id='word_1_78' title='bbox 882 766 1055 811; x_wconf 87' lang='lat' dir='ltr'>ballivos,</span> <span class='ocrx_word' id='word_1_79' title='bbox 1075 766 1265 812; x_wconf 87' lang='lat' dir='ltr'>scabinos,</span> <span class='ocrx_word' id='word_1_80' title='bbox 1286 767 1546 814; x_wconf 87' lang='lat' dir='ltr'>rationatores,</span> <span class='ocrx_word' id='word_1_81' title='bbox 1564 767 1733 814; x_wconf 88' lang='lat' dir='ltr'>clericos,</span> <span class='ocrx_word' id='word_1_82' title='bbox 1750 767 1950 805; x_wconf 83' lang='lat' dir='ltr'>servientes</span> 
     </span>
     <span class='ocr_line' id='line_1_10' title="bbox 415 824 1950 876; baseline 0.002 -16"><span class='ocrx_word' id='word_1_83' title='bbox 415 829 478 860; x_wconf 85' lang='lat' dir='ltr'>aut</span> <span class='ocrx_word' id='word_1_84' title='bbox 502 824 690 861; x_wconf 85' lang='lat' dir='ltr'>ministros</span> <span class='ocrx_word' id='word_1_85' title='bbox 709 829 744 861; x_wconf 89' lang='lat' dir='ltr'>et</span> <span class='ocrx_word' id='word_1_86' title='bbox 762 824 851 861; x_wconf 86' lang='lat' dir='ltr'>alias</span> <span class='ocrx_word' id='word_1_87' title='bbox 874 837 1050 874; x_wconf 76' lang='lat' dir='ltr'>personas</span> <span class='ocrx_word' id='word_1_88' title='bbox 1075 824 1243 874; x_wconf 87' lang='lat' dir='ltr'>qualibet</span> <span class='ocrx_word' id='word_1_89' title='bbox 1262 826 1405 862; x_wconf 90' lang='lat' dir='ltr'>ratione</span> <span class='ocrx_word' id='word_1_90' title='bbox 1427 826 1612 875; x_wconf 84' lang='lat' dir='ltr'>subjectas</span> <span class='ocrx_word' id='word_1_91' title='bbox 1638 826 1802 876; x_wconf 79' lang='lat' dir='ltr'>praefato</span> <span class='ocrx_word' id='word_1_92' title='bbox 1823 826 1950 863; x_wconf 86' lang='lat' dir='ltr'>comiti</span> 
     </span>
     <span class='ocr_line' id='line_1_11' title="bbox 416 883 1952 934; baseline 0.002 -15"><span class='ocrx_word' id='word_1_93' title='bbox 416 896 528 932; x_wconf 85' lang='lat' dir='ltr'>super</span> <span class='ocrx_word' id='word_1_94' title='bbox 547 883 790 933; x_wconf 79' lang='lat' dir='ltr'>occupatione</span> <span class='ocrx_word' id='word_1_95' title='bbox 806 883 926 919; x_wconf 90' lang='lat' dir='ltr'>dictae</span> <span class='ocrx_word' id='word_1_96' title='bbox 951 883 1191 920; x_wconf 85' lang='lat' dir='ltr'>cancellariae</span> <span class='ocrx_word' id='word_1_97' title='bbox 1209 884 1266 920; x_wconf 88' lang='lat' dir='ltr'>vel</span> <span class='ocrx_word' id='word_1_98' title='bbox 1293 884 1372 933; x_wconf 89' lang='lat' dir='ltr'>ejus</span> <span class='ocrx_word' id='word_1_99' title='bbox 1392 884 1604 921; x_wconf 84' lang='lat' dir='ltr'>detentione</span> <span class='ocrx_word' id='word_1_100' title='bbox 1623 885 1800 931; x_wconf 83' lang='lat' dir='ltr'>faventes,</span> <span class='ocrx_word' id='word_1_101' title='bbox 1824 884 1952 934; x_wconf 82' lang='lat' dir='ltr'>eujus-</span> 
     </span>
     <span class='ocr_line' id='line_1_12' title="bbox 417 941 1952 991; baseline 0.003 -14"><span class='ocrx_word' id='word_1_102' title='bbox 417 954 565 991; x_wconf 87' lang='lat' dir='ltr'>cunque</span> <span class='ocrx_word' id='word_1_103' title='bbox 584 941 737 991; x_wconf 79' lang='lat' dir='ltr'>gradus,</span> <span class='ocrx_word' id='word_1_104' title='bbox 762 941 1006 988; x_wconf 86' lang='lat' dir='ltr'>conditionis,</span> <span class='ocrx_word' id='word_1_105' title='bbox 1031 942 1158 978; x_wconf 87' lang='lat' dir='ltr'>aetatis</span> <span class='ocrx_word' id='word_1_106' title='bbox 1182 947 1245 978; x_wconf 91' lang='lat' dir='ltr'>aut</span> <span class='ocrx_word' id='word_1_107' title='bbox 1262 955 1371 979; x_wconf 86' lang='lat' dir='ltr'>sexus</span> <span class='ocrx_word' id='word_1_108' title='bbox 1394 943 1569 989; x_wconf 84' lang='lat' dir='ltr'>existant,</span> <span class='ocrx_word' id='word_1_109' title='bbox 1594 956 1738 980; x_wconf 90' lang='lat' dir='ltr'>necnon</span> <span class='ocrx_word' id='word_1_110' title='bbox 1766 947 1802 980; x_wconf 88' lang='lat' dir='ltr'>et</span> <span class='ocrx_word' id='word_1_111' title='bbox 1823 956 1952 980; x_wconf 84' lang='lat' dir='ltr'>omnes</span> 
     </span>
     <span class='ocr_line' id='line_1_13' title="bbox 416 1000 1951 1050; baseline 0.002 -14"><span class='ocrx_word' id='word_1_112' title='bbox 416 1005 450 1036; x_wconf 85' lang='lat' dir='ltr'>et</span> <span class='ocrx_word' id='word_1_113' title='bbox 468 1000 634 1049; x_wconf 78' lang='lat' dir='ltr'>singulos</span> <span class='ocrx_word' id='word_1_114' title='bbox 650 1000 822 1036; x_wconf 81' lang='lat' dir='ltr'>facientes</span> <span class='ocrx_word' id='word_1_115' title='bbox 841 1000 984 1050; x_wconf 87' lang='lat' dir='ltr'>aliquid</span> <span class='ocrx_word' id='word_1_116' title='bbox 997 1029 1005 1045; x_wconf 95' lang='lat'>,</span> <span class='ocrx_word' id='word_1_117' title='bbox 1024 1005 1087 1037; x_wconf 90' lang='lat' dir='ltr'>aut</span> <span class='ocrx_word' id='word_1_118' title='bbox 1105 1001 1288 1047; x_wconf 79' lang='lat' dir='ltr'>(licentes,</span> <span class='ocrx_word' id='word_1_119' title='bbox 1314 1002 1548 1038; x_wconf 88' lang='lat' dir='ltr'>consulentes</span> <span class='ocrx_word' id='word_1_120' title='bbox 1567 1006 1630 1038; x_wconf 88' lang='lat' dir='ltr'>aut</span> <span class='ocrx_word' id='word_1_121' title='bbox 1647 1002 1860 1048; x_wconf 88' lang='lat' dir='ltr'>suadentes,</span> <span class='ocrx_word' id='word_1_122' title='bbox 1887 1015 1951 1039; x_wconf 90' lang='lat' dir='ltr'>seu</span> 
     </span>
     <span class='ocr_line' id='line_1_14' title="bbox 417 1058 1952 1109; baseline 0.002 -16"><span class='ocrx_word' id='word_1_123' title='bbox 417 1058 529 1094; x_wconf 91' lang='lat' dir='ltr'>modo</span> <span class='ocrx_word' id='word_1_124' title='bbox 555 1058 742 1107; x_wconf 89' lang='lat' dir='ltr'>quolibet,</span> <span class='ocrx_word' id='word_1_125' title='bbox 769 1059 862 1094; x_wconf 87' lang='lat' dir='ltr'>clam</span> <span class='ocrx_word' id='word_1_126' title='bbox 887 1059 943 1094; x_wconf 81' lang='lat' dir='ltr'>vel</span> <span class='ocrx_word' id='word_1_127' title='bbox 975 1059 1114 1109; x_wconf 87' lang='lat' dir='ltr'>palam,</span> <span class='ocrx_word' id='word_1_128' title='bbox 1145 1072 1212 1109; x_wconf 88' lang='lat' dir='ltr'>per</span> <span class='ocrx_word' id='word_1_129' title='bbox 1242 1073 1280 1096; x_wconf 90' lang='lat' dir='ltr'>se</span> <span class='ocrx_word' id='word_1_130' title='bbox 1305 1060 1362 1095; x_wconf 85' lang='lat' dir='ltr'>vel</span> <span class='ocrx_word' id='word_1_131' title='bbox 1386 1059 1501 1096; x_wconf 88' lang='lat' dir='ltr'>alium</span> <span class='ocrx_word' id='word_1_132' title='bbox 1522 1073 1587 1096; x_wconf 90' lang='lat' dir='ltr'>seu</span> <span class='ocrx_word' id='word_1_133' title='bbox 1612 1059 1705 1096; x_wconf 86' lang='lat' dir='ltr'>alios</span> <span class='ocrx_word' id='word_1_134' title='bbox 1729 1059 1952 1105; x_wconf 73' lang='lat' dir='ltr'>molestiam,</span> 
     </span>
     <span class='ocr_line' id='line_1_15' title="bbox 416 1117 1954 1168; baseline 0.002 -16"><span class='ocrx_word' id='word_1_135' title='bbox 416 1117 608 1166; x_wconf 85' lang='lat' dir='ltr'>injuriam,</span> <span class='ocrx_word' id='word_1_136' title='bbox 638 1117 885 1154; x_wconf 86' lang='lat' dir='ltr'>turbationem</span> <span class='ocrx_word' id='word_1_137' title='bbox 910 1117 967 1154; x_wconf 90' lang='lat' dir='ltr'>vel</span> <span class='ocrx_word' id='word_1_138' title='bbox 992 1117 1300 1167; x_wconf 88' lang='lat' dir='ltr'>impedimentum</span> <span class='ocrx_word' id='word_1_139' title='bbox 1328 1122 1570 1168; x_wconf 70' lang='lat' dir='ltr'>praestantes,</span> <span class='ocrx_word' id='word_1_140' title='bbox 1600 1118 1803 1168; x_wconf 86' lang='lat' dir='ltr'>quominus</span> <span class='ocrx_word' id='word_1_141' title='bbox 1831 1117 1954 1156; x_wconf 84' lang='lat' dir='ltr'>dictus</span> 
     </span>
     <span class='ocr_line' id='line_1_16' title="bbox 415 1176 1952 1227; baseline 0.001 -15"><span class='ocrx_word' id='word_1_142' title='bbox 415 1176 591 1212; x_wconf 91' lang='lat' dir='ltr'>dominus</span> <span class='ocrx_word' id='word_1_143' title='bbox 610 1177 842 1226; x_wconf 83' lang='lat' dir='ltr'>praepositus</span> <span class='ocrx_word' id='word_1_144' title='bbox 861 1177 1045 1226; x_wconf 82' lang='lat' dir='ltr'>praefatae</span> <span class='ocrx_word' id='word_1_145' title='bbox 1059 1177 1337 1227; x_wconf 81' lang='lat' dir='ltr'>praepositurae</span> <span class='ocrx_word' id='word_1_146' title='bbox 1349 1177 1461 1214; x_wconf 91' lang='lat' dir='ltr'>simul</span> <span class='ocrx_word' id='word_1_147' title='bbox 1480 1181 1516 1213; x_wconf 91' lang='lat' dir='ltr'>et</span> <span class='ocrx_word' id='word_1_148' title='bbox 1534 1177 1774 1214; x_wconf 85' lang='lat' dir='ltr'>cancellariae</span> <span class='ocrx_word' id='word_1_149' title='bbox 1792 1177 1952 1222; x_wconf 80' lang='lat' dir='ltr'>fructus,</span> 
     </span>
     <span class='ocr_line' id='line_1_17' title="bbox 416 1234 1954 1285; baseline 0.001 -15"><span class='ocrx_word' id='word_1_150' title='bbox 416 1235 582 1271; x_wconf 88' lang='lat' dir='ltr'>redditus</span> <span class='ocrx_word' id='word_1_151' title='bbox 609 1239 644 1270; x_wconf 87' lang='lat' dir='ltr'>et</span> <span class='ocrx_word' id='word_1_152' title='bbox 661 1239 882 1284; x_wconf 88' lang='lat' dir='ltr'>proventus,</span> <span class='ocrx_word' id='word_1_153' title='bbox 904 1235 1017 1280; x_wconf 62' lang='lat' dir='ltr'>bona,</span> <span class='ocrx_word' id='word_1_154' title='bbox 1039 1234 1143 1283; x_wconf 87' lang='lat' dir='ltr'>jura,</span> <span class='ocrx_word' id='word_1_155' title='bbox 1164 1234 1404 1285; x_wconf 81' lang='lat' dir='ltr'>pertinentias</span> <span class='ocrx_word' id='word_1_156' title='bbox 1432 1239 1467 1271; x_wconf 88' lang='lat' dir='ltr'>et</span> <span class='ocrx_word' id='word_1_157' title='bbox 1494 1234 1736 1271; x_wconf 87' lang='lat' dir='ltr'>obventiones</span> <span class='ocrx_word' id='word_1_158' title='bbox 1762 1234 1954 1272; x_wconf 86' lang='lat' dir='ltr'>universas</span> 
     </span>
     <span class='ocr_line' id='line_1_18' title="bbox 416 1293 1955 1345; baseline 0.001 -16"><span class='ocrx_word' id='word_1_159' title='bbox 416 1293 550 1329; x_wconf 88' lang='lat' dir='ltr'>habeat</span> <span class='ocrx_word' id='word_1_160' title='bbox 567 1293 696 1333; x_wconf 87' lang='lat' dir='ltr'>libere,</span> <span class='ocrx_word' id='word_1_161' title='bbox 716 1293 827 1343; x_wconf 90' lang='lat' dir='ltr'>pleno</span> <span class='ocrx_word' id='word_1_162' title='bbox 841 1293 926 1343; x_wconf 87' lang='lat' dir='ltr'>jure</span> <span class='ocrx_word' id='word_1_163' title='bbox 944 1293 1149 1343; x_wconf 89' lang='lat' dir='ltr'>possideat,</span> <span class='ocrx_word' id='word_1_164' title='bbox 1169 1294 1307 1331; x_wconf 88' lang='lat' dir='ltr'>eisdem</span> <span class='ocrx_word' id='word_1_165' title='bbox 1324 1294 1554 1343; x_wconf 85' lang='lat' dir='ltr'>integraliter</span> <span class='ocrx_word' id='word_1_166' title='bbox 1573 1299 1608 1330; x_wconf 90' lang='lat' dir='ltr'>et</span> <span class='ocrx_word' id='word_1_167' title='bbox 1626 1294 1780 1344; x_wconf 87' lang='lat' dir='ltr'>pacifice</span> <span class='ocrx_word' id='word_1_168' title='bbox 1796 1294 1955 1345; x_wconf 84' lang='lat' dir='ltr'>gaudeat</span> 
     </span>
     <span class='ocr_line' id='line_1_19' title="bbox 415 1353 1954 1403; baseline 0.001 -15"><span class='ocrx_word' id='word_1_169' title='bbox 415 1357 450 1389; x_wconf 90' lang='lat' dir='ltr'>et</span> <span class='ocrx_word' id='word_1_170' title='bbox 463 1353 624 1398; x_wconf 84' lang='lat' dir='ltr'>fruatur,</span> <span class='ocrx_word' id='word_1_171' title='bbox 645 1365 789 1388; x_wconf 91' lang='lat' dir='ltr'>necnon</span> <span class='ocrx_word' id='word_1_172' title='bbox 809 1353 1055 1402; x_wconf 86' lang='lat' dir='ltr'>obsequentes</span> <span class='ocrx_word' id='word_1_173' title='bbox 1075 1353 1211 1389; x_wconf 88' lang='lat' dir='ltr'>talibus</span> <span class='ocrx_word' id='word_1_174' title='bbox 1228 1358 1292 1389; x_wconf 88' lang='lat' dir='ltr'>aut</span> <span class='ocrx_word' id='word_1_175' title='bbox 1309 1353 1520 1389; x_wconf 91' lang='lat' dir='ltr'>subsidium</span> <span class='ocrx_word' id='word_1_176' title='bbox 1540 1353 1578 1389; x_wconf 91' lang='lat' dir='ltr'>in</span> <span class='ocrx_word' id='word_1_177' title='bbox 1597 1353 1724 1403; x_wconf 91' lang='lat' dir='ltr'>aliquo</span> <span class='ocrx_word' id='word_1_178' title='bbox 1749 1353 1806 1390; x_wconf 89' lang='lat' dir='ltr'>vel</span> <span class='ocrx_word' id='word_1_179' title='bbox 1826 1357 1954 1403; x_wconf 86' lang='lat' dir='ltr'>patro-</span> 
     </span>
     <span class='ocr_line' id='line_1_20' title="bbox 414 1411 1954 1462; baseline 0.001 -15"><span class='ocrx_word' id='word_1_180' title='bbox 414 1411 556 1447; x_wconf 91' lang='lat' dir='ltr'>cinium</span> <span class='ocrx_word' id='word_1_181' title='bbox 576 1411 831 1461; x_wconf 87' lang='lat' dir='ltr'>impendentes</span> <span class='ocrx_word' id='word_1_182' title='bbox 848 1411 1027 1448; x_wconf 87' lang='lat' dir='ltr'>moneatis</span> <span class='ocrx_word' id='word_1_183' title='bbox 1044 1411 1233 1457; x_wconf 90' lang='lat' dir='ltr'>similiter,</span> <span class='ocrx_word' id='word_1_184' title='bbox 1252 1416 1288 1448; x_wconf 93' lang='lat' dir='ltr'>et</span> <span class='ocrx_word' id='word_1_185' title='bbox 1305 1411 1513 1461; x_wconf 87' lang='lat' dir='ltr'>specialiter</span> <span class='ocrx_word' id='word_1_186' title='bbox 1527 1411 1611 1448; x_wconf 91' lang='lat' dir='ltr'>illos</span> <span class='ocrx_word' id='word_1_187' title='bbox 1628 1424 1722 1461; x_wconf 92' lang='lat' dir='ltr'>quos</span> <span class='ocrx_word' id='word_1_188' title='bbox 1739 1411 1833 1448; x_wconf 88' lang='lat' dir='ltr'>lator</span> <span class='ocrx_word' id='word_1_189' title='bbox 1845 1424 1954 1462; x_wconf 87' lang='lat' dir='ltr'>prae-</span> 
     </span>
     <span class='ocr_line' id='line_1_21' title="bbox 416 1469 1955 1519; baseline 0 -13"><span class='ocrx_word' id='word_1_190' title='bbox 416 1470 576 1506; x_wconf 90' lang='lat' dir='ltr'>sentium</span> <span class='ocrx_word' id='word_1_191' title='bbox 592 1470 697 1507; x_wconf 83' lang='lat' dir='ltr'>vobis</span> <span class='ocrx_word' id='word_1_192' title='bbox 718 1470 980 1515; x_wconf 82' lang='lat' dir='ltr'>nominaverit,</span> <span class='ocrx_word' id='word_1_193' title='bbox 1007 1475 1049 1506; x_wconf 90' lang='lat' dir='ltr'>ut</span> <span class='ocrx_word' id='word_1_194' title='bbox 1072 1470 1119 1506; x_wconf 90' lang='lat' dir='ltr'>ab</span> <span class='ocrx_word' id='word_1_195' title='bbox 1138 1470 1355 1519; x_wconf 86' lang='lat' dir='ltr'>hujusmodi</span> <span class='ocrx_word' id='word_1_196' title='bbox 1376 1471 1516 1516; x_wconf 85' lang='lat' dir='ltr'>favore,</span> <span class='ocrx_word' id='word_1_197' title='bbox 1536 1469 1713 1515; x_wconf 90' lang='lat' dir='ltr'>consilio,</span> <span class='ocrx_word' id='word_1_198' title='bbox 1732 1469 1955 1516; x_wconf 87' lang='lat' dir='ltr'>ministerio,</span> 
     </span>
     <span class='ocr_line' id='line_1_22' title="bbox 416 1527 1958 1578; baseline 0 -14"><span class='ocrx_word' id='word_1_199' title='bbox 416 1528 642 1578; x_wconf 85' lang='lat' dir='ltr'>patrocinio,</span> <span class='ocrx_word' id='word_1_200' title='bbox 664 1528 938 1574; x_wconf 77' lang='lat' dir='ltr'>molestatione,</span> <span class='ocrx_word' id='word_1_201' title='bbox 959 1527 1114 1577; x_wconf 89' lang='lat' dir='ltr'>injuria,</span> <span class='ocrx_word' id='word_1_202' title='bbox 1136 1528 1348 1565; x_wconf 89' lang='lat' dir='ltr'>turbatione</span> <span class='ocrx_word' id='word_1_203' title='bbox 1369 1529 1425 1565; x_wconf 87' lang='lat' dir='ltr'>vel</span> <span class='ocrx_word' id='word_1_204' title='bbox 1446 1528 1730 1578; x_wconf 88' lang='lat' dir='ltr'>impedimento,</span> <span class='ocrx_word' id='word_1_205' title='bbox 1752 1533 1826 1564; x_wconf 89' lang='lat' dir='ltr'>tam</span> <span class='ocrx_word' id='word_1_206' title='bbox 1846 1540 1958 1578; x_wconf 85' lang='lat' dir='ltr'>super</span> 
     </span>
     <span class='ocr_line' id='line_1_23' title="bbox 417 1585 1958 1636; baseline 0.001 -13"><span class='ocrx_word' id='word_1_207' title='bbox 417 1587 552 1623; x_wconf 88' lang='lat' dir='ltr'>habitis</span> <span class='ocrx_word' id='word_1_208' title='bbox 577 1600 689 1636; x_wconf 88' lang='lat' dir='ltr'>quam</span> <span class='ocrx_word' id='word_1_209' title='bbox 717 1599 828 1636; x_wconf 88' lang='lat' dir='ltr'>super</span> <span class='ocrx_word' id='word_1_210' title='bbox 852 1586 1051 1628; x_wconf 78' lang='lat' dir='ltr'>habendis,</span> <span class='ocrx_word' id='word_1_211' title='bbox 1076 1586 1171 1623; x_wconf 86' lang='lat' dir='ltr'>infra</span> <span class='ocrx_word' id='word_1_212' title='bbox 1202 1586 1433 1636; x_wconf 89' lang='lat' dir='ltr'>praedictum</span> <span class='ocrx_word' id='word_1_213' title='bbox 1460 1586 1662 1623; x_wconf 87' lang='lat' dir='ltr'>terminum</span> <span class='ocrx_word' id='word_1_214' title='bbox 1688 1585 1899 1623; x_wconf 88' lang='lat' dir='ltr'>abstineant</span> <span class='ocrx_word' id='word_1_215' title='bbox 1922 1589 1958 1624; x_wconf 79' lang='lat' dir='ltr'>et</span> 
     </span>
     <span class='ocr_line' id='line_1_24' title="bbox 416 1644 1964 1695; baseline 0 -13"><span class='ocrx_word' id='word_1_216' title='bbox 416 1645 604 1682; x_wconf 82' lang='lat' dir='ltr'>desistant.</span> <span class='ocrx_word' id='word_1_217' title='bbox 627 1645 783 1695; x_wconf 87' lang='lat' dir='ltr'>Insuper</span> <span class='ocrx_word' id='word_1_218' title='bbox 814 1645 994 1682; x_wconf 89' lang='lat' dir='ltr'>moneatis</span> <span class='ocrx_word' id='word_1_219' title='bbox 1019 1645 1131 1682; x_wconf 91' lang='lat' dir='ltr'>modo</span> <span class='ocrx_word' id='word_1_220' title='bbox 1164 1645 1276 1682; x_wconf 89' lang='lat' dir='ltr'>simili</span> <span class='ocrx_word' id='word_1_221' title='bbox 1308 1658 1436 1682; x_wconf 90' lang='lat' dir='ltr'>omnes</span> <span class='ocrx_word' id='word_1_222' title='bbox 1461 1645 1543 1682; x_wconf 87' lang='lat' dir='ltr'>illos</span> <span class='ocrx_word' id='word_1_223' title='bbox 1573 1653 1615 1682; x_wconf 85' lang='lat' dir='ltr'>ac</span> <span class='ocrx_word' id='word_1_224' title='bbox 1640 1644 1847 1695; x_wconf 86' lang='lat' dir='ltr'>quemlibet</span> <span class='ocrx_word' id='word_1_225' title='bbox 1871 1645 1964 1682; x_wconf 85' lang='lat' dir='ltr'>illo-&#39;-</span> 
     </span>
     <span class='ocr_line' id='line_1_25' title="bbox 417 1704 1956 1755; baseline 0.001 -14"><span class='ocrx_word' id='word_1_226' title='bbox 417 1718 499 1741; x_wconf 91' lang='lat' dir='ltr'>rum</span> <span class='ocrx_word' id='word_1_227' title='bbox 524 1704 626 1754; x_wconf 88' lang='lat' dir='ltr'>quod</span> <span class='ocrx_word' id='word_1_228' title='bbox 652 1704 842 1754; x_wconf 86' lang='lat' dir='ltr'>praedicto</span> <span class='ocrx_word' id='word_1_229' title='bbox 867 1704 1022 1741; x_wconf 89' lang='lat' dir='ltr'>domino</span> <span class='ocrx_word' id='word_1_230' title='bbox 1050 1705 1261 1755; x_wconf 89' lang='lat' dir='ltr'>praeposito</span> <span class='ocrx_word' id='word_1_231' title='bbox 1288 1705 1430 1742; x_wconf 87' lang='lat' dir='ltr'>ratione</span> <span class='ocrx_word' id='word_1_232' title='bbox 1455 1704 1734 1755; x_wconf 85' lang='lat' dir='ltr'>praepositurae</span> <span class='ocrx_word' id='word_1_233' title='bbox 1756 1704 1956 1754; x_wconf 78' lang='lat' dir='ltr'>Brugensis</span> 
     </span>
     <span class='ocr_line' id='line_1_26' title="bbox 416 1763 1955 1814; baseline 0 -14"><span class='ocrx_word' id='word_1_234' title='bbox 416 1768 451 1800; x_wconf 91' lang='lat' dir='ltr'>et</span> <span class='ocrx_word' id='word_1_235' title='bbox 469 1764 707 1800; x_wconf 86' lang='lat' dir='ltr'>cancellariae</span> <span class='ocrx_word' id='word_1_236' title='bbox 729 1764 985 1809; x_wconf 87' lang='lat' dir='ltr'>Flandrensis,</span> <span class='ocrx_word' id='word_1_237' title='bbox 1010 1763 1229 1814; x_wconf 84' lang='lat' dir='ltr'>juriumque</span> <span class='ocrx_word' id='word_1_238' title='bbox 1255 1769 1290 1800; x_wconf 91' lang='lat' dir='ltr'>et</span> <span class='ocrx_word' id='word_1_239' title='bbox 1312 1763 1621 1814; x_wconf 86' lang='lat' dir='ltr'>pertinentiarum</span> <span class='ocrx_word' id='word_1_240' title='bbox 1645 1763 1859 1813; x_wconf 78' lang='lat' dir='ltr'>utriusque,</span> <span class='ocrx_word' id='word_1_241' title='bbox 1884 1763 1955 1800; x_wconf 83' lang='lat' dir='ltr'>ali—</span> 
     </span>
     <span class='ocr_line' id='line_1_27' title="bbox 417 1823 1954 1873; baseline 0.001 -14"><span class='ocrx_word' id='word_1_242' title='bbox 417 1823 509 1873; x_wconf 90' lang='lat' dir='ltr'>quid</span> <span class='ocrx_word' id='word_1_243' title='bbox 536 1823 638 1867; x_wconf 88' lang='lat' dir='ltr'>dare,</span> <span class='ocrx_word' id='word_1_244' title='bbox 669 1823 828 1867; x_wconf 85' lang='lat' dir='ltr'>solvere,</span> <span class='ocrx_word' id='word_1_245' title='bbox 852 1824 1025 1869; x_wconf 88' lang='lat' dir='ltr'>reddere,</span> <span class='ocrx_word' id='word_1_246' title='bbox 1049 1823 1211 1869; x_wconf 81' lang='lat' dir='ltr'>tradere,</span> <span class='ocrx_word' id='word_1_247' title='bbox 1235 1824 1446 1870; x_wconf 77' lang='lat' dir='ltr'>restituere,</span> <span class='ocrx_word' id='word_1_248' title='bbox 1474 1823 1668 1860; x_wconf 81' lang='lat' dir='ltr'>ostendere</span> <span class='ocrx_word' id='word_1_249' title='bbox 1689 1823 1746 1859; x_wconf 91' lang='lat' dir='ltr'>vel</span> <span class='ocrx_word' id='word_1_250' title='bbox 1768 1823 1954 1873; x_wconf 80' lang='lat' dir='ltr'>resignare</span> 
     </span>
     <span class='ocr_line' id='line_1_28' title="bbox 415 1881 1954 1933; baseline 0 -15"><span class='ocrx_word' id='word_1_251' title='bbox 415 1882 568 1927; x_wconf 88' lang='lat' dir='ltr'>debent,</span> <span class='ocrx_word' id='word_1_252' title='bbox 595 1887 637 1918; x_wconf 88' lang='lat' dir='ltr'>ut</span> <span class='ocrx_word' id='word_1_253' title='bbox 664 1882 759 1919; x_wconf 85' lang='lat' dir='ltr'>infra</span> <span class='ocrx_word' id='word_1_254' title='bbox 778 1882 1010 1932; x_wconf 85' lang='lat' dir='ltr'>praedictum</span> <span class='ocrx_word' id='word_1_255' title='bbox 1037 1882 1236 1919; x_wconf 88' lang='lat' dir='ltr'>terminum</span> <span class='ocrx_word' id='word_1_256' title='bbox 1256 1882 1447 1933; x_wconf 89' lang='lat' dir='ltr'>praedicto</span> <span class='ocrx_word' id='word_1_257' title='bbox 1465 1881 1677 1932; x_wconf 82' lang='lat' dir='ltr'>praeposito</span> <span class='ocrx_word' id='word_1_258' title='bbox 1694 1881 1751 1918; x_wconf 88' lang='lat' dir='ltr'>vel</span> <span class='ocrx_word' id='word_1_259' title='bbox 1771 1894 1954 1931; x_wconf 86' lang='lat' dir='ltr'>procura-</span> 
     </span>
     <span class='ocr_line' id='line_1_29' title="bbox 415 1939 1954 1992; baseline -0.001 -14"><span class='ocrx_word' id='word_1_260' title='bbox 415 1941 484 1978; x_wconf 88' lang='lat' dir='ltr'>tori</span> <span class='ocrx_word' id='word_1_261' title='bbox 518 1954 585 1978; x_wconf 91' lang='lat' dir='ltr'>suo</span> <span class='ocrx_word' id='word_1_262' title='bbox 611 1941 837 1978; x_wconf 87' lang='lat' dir='ltr'>satisfaciant</span> <span class='ocrx_word' id='word_1_263' title='bbox 864 1946 1131 1992; x_wconf 86' lang='lat' dir='ltr'>competenter,</span> <span class='ocrx_word' id='word_1_264' title='bbox 1158 1942 1327 1992; x_wconf 88' lang='lat' dir='ltr'>alioquin</span> <span class='ocrx_word' id='word_1_265' title='bbox 1354 1955 1483 1979; x_wconf 87' lang='lat' dir='ltr'>omnes</span> <span class='ocrx_word' id='word_1_266' title='bbox 1506 1946 1542 1978; x_wconf 90' lang='lat' dir='ltr'>et</span> <span class='ocrx_word' id='word_1_267' title='bbox 1571 1940 1738 1991; x_wconf 84' lang='lat' dir='ltr'>singulos</span> <span class='ocrx_word' id='word_1_268' title='bbox 1763 1939 1954 1990; x_wconf 73' lang='lat' dir='ltr'>praedicto</span> 
     </span>
     <span class='ocr_line' id='line_1_30' title="bbox 415 1999 1952 2051; baseline 0 -15"><span class='ocrx_word' id='word_1_269' title='bbox 415 1999 527 2036; x_wconf 91' lang='lat' dir='ltr'>modo</span> <span class='ocrx_word' id='word_1_270' title='bbox 546 1999 707 2036; x_wconf 88' lang='lat' dir='ltr'>monitos</span> <span class='ocrx_word' id='word_1_271' title='bbox 724 2005 760 2036; x_wconf 89' lang='lat' dir='ltr'>et</span> <span class='ocrx_word' id='word_1_272' title='bbox 777 2005 904 2037; x_wconf 90' lang='lat' dir='ltr'>nostro</span> <span class='ocrx_word' id='word_1_273' title='bbox 919 2000 1094 2037; x_wconf 87' lang='lat' dir='ltr'>mandato</span> <span class='ocrx_word' id='word_1_274' title='bbox 1108 2001 1165 2037; x_wconf 85' lang='lat' dir='ltr'>vel</span> <span class='ocrx_word' id='word_1_275' title='bbox 1186 2001 1310 2050; x_wconf 91' lang='lat' dir='ltr'>potius</span> <span class='ocrx_word' id='word_1_276' title='bbox 1324 1999 1528 2051; x_wconf 89' lang='lat' dir='ltr'>apostolico</span> <span class='ocrx_word' id='word_1_277' title='bbox 1547 2012 1622 2036; x_wconf 88' lang='lat' dir='ltr'>non</span> <span class='ocrx_word' id='word_1_278' title='bbox 1645 2003 1835 2049; x_wconf 85' lang='lat' dir='ltr'>parentes,</span> <span class='ocrx_word' id='word_1_279' title='bbox 1857 2011 1952 2049; x_wconf 89' lang='lat' dir='ltr'>quos</span> 
     </span>
     <span class='ocr_line' id='line_1_31' title="bbox 415 2055 1964 2109; baseline -0.002 -14"><span class='ocrx_word' id='word_1_280' title='bbox 415 2063 550 2095; x_wconf 86' lang='lat' dir='ltr'>extunc</span> <span class='ocrx_word' id='word_1_281' title='bbox 570 2059 607 2095; x_wconf 94' lang='lat' dir='ltr'>in</span> <span class='ocrx_word' id='word_1_282' title='bbox 630 2058 702 2095; x_wconf 88' lang='lat' dir='ltr'>hiis</span> <span class='ocrx_word' id='word_1_283' title='bbox 729 2058 876 2109; x_wconf 85' lang='lat' dir='ltr'>script-is</span> <span class='ocrx_word' id='word_1_284' title='bbox 901 2059 1291 2103; x_wconf 83' lang='lat' dir='ltr'>excommunicamus,</span> <span class='ocrx_word' id='word_1_285' title='bbox 1317 2057 1659 2095; x_wconf 86' lang='lat' dir='ltr'>excommunicatos</span> <span class='ocrx_word' id='word_1_286' title='bbox 1678 2055 1828 2106; x_wconf 84' lang='lat' dir='ltr'>publice</span> <span class='ocrx_word' id='word_1_287' title='bbox 1854 2068 1964 2098; x_wconf 57' lang='lat' dir='ltr'>nuu-⁴</span> 
     </span>
     <span class='ocr_line' id='line_1_32' title="bbox 415 2114 1953 2167; baseline -0.001 -14"><span class='ocrx_word' id='word_1_288' title='bbox 415 2117 529 2162; x_wconf 90' lang='lat' dir='ltr'>tietis,</span> <span class='ocrx_word' id='word_1_289' title='bbox 564 2117 736 2153; x_wconf 83' lang='lat' dir='ltr'>facientes</span> <span class='ocrx_word' id='word_1_290' title='bbox 765 2130 827 2154; x_wconf 91' lang='lat' dir='ltr'>eos</span> <span class='ocrx_word' id='word_1_291' title='bbox 850 2130 870 2153; x_wconf 88' lang='lat' dir='ltr'>a</span> <span class='ocrx_word' id='word_1_292' title='bbox 898 2117 1027 2154; x_wconf 90' lang='lat' dir='ltr'>vestris</span> <span class='ocrx_word' id='word_1_293' title='bbox 1056 2117 1217 2154; x_wconf 88' lang='lat' dir='ltr'>subditis</span> <span class='ocrx_word' id='word_1_294' title='bbox 1248 2121 1284 2154; x_wconf 89' lang='lat' dir='ltr'>et</span> <span class='ocrx_word' id='word_1_295' title='bbox 1308 2115 1565 2167; x_wconf 86' lang='lat' dir='ltr'>parrochianis</span> <span class='ocrx_word' id='word_1_296' title='bbox 1593 2120 1667 2152; x_wconf 88' lang='lat' dir='ltr'>tam</span> <span class='ocrx_word' id='word_1_297' title='bbox 1694 2115 1734 2152; x_wconf 91' lang='lat' dir='ltr'>in</span> <span class='ocrx_word' id='word_1_298' title='bbox 1764 2114 1953 2165; x_wconf 89' lang='lat' dir='ltr'>colloquio</span> 
     </span>
     <span class='ocr_line' id='line_1_33' title="bbox 415 2173 1952 2226; baseline -0.001 -15"><span class='ocrx_word' id='word_1_299' title='bbox 415 2188 526 2225; x_wconf 87' lang='lat' dir='ltr'>quam</span> <span class='ocrx_word' id='word_1_300' title='bbox 548 2175 585 2211; x_wconf 90' lang='lat' dir='ltr'>in</span> <span class='ocrx_word' id='word_1_301' title='bbox 610 2175 832 2212; x_wconf 85' lang='lat' dir='ltr'>commercio</span> <span class='ocrx_word' id='word_1_302' title='bbox 858 2176 1028 2226; x_wconf 89' lang='lat' dir='ltr'>quolibet</span> <span class='ocrx_word' id='word_1_303' title='bbox 1051 2177 1166 2213; x_wconf 89' lang='lat' dir='ltr'>artius</span> <span class='ocrx_word' id='word_1_304' title='bbox 1188 2175 1334 2222; x_wconf 84' lang='lat' dir='ltr'>evitari,</span> <span class='ocrx_word' id='word_1_305' title='bbox 1362 2175 1470 2212; x_wconf 87' lang='lat' dir='ltr'>nobis</span> <span class='ocrx_word' id='word_1_306' title='bbox 1496 2173 1740 2212; x_wconf 89' lang='lat' dir='ltr'>monitionem</span> <span class='ocrx_word' id='word_1_307' title='bbox 1757 2177 1794 2210; x_wconf 85' lang='lat' dir='ltr'>et</span> <span class='ocrx_word' id='word_1_308' title='bbox 1815 2186 1952 2210; x_wconf 87' lang='lat' dir='ltr'>execu-</span> 
     </span>
     <span class='ocr_line' id='line_1_34' title="bbox 415 2233 1952 2284; baseline -0.001 -15"><span class='ocrx_word' id='word_1_309' title='bbox 415 2234 552 2270; x_wconf 85' lang='lat' dir='ltr'>tionem</span> <span class='ocrx_word' id='word_1_310' title='bbox 572 2233 602 2270; x_wconf 93' lang='lat' dir='ltr'>si</span> <span class='ocrx_word' id='word_1_311' title='bbox 620 2247 715 2284; x_wconf 91' lang='lat' dir='ltr'>quae</span> <span class='ocrx_word' id='word_1_312' title='bbox 735 2234 891 2281; x_wconf 85' lang='lat' dir='ltr'>fuerint,</span> <span class='ocrx_word' id='word_1_313' title='bbox 910 2248 952 2272; x_wconf 91' lang='lat' dir='ltr'>ac</span> <span class='ocrx_word' id='word_1_314' title='bbox 977 2234 1075 2272; x_wconf 89' lang='lat' dir='ltr'>diem</span> <span class='ocrx_word' id='word_1_315' title='bbox 1100 2234 1318 2272; x_wconf 88' lang='lat' dir='ltr'>monitionis</span> <span class='ocrx_word' id='word_1_316' title='bbox 1341 2234 1412 2272; x_wconf 93' lang='lat' dir='ltr'>sub</span> <span class='ocrx_word' id='word_1_317' title='bbox 1437 2233 1566 2271; x_wconf 88' lang='lat' dir='ltr'>vestris</span> <span class='ocrx_word' id='word_1_318' title='bbox 1583 2233 1715 2284; x_wconf 84' lang='lat' dir='ltr'>sigillis</span> <span class='ocrx_word' id='word_1_319' title='bbox 1732 2235 1900 2283; x_wconf 81' lang='lat' dir='ltr'>patenter</span> <span class='ocrx_word' id='word_1_320' title='bbox 1916 2236 1952 2269; x_wconf 92' lang='lat' dir='ltr'>et</span> 
     </span>
     <span class='ocr_line' id='line_1_35' title="bbox 414 2289 1950 2344; baseline -0.001 -17"><span class='ocrx_word' id='word_1_321' title='bbox 414 2291 573 2328; x_wconf 87' lang='lat' dir='ltr'>fideliter</span> <span class='ocrx_word' id='word_1_322' title='bbox 597 2292 850 2329; x_wconf 90' lang='lat' dir='ltr'>rescribentes.</span> <span class='ocrx_word' id='word_1_323' title='bbox 875 2293 928 2330; x_wconf 88' lang='lat' dir='ltr'>Ne</span> <span class='ocrx_word' id='word_1_324' title='bbox 949 2306 1036 2330; x_wconf 90' lang='lat' dir='ltr'>vero</span> <span class='ocrx_word' id='word_1_325' title='bbox 1059 2293 1262 2344; x_wconf 87' lang='lat' dir='ltr'>praesentis</span> <span class='ocrx_word' id='word_1_326' title='bbox 1285 2293 1455 2330; x_wconf 77' lang='lat' dir='ltr'>executio</span> <span class='ocrx_word' id='word_1_327' title='bbox 1477 2291 1642 2329; x_wconf 87' lang='lat' dir='ltr'>mandati</span> <span class='ocrx_word' id='word_1_328' title='bbox 1667 2304 1734 2342; x_wconf 89' lang='lat' dir='ltr'>per</span> <span class='ocrx_word' id='word_1_329' title='bbox 1757 2289 1950 2341; x_wconf 82' lang='lat' dir='ltr'>negligen-</span> 
     </span>
     <span class='ocr_line' id='line_1_36' title="bbox 415 2349 1948 2402; baseline -0.001 -15"><span class='ocrx_word' id='word_1_330' title='bbox 415 2351 523 2397; x_wconf 84' lang='lat' dir='ltr'>tiam,</span> <span class='ocrx_word' id='word_1_331' title='bbox 543 2351 710 2388; x_wconf 87' lang='lat' dir='ltr'>fraudem</span> <span class='ocrx_word' id='word_1_332' title='bbox 729 2352 786 2388; x_wconf 79' lang='lat' dir='ltr'>vel</span> <span class='ocrx_word' id='word_1_333' title='bbox 805 2352 983 2389; x_wconf 86' lang='lat' dir='ltr'>malitiam</span> <span class='ocrx_word' id='word_1_334' title='bbox 1003 2353 1160 2402; x_wconf 87' lang='lat' dir='ltr'>alicujus</span> <span class='ocrx_word' id='word_1_335' title='bbox 1179 2353 1400 2398; x_wconf 86' lang='lat' dir='ltr'>retardetur,</span> <span class='ocrx_word' id='word_1_336' title='bbox 1420 2352 1459 2389; x_wconf 90' lang='lat' dir='ltr'>in</span> <span class='ocrx_word' id='word_1_337' title='bbox 1481 2364 1610 2389; x_wconf 91' lang='lat' dir='ltr'>omues</span> <span class='ocrx_word' id='word_1_338' title='bbox 1628 2355 1664 2387; x_wconf 90' lang='lat' dir='ltr'>et</span> <span class='ocrx_word' id='word_1_339' title='bbox 1681 2349 1847 2400; x_wconf 84' lang='lat' dir='ltr'>singulos</span> <span class='ocrx_word' id='word_1_340' title='bbox 1865 2362 1948 2386; x_wconf 91' lang='lat' dir='ltr'>ves-</span> 
     </span>
    </p>
   </div>
   <div class='ocr_carea' id='block_1_3' title="bbox 2146 0 2184 2332">
    <p class='ocr_par' dir='ltr' id='par_1_3' title="bbox 2146 0 2184 2332">
     <span class='ocr_line' id='line_1_37' title="bbox 2146 0 2184 2332; baseline 0 0"><span class='ocrx_word' id='word_1_341' title='bbox 2146 0 2184 2332; x_wconf 95' lang='lat' dir='ltr'> </span> 
     </span>
    </p>
   </div>
  </div>
 </body>
</html>
