2184 3074
444 267 518 304 540
993 265 1155 302 CODEX
1180 264 1426 302 DUNENSIS.

442 382 547 419 redes
566 381 774 432 praedictos
793 393 812 416 a
842 379 950 416 nobis
970 379 1008 415 in
1028 379 1145 415 forma
1165 379 1355 415 communi
1374 378 1608 429 impetratam
1626 393 1747 432 usque
1764 382 1811 418 ad
1829 383 1928 420 diem
1946 387 1982 419 et

442 439 560 476 dictae
578 439 651 476 diei
671 438 988 475 continuationem
1009 435 1283 486 suspendimus.
1299 435 1461 473 Citantes
1480 436 1634 488 insuper
1646 444 1860 477 executores
1873 453 1981 491 prae—

441 499 559 535 dictos
590 502 718 534 contra
741 497 860 533 dictos
886 495 1039 532 heredes
1067 495 1318 546 peremptorie
1343 500 1379 532 et
1403 496 1648 546 personaliter
1673 497 1828 535 Tornaci
1856 512 1980 536 coram

442 555 550 592 nobis
580 555 626 591 ad
651 555 778 591 seriam
806 554 976 604 quintam
1001 558 1086 590 ante
1107 554 1213 591 Petri
1236 554 1286 590 ad
1302 554 1474 599 vincula,
1500 554 1570 592 nisi
1596 555 1675 592 dies
1702 555 1813 593 suerit
1835 557 1981 603 seriata,

443 614 610 664 alioquin
631 614 676 650 ad
691 613 790 650 diem
808 613 1016 663 proximam
1033 625 1107 649 non
1123 613 1290 650 feriatam
1304 626 1379 649 una
1393 625 1478 649 cum
1494 613 1740 664 originalibus
1755 615 1980 653 testamentis

443 672 641 722 praedictis
660 671 768 708 nobis
787 685 832 707 ex
847 671 970 708 officio
988 675 1024 708 et
1044 670 1243 721 praedictis
1265 670 1466 708 heredibus
1484 685 1727 723 responsuros
1747 678 1782 710 et
1799 674 1979 711 rationem

444 736 657 768 ostensuros
679 744 720 767 ac
738 735 956 781 computum
977 731 1137 767 facturos
1159 744 1272 781 super
1289 730 1572 769 executionibus
1592 736 1896 770 testamentorum
1915 746 1978 770 seu

441 790 658 826 ultimarum
682 790 915 826 voluntatum
940 789 1235 839 praedictorum,
1258 793 1294 826 et
1314 788 1392 839 juri
1401 818 1410 835 ,
1434 794 1617 839 quantum
1645 791 1860 838 debuerint,
1879 793 1981 842 pari-

442 853 559 894 turos7
577 848 670 898 quid
690 847 777 884 inde
795 847 953 885 feceritis
971 852 1007 884 et
1025 847 1258 894 inveneritis,
1277 847 1386 885 nobis
1400 847 1560 886 fideliter
1573 849 1827 887 rescribentes.
1843 850 1980 887 Datum

442 919 539 943 anno
566 906 734 952 Domini,
766 910 833 943 etc.

1144 989 1268 1003 ⁴0——

1133 1124 1287 1162 CCXIV.

538 1241 771 1278 Mandement
789 1242 921 1292 relatis
935 1243 957 1279 ιὶ
977 1242 1021 1279 la¹
1033 1242 1131 1279 deme
1153 1241 1318 1279 biennale
1335 1242 1503 1280 accordee
1522 1255 1572 1279 aa
1593 1243 1651 1279 roi
1668 1242 1712 1279 de
1729 1243 1878 1280 Frauce

1080 1313 1157 1350 par
1178 1301 1209 1338 le
1226 1314 1334 1350 pape.

489 1494 772 1532 venerabilibus
791 1500 826 1532 et
845 1495 883 1532 in
903 1495 1049 1532 Christo
1074 1496 1278 1533 karissimis
1302 1496 1547 1534 coabbatibus
1568 1496 1644 1534 suis
1663 1497 1819 1534 salutem
1838 1501 1874 1533 et
1892 1501 1976 1547 post

439 1553 595 1590 labentis
613 1554 710 1591 vitae
737 1554 996 1591 tribulationes
1020 1559 1055 1592 et
1076 1556 1334 1606 oppressiones
1353 1555 1473 1592 varias
1492 1555 1677 1592 felicitatis
1696 1560 1865 1592 aeternae
1884 1556 1976 1593 sola-

438 1612 531 1648 tium
562 1613 789 1662 praestolari.

488 1670 769 1707 Universitatem
790 1675 948 1708 vestram
968 1672 1155 1709 credimus
1175 1685 1250 1709 non
1275 1672 1387 1708 latere
1409 1671 1602 1722 quomodo
1623 1671 1808 1709 biennalis
1834 1664 1976 1709 decima

437 1727 591 1764 domino
609 1729 684 1778 regi
704 1729 932 1766 Francorum
953 1744 1019 1780 per
1036 1743 1224 1766 summum
1244 1730 1459 1780 pontificem
1485 1729 1532 1766 sit
1554 1742 1742 1776 concessa,
1763 1735 1799 1767 et
1818 1731 1978 1781 qualiter

375 1834 378 1836 .
437 1786 516 1836 ipse
538 1786 713 1823 dominus
740 1800 804 1823 rex
824 1801 889 1837 per
907 1789 1121 1825 collectores
1143 1801 1229 1825 suos
1251 1792 1287 1824 et
1312 1788 1469 1825 ballivos
1493 1787 1539 1824 ad
1565 1787 1790 1824 solutionem
1814 1788 1974 1825 subitam

437 1850 473 1881 et
495 1844 682 1881 insolitam
704 1845 822 1882 voluit
841 1846 1063 1896 compellere
1086 1859 1152 1883 nos
1172 1850 1207 1883 et
1226 1850 1387 1892 nostros,
1407 1850 1443 1882 et
1459 1845 1626 1882 abbatias
1653 1845 1816 1896 singulas
1839 1851 1875 1883 et
1897 1847 1976 1883 loca

439 1903 553 1940 nostri
573 1903 717 1940 ordinis
739 1904 976 1954 singulariter
998 1905 1202 1951 decimare,
1222 1905 1260 1942 in
1279 1905 1398 1955 ipsius
1416 1904 1559 1941 ordinis
1579 1905 1694 1941 nostri
1718 1905 1975 1942 confusionem

439 1965 473 1997 et
489 1961 718 2011 inopinabile
730 1962 773 1998 'ac
786 1962 1027 2012 irreparabile
1041 1963 1325 2010 detrimentum,
1341 1968 1493 2014 propter
1510 1963 1612 2014 quod
1630 1963 1854 2000 reverendus
1873 1968 1978 2014 pater

440 2019 614 2057 dominus
635 2020 886 2058 Cisterciensis
906 2022 1163 2072 praesentibus
1180 2026 1216 2059 et
1234 2022 1369 2059 futuris
1386 2021 1562 2072 periculis
1587 2021 1739 2058 obviare
1762 2022 1915 2072 cupiens
1941 2027 1977 2060 et

441 2078 619 2115 honorem
639 2079 782 2116 ordinis
805 2079 1139 2118 incontaminatum
1154 2094 1222 2131 pro
1239 2081 1383 2118 viribus
1401 2080 1612 2127 observare,
1631 2080 1770 2130 regiam
1788 2081 1880 2118 adiit
1896 2094 1976 2118 ma-

434 2135 622 2186 jestatem,
651 2141 686 2173 et
713 2137 861 2174 tandem
887 2138 1010 2176 votiva
1037 2139 1183 2176 favente
1206 2139 1339 2189 gratia,
1374 2151 1449 2175 non
1480 2138 1560 2175 sine
1590 2138 1712 2175 cordis
1741 2139 1911 2189 angustia
1941 2144 1977 2176 et

440 2194 639 2231 afflictione
658 2195 828 2245 spiritus7
847 2210 932 2233 cum
952 2197 1106 2234 domino
1131 2211 1216 2248 rege
1232 2197 1422 2247 praedicto
1440 2210 1482 2233 ac
1500 2197 1576 2234 suis
1594 2197 1640 2233 de
1658 2197 1856 2247 praedictis
1881 2197 1977 2234 dua-

439 2252 510 2288 bus
536 2252 689 2290 decimis
714 2255 938 2304 composuit,
959 2261 1072 2306 prout
1098 2256 1188 2293 alias
1211 2256 1349 2292 factum
1378 2255 1514 2300 extitit2
1532 2256 1629 2292 sicut
1647 2255 1685 2292 in
1709 2255 1839 2292 litteris
1864 2255 1974 2306 regiis

438 2309 526 2346 inde
544 2311 735 2356 consectis,
754 2326 915 2362 quarum
939 2318 1102 2351 tenorem
1123 2314 1229 2351 vobis
1248 2314 1447 2361 mittimus,
1468 2313 1616 2364 plenius
1635 2314 1857 2350 continetur.

487 2368 669 2416 Quocirca
705 2371 983 2408 universitatem
1015 2377 1172 2410 vestram
1204 2386 1399 2409 monemus
1427 2376 1463 2409 et
1492 2372 1686 2409 hortamur
1721 2372 1759 2408 in
1794 2373 1972 2420 Domino,
