2184 3074
457 311 529 349 ⁹228
1008 305 1168 343 CODEX
1195 304 1441 343 DUNENSIS.

459 427 605 463 fuerant
631 425 726 461 inter
752 436 819 460 nos
849 423 906 459 vel
934 425 1104 471 poterant
1134 419 1290 466 exoriri,
1316 423 1381 456 aut
1405 418 1452 455 de
1477 418 1617 469 quibus
1637 421 1823 470 querelae,
1842 433 1994 458 accusa-

459 486 576 523 tiones
593 499 657 522 seu
676 482 974 520 denuntiationes
988 494 1054 531 per
1069 493 1136 517 nos
1150 479 1207 516 vel
1224 491 1291 529 per
1304 478 1395 515 alios
1410 479 1528 515 factae
1543 478 1834 529 quibuscunque
1848 479 1994 516 fuerant

457 544 514 581 vel
531 543 671 580 delatae
694 555 758 579 seu
779 540 856 577 fieri
883 540 940 576 vel
964 538 1100 575 deferri
1123 541 1296 588 poterant
1313 549 1468 588 quoquo
1490 536 1620 583 modo,
1638 536 1776 574 eisdem
1801 535 1996 573 hincinde

458 601 712 639 renuntiantes
737 605 772 636 et
796 612 838 635 ea
866 601 1079 634 revocantes
1098 596 1273 642 omnino,
1292 594 1450 632 firmiter
1469 594 1722 645 promittendo
1749 594 1795 632 ad
1815 593 1978 631 invicem
1985 629 1996 648 a

457 661 597 698 scilicet
612 672 710 696 unus
729 657 849 702 alteri,
870 655 973 706 quod
991 668 1103 705 super
1121 654 1229 691 dictis
1248 653 1429 704 querelis,
1448 653 1747 690 accusationibus
1765 665 1829 690 seu
1847 652 1995 689 denun-

458 717 673 755 tiationibus
700 715 990 766 quibuscunque
1016 712 1141 759 sactis,
1164 709 1364 762 propositis
1391 711 1449 748 vel
1480 710 1611 748 delatis
1633 725 1701 762 per
1722 725 1790 749 nos
1814 711 1872 748 vel
1891 710 1993 752 ‚alios

456 775 611 812 ulterius
632 774 842 811 nullatenus
869 771 1133 822 procedemus,
1159 783 1227 807 nec
1252 769 1389 820 aliquis
1410 774 1580 807 nostrum
1601 770 1804 821 quicquam
1829 769 1877 807 de
1894 781 1993 806 novo
2048 770 2060 773 “

457 834 624 871 instituet
640 846 705 869 seu
723 831 866 869 institui
886 830 1104 876 consentiet,
1121 830 1177 866 vel
1196 842 1364 880 unquam
1378 842 1528 879 operam
1547 829 1652 866 dabit
1669 829 1772 879 quod
1789 829 1838 867 ab
1854 828 1993 879 aliqui-

456 894 526 930 bus
544 906 610 943 per
632 891 913 942 inquisitionem
933 890 990 926 vel
1010 889 1083 926 alio
1109 889 1221 926 modo
1249 900 1478 940 quocunque
1494 888 1784 939 praemissorum
1801 887 1995 925 occasione

457 953 631 989 adversus
649 952 805 988 alterum
820 949 1061 1000 procedatur,
1078 948 1142 985 sed
1155 947 1382 999 praedictam
1399 960 1526 998 pacem
1537 976 1547 994 ,
1561 947 1674 984 finem
1689 951 1725 984 et
1736 945 1992 984 remissionem

456 1024 498 1047 ae
517 1010 754 1047 concordiam
773 1014 809 1045 et
825 1008 950 1045 omnia
975 1012 1012 1044 et
1029 1006 1174 1058 singula
1194 1007 1299 1043 firma
1318 1010 1355 1043 et
1375 1011 1453 1043 rata
1471 1005 1713 1052 habebimus.⁷
1731 1004 1941 1042 tenebimus
1958 1008 1994 1041 et

456 1068 749 1113 observabimus,
759 1081 827 1104 nec
845 1066 1109 1103 conveniemus
1119 1079 1185 1116 per
1198 1078 1265 1102 nos
1279 1065 1337 1101 vel
1355 1064 1447 1101 alios
1461 1064 1747 1115 quomodolibet
1762 1063 1800 1100 in
1810 1063 1992 1108 futurum,

456 1132 491 1163 et
517 1127 614 1163 idem
638 1126 684 1162 de
709 1124 998 1161 adhaerentibus
1025 1123 1113 1160 hinc
1138 1123 1195 1159 vel
1223 1122 1311 1159 inde
1337 1126 1562 1159 conventum
1592 1121 1714 1158 extitit
1737 1126 1773 1158 et
1795 1121 1866 1158 erit
1890 1120 1992 1171 pacis

457 1185 594 1221 intuitu
613 1198 679 1234 per
697 1182 822 1220 omnia
844 1181 1133 1219 observandum.
1165 1180 1207 1217 ln
1231 1181 1339 1230 eujus
1363 1180 1414 1217 rei
1437 1180 1689 1217 testimonium
1713 1184 1750 1216 et
1769 1178 1992 1216 evidentiam

457 1243 677 1293 pleniorem,
692 1248 760 1279 etc.

1169 1319 1281 1328 ——00—

1155 1451 1311 1488 CXLlll.

868 1569 1115 1619 ,lusle'siealion
1144 1568 1187 1604 de
1217 1567 1328 1604 l'abbe'
1352 1567 1395 1604 de
1425 1566 1583 1604 Thosan.

506 1761 730 1798 Reverendis
757 1762 944 1812 patribus,
964 1766 1044 1808 etc,
1063 1762 1224 1799 humiles
1243 1761 1282 1798 in
1301 1761 1447 1798 Christo
1465 1761 1611 1806 fratres,
1629 1763 1710 1807 etc.,
1726 1760 1880 1796 salutem
1906 1771 1991 1796 cum

455 1819 556 1855 omni
576 1820 778 1857 reverentia
797 1824 832 1856 et
850 1820 1002 1857 honore.

507 1876 689 1927 Sapientis
712 1891 790 1915 esse
814 1878 1023 1915 dinoscitur
1049 1891 1125 1915 non
1147 1877 1271 1914 verbis
1289 1876 1546 1928 quorumlihet
1567 1875 1762 1921 assentire,
1787 1887 1874 1911 nam
1902 1887 1992 1924 pro-

451 1939 610 1981 testatur
635 1936 868 1983 auctoritate,
887 1950 968 1974 rara
986 1937 1077 1974 fides
1099 1937 1175 1973 imo
1201 1941 1255 1974 est
1272 1936 1361 1986 quia
1384 1935 1492 1972 multi
1511 1935 1628 1972 multa
1657 1934 1874 1984 loquuntur.
1897 1934 1991 1970 Cum

458 1993 586 2043 ligitur
610 1994 781 2044 quidam,
807 1995 904 2032 sicut
923 1996 1147 2046 accepimus,
1171 1995 1208 2032 in
1236 1996 1336 2032 bono
1361 1995 1500 2032 malum
1527 1999 1564 2031 et
1583 1993 1712 2031 odium
1736 1994 1774 2030 in
1794 1993 1993 2031 dilectione

459 2057 641 2099 notantes,
660 2066 702 2090 ac
719 2053 864 2104 linguas
884 2055 978 2091 ultra
996 2068 1109 2105 quam
1129 2055 1284 2092 rationis
1296 2054 1460 2092 tramites
1473 2053 1662 2104 patiantur
1674 2053 1873 2099 solventes,
1885 2065 1993 2089 vene-

458 2110 564 2146 rabili
584 2112 679 2161 patri
698 2111 853 2150 domino
871 2113 996 2150 abbati
1017 2118 1144 2151 nostro
1163 2118 1346 2151 conentur
1362 2113 1568 2163 impingere
1591 2111 1694 2162 quod
1711 2111 1757 2159 de
1775 2110 1988 2161 aliquorum

459 2182 614 2206 numero
633 2183 720 2207 suae
736 2172 980 2221 promotionis
999 2177 1165 2223 tempore
1182 2173 1240 2210 vel
1259 2177 1365 2209 antea
1387 2171 1627 2217 consistebat,
1653 2170 1719 2220 qui
1742 2183 1810 2207 suo
1834 2169 1991 2219 praede-

458 2229 590 2264 cessori
619 2229 772 2267 domino
790 2231 982 2269 Willelmo
1001 2232 1047 2269 de
1064 2233 1174 2279 Dam,
1199 2231 1390 2282 quondam
1408 2230 1534 2267 abbati
1554 2235 1700 2276 nostro,
1719 2241 1757 2266 se
1773 2227 1992 2279 opposuisse

458 2286 662 2323 debuerant
679 2287 890 2336 indiscrete,
909 2290 956 2326 ad
978 2289 1229 2327 universitatis
1249 2294 1391 2327 vestrae
1409 2288 1578 2326 notitiam
1602 2287 1774 2338 cupimus
1797 2284 1990 2336 pervenire

459 2345 559 2395 quod
587 2345 682 2381 idem
710 2347 884 2385 dominus
911 2349 1026 2386 abbas
1054 2353 1190 2395 noster,
1218 2362 1329 2399 quem
1357 2362 1378 2385 a
1404 2361 1491 2385 suae
1511 2345 1764 2384 conversionis
1781 2343 1989 2395 primordio

462 2403 575 2440 multa
603 2405 773 2442 novimus
797 2406 950 2443 honeste
975 2408 1163 2454 fulcitum,
1182 2407 1252 2444 sul)
1271 2406 1359 2443 dicti
1387 2404 1677 2456 praedecessoris
1701 2402 1757 2440 sui
1778 2400 1988 2442 obedientia
