2184 3074
732 271 895 310 conssx
920 270 1166 310 DUNENSIS.
1642 272 1715 310 569

857 438 1040 478 ccxbvl.

183 554 303 592 Lettre
323 553 368 592 de
393 553 434 591 la
457 559 624 592 comlease
646 554 691 591 de
711 553 878 591 Flandre
899 554 920 591 ἀ
947 566 999 591 un
1025 553 1199 591 cardinal
1217 566 1262 591 en
1273 553 1408 603 faveur
1432 553 1476 590 de
1497 551 1710 590 Guillaume

706 610 884 649 chanoine
898 611 942 649 de
959 612 1177 650 Terouamte
1191 615 1211 648 ⁸.

230 805 285 842 De
303 804 467 842 bonitate
482 810 600 843 vestra
615 806 722 843 talem
738 807 901 856 gerimus
914 806 1089 843 fiduciam
1105 807 1207 857 quod
1225 819 1310 843 cum
1326 819 1393 857 pro
1413 805 1557 843 dilectis
1576 804 1710 842 nostris

182 863 289 902 vobis
307 876 433 915 preces
451 868 593 902 nostras
610 864 818 916 dirigimus,
836 878 896 902 eas
918 865 1170 903 favorabiliter
1182 865 1400 910 admittatis,
1413 865 1626 916 praesertim
1643 876 1710 915 pro

183 921 255 959 illis
284 934 379 972 quos
412 935 500 960 suae
530 922 725 973 probitatis
752 923 880 960 merita
911 924 1223 961 recommendant.
1247 924 1340 961 Cum
1360 924 1474 975 igitur
1485 923 1709 967 willelmus,

183 980 383 1019 eanonicus
407 981 642 1028 Morinensis,
661 986 785 1019 noster
806 982 962 1020 dilectus
993 983 1308 1033 consanguineus,
1327 983 1403 1020 suis
1421 981 1532 1033 gratis
1550 980 1708 1018 servitiis

182 1043 217 1076 et
234 1039 373 1077 meritis
393 1045 555 1077 nostram
576 1040 865 1078 benivolentiam
883 1042 1097 1092 acquisierit
1121 1047 1156 1079 et
1180 1042 1359 1087 favorem,
1379 1041 1445 1092 qui
1464 1053 1532 1091 pro
1551 1039 1710 1090 quibus-

182 1097 268 1135 dam
286 1098 363 1136 suis
381 1099 536 1150 negotiis
555 1099 658 1136 vadit
673 1100 718 1136 ad
739 1100 944 1138 Romanam
967 1101 1127 1147 curiam,
1146 1114 1241 1151 quae
1259 1105 1417 1137 vestram
1437 1111 1545 1150 opem
1564 1097 1710 1134 deside-

181 1161 265 1194 rant
293 1161 330 1194 et
360 1157 521 1195 savorem
533 1186 542 1204 ,
556 1162 592 1195 et
617 1158 826 1208 specialiter
856 1172 968 1210 super
997 1158 1199 1196 obtinenda
1234 1158 1366 1209 gratia}
1385 1157 1484 1208 apud
1519 1169 1707 1193 summum

181 1214 394 1266 pontificem
413 1216 460 1253 de
477 1216 703 1254 thesauraria
720 1217 919 1255 Morinensi
940 1230 1035 1268 quae
1060 1221 1164 1254 vacat
1181 1217 1229 1254 ad
1244 1229 1430 1268 praesens,
1448 1214 1708 1252 Paternitatem

180 1273 346 1312 Vestram
370 1278 507 1312 attente
524 1275 750 1326 requirimus
774 1280 811 1313 et
839 1289 1013 1326 rogamus
1044 1276 1219 1326 quatinus
1245 1275 1291 1312 ad
1319 1275 1356 1311 id
1381 1274 1500 1312 velitis
1524 1285 1709 1324 apponere

174 1345 288 1384 ⁴opem
313 1338 350 1370 ct
370 1346 521 1384 operam
543 1334 728 1371 efficacem
747 1339 789 1371 ut
811 1334 849 1371 in
868 1335 966 1371 dicta
987 1334 1212 1371 thesauraria
1227 1333 1326 1384 apud
1346 1345 1534 1370 summum
1554 1331 1706 1382 pontifi-

180 1403 259 1428 cem
277 1403 387 1429 suum
405 1391 630 1429 desiderium
651 1391 806 1430 feliciter
819 1397 1047 1444 assequatur.

849 1638 1019 1676 CCXLVl
1026 1639 1050 1675 l.

182 1754 297 1791 Lettre
315 1753 360 1791 de
378 1754 415 1791 la
433 1759 601 1791 comte-sse
620 1755 844 1809 Marquerite
869 1768 918 1792 au
943 1755 1060 1804 doyen
1084 1761 1117 1792 et
1137 1768 1186 1792 au
1212 1755 1376 1804 chapitre
1402 1755 1444 1792 de
1475 1755 1706 1798 Te'rouanne,

226 1825 276 1851 au
299 1813 396 1863 sujet
417 1812 509 1850 d'am
539 1812 721 1862 diffiirend
750 1818 850 1850 entre
883 1814 1000 1851 Μανία
1026 1813 1104 1850 d’Y
1098 1826 1184 1863 pres
1211 1819 1243 1850 et
1271 1813 1482 1851 Guillaume
1506 1813 1550 1850 de
1574 1813 1705 1856 Heule,

226 1870 418 1910 chevalier.

227 2038 411 2086 Quoniam
430 2051 533 2075 error
545 2039 604 2075 cui
625 2051 700 2090 non
720 2039 920 2085 resistitur,
939 2038 1220 2088 comprobatur,
1239 2043 1275 2075 et
1290 2038 1422 2075 veritas
1437 2051 1533 2088 quae
1552 2036 1705 2073 minime

178 2095 404 2142 defensatur,
421 2096 663 2147 opprimitur,
682 2097 821 2134 idcirco
847 2101 888 2134 ut
914 2096 1163 2147 quorumdam
1186 2096 1373 2133 erroribus
1396 2108 1652 2146 perversorum
1671 2099 1706 2131 et

178 2153 392 2200 mendaciis,
411 2154 620 2201 obviemus,
640 2155 819 2192 honorem
841 2155 955 2192 nostri
981 2155 1157 2199 nominis,
1174 2159 1216 2191 ut
1229 2154 1376 2199 dicitur,
1391 2153 1706 2204 opprimentibus,

178 2215 214 2248 et
230 2215 272 2247 ut
289 2211 335 2247 ad
360 2211 511 2261 plenum
530 2213 662 2251 veritas
684 2214 845 2264 pateliat,
866 2213 971 2251 vobis
995 2213 1191 2263 dirigimus
1218 2226 1388 2263 praesens
1410 2212 1606 2262 scriptum,
1626 2211 1704 2247 dis—

179 2268 377 2306 cretionem
412 2275 569 2308 vestram
605 2271 699 2308 scire
732 2272 895 2309 volentes
931 2272 1032 2322 quod
1068 2272 1114 2308 dc
1149 2284 1256 2308 causa
1292 2285 1387 2321 quae
1422 2271 1576 2308 vertitur
1612 2270 1706 2307 inter

219 2385 223 2400 ¹
237 2386 444 2414 Probablcment
456 2370 608 2416 Guillaume
621 2389 654 2415 dc
669 2390 788 2424 Licqucs.
804 2389 909 2422 Voyez,
924 2390 984 2424 plus
999 2389 1072 2421 baut,
1087 2398 1112 2424 p.
1123 2389 1187 2415 365.

1516 2434 1562 2469 47
