2184 3074
745 359 905 398 CODEX
932 359 1175 398 DUNENSlS.
1679 361 1720 396 4¹

194 479 446 532 promiserunt
471 490 539 529 pro
564 490 602 514 se
627 480 662 514 et
683 475 820 513 eisdem
848 476 1073 520 minoribus,
1093 480 1129 512 et
1146 476 1306 526 quilibet
1328 489 1456 513 eorum
1484 476 1521 511 in
1547 474 1725 512 solidum.

193 539 296 590 quod
314 537 618 590 procurabuntur
633 535 736 587 quod
756 535 955 586 praemissa
979 540 1055 572 rata
1078 540 1113 572 et
1137 539 1238 585 grata
1265 535 1471 581 habebunt,
1494 535 1603 572 etiam
1626 538 1729 584 post-

193 610 307 648 quam
336 596 405 647 ipsi
433 595 594 633 minores
623 594 670 631 ad
700 598 855 631 aetatem
889 593 1090 644 legitimam
1121 594 1375 644 pervenerint,
1407 594 1660 631 renuntiantes
1690 592 1726 628 in

194 655 405 706 praemissis
427 653 603 695 omnibus
626 653 909 704 exceptionibus
934 654 1008 698 vis,
1037 657 1172 700 metus,
1203 653 1278 691 doli
1307 654 1411 699 mali,
1437 653 1538 690 omni
1566 652 1662 702 juris
1693 655 1726 687 et

195 714 317 764 legum
336 712 494 757 auxilio,
514 711 639 762 scripti
666 715 702 748 et
726 724 800 748 non
826 711 968 762 scripti,
995 712 1163 748 canonici
1190 716 1225 748 et
1247 712 1385 758 civilis,
1408 712 1509 748 omni
1531 710 1726 762 privilegio

194 771 314 808 crucis
332 774 541 820 assumptae
558 770 615 806 vel
636 769 673 806 in
697 774 885 819 posterum
909 770 1168 814 assumendae,
1189 770 1364 807 omnibus
1387 769 1644 821 indulgentiis,
1665 768 1727 804 lit-

194 831 280 868 teris
302 834 338 867 et
363 829 489 880 gratiis
514 828 777 879 crucesignatis
803 829 860 865 vel
887 829 1188 878 crucesignandis
1214 843 1233 866 a
1259 829 1413 866 domino
1440 843 1533 880 papa
1565 828 1620 865 vel
1647 827 1726 876 ejus

195 889 312 939 legato
331 889 388 925 vel
407 888 480 925 alio
498 901 725 938 quocunque
745 888 907 938 praelato
930 900 992 924 seu
1014 888 1182 942 principe
1201 889 1382 925 concessis
1398 889 1454 925 vel
1475 888 1511 925 in
1536 893 1725 938 posterum

194 947 456 994 concedendis,
472 947 648 983 omnibus
662 951 698 983 et
711 947 867 997 singulis
886 947 1046 994 statutis,
1065 947 1414 993 consuetudinibus,
1436 947 1566 984 usibus
1585 951 1619 983 ct
1638 946 1729 997 legi-

195 1006 266 1044 bus
279 1006 581 1057 quibuscunque,
595 1010 630 1042 et
644 1005 821 1043 omnibus
835 1006 916 1043 aliis
931 1011 967 1042 et
980 1006 1136 1056 singulis
1150 1006 1357 1043 rationibus
1371 1011 1406 1043 et
1419 1005 1729 1043 cavillationibus.

195 1064 416 1115 avantagiis,
432 1064 583 1101 cautelis
602 1068 666 1101 aut
684 1064 923 1114 subterfugiis
940 1078 1007 1115 per
1023 1078 1116 1115 quas
1134 1065 1188 1102 vel
1209 1078 1274 1115 per
1291 1078 1387 1115 quae
1404 1068 1613 1115 praesentes
1633 1063 1732 1100 litte-

195 1135 256 1160 rae
275 1127 310 1159 et
327 1127 498 1159 contenta
519 1123 556 1159 in
580 1123 718 1160 eisdem
743 1127 892 1173 possent
914 1123 970 1159 vel
995 1123 1173 1160 deberent
1200 1123 1316 1159 robur
1340 1122 1506 1159 amittere
1533 1125 1731 1172 perpetuae

195 1180 399 1227 firmitatis,
420 1185 455 1217 et
475 1194 570 1231 quae
591 1180 681 1231 ipsis
702 1181 860 1226 Jacobo,
879 1180 1053 1231 Virginae
1070 1186 1105 1217 et
1123 1181 1279 1230 Sygero,
1299 1181 1376 1217 lilio
1401 1180 1520 1216 (lictae
1539 1179 1730 1230 Virginae,
1766 1179 1772 1186 ⁶

194 1243 257 1275 aut
274 1238 382 1276 dictis
402 1238 610 1276 minoribus
628 1252 692 1276 seu
713 1252 841 1276 eorum
859 1239 1030 1283 cuilibet,
1050 1244 1113 1276 aut
1130 1253 1258 1276 eorum
1279 1238 1477 1276 heredibus
1501 1252 1565 1276 seu
1583 1251 1731 1275 succes—

195 1297 342 1334 soribus
361 1297 555 1347 prodesse,
575 1301 610 1334 et
628 1297 736 1334 dictis
759 1297 958 1334 abbatibus
979 1298 1034 1334 vel
1057 1298 1122 1348 qui
1147 1311 1213 1348 pro
1241 1302 1405 1348 tempore
1429 1297 1583 1342 suerint,
1602 1297 1731 1334 obesse

194 1359 345 1405 possent
362 1356 418 1392 vel
437 1355 630 1402 deberent,
646 1356 690 1392 ad
706 1356 948 1402 veniendum,
967 1356 1167 1393 dicendum
1184 1357 1240 1393 vel
1256 1356 1466 1392 faciendum
1482 1361 1608 1393 contra
1624 1369 1731 1406 prae-

194 1413 304 1451 missa
323 1414 380 1450 vel
399 1403 551 1465 aliquod
570 1415 870 1464 praemissorum.
892 1415 934 1451 Et
952 1415 1204 1465 promiserunt
1222 1414 1311 1451 dicti
1330 1415 1507 1460 Jacobus,
1527 1415 1677 1464 Virgina
1696 1420 1731 1451 ct

193 1471 353 1522 Sygerus
379 1485 448 1522 pro
475 1485 513 1509 se
540 1477 576 1509 et
597 1473 805 1509 minoribus
837 1473 1051 1524 praedictis,
1079 1474 1149 1510 sub
1176 1473 1248 1509 fide
1273 1477 1308 1509 et
1330 1472 1541 1522 juramento
1567 1473 1613 1510 ab
1640 1473 1728 1524 ipsis

193 1543 316 1568 coram
344 1531 452 1568 nobis
480 1544 592 1581 super
619 1531 690 1569 hiis
718 1526 901 1582 praestitis
924 1532 1175 1585 corporaliter,
1198 1537 1309 1583 prout
1326 1533 1447 1577 decet,
1473 1533 1574 1583 quod
1601 1538 1726 1569 contra

192 1588 392 1639 praemissa
410 1589 467 1625 vel
487 1589 639 1640 aliquod
659 1590 947 1640 praemissorum
967 1603 1041 1627 non
1062 1590 1339 1627 contravenient
1362 1604 1424 1627 seu
1453 1591 1585 1627 sacient
1610 1604 1675 1641 per
1692 1604 1729 1628 se

192 1648 248 1684 vel
268 1661 335 1698 per
352 1648 466 1684 alium
487 1661 551 1685 seu
573 1648 664 1685 alios
684 1648 720 1685 in
745 1649 931 1695 futurum,
951 1649 1075 1699 aliqua
1095 1649 1254 1695 ratione,
1271 1649 1420 1699 ingenio
1438 1649 1514 1685 sive
1532 1662 1659 1695 causa,
1674 1662 1727 1686 se.

192 1719 333 1756 suaque
350 1706 450 1743 bona
473 1706 626 1743 mobilia
652 1712 687 1743 et
712 1707 918 1744 immobilia
938 1708 1143 1758 praesentia
1162 1712 1198 1744 et
1215 1708 1339 1744 futura
1361 1720 1483 1744 coram
1503 1707 1610 1757 nobis
1630 1708 1728 1744 obli-

191 1769 318 1814 gantes
343 1770 380 1802 et
403 1765 655 1814 jurisdictioni
679 1767 804 1803 curiae
826 1772 972 1804 nostrae
998 1772 1034 1804 et
1058 1767 1182 1804 curiae
1199 1773 1358 1812 vestrae,
1385 1767 1537 1804 domine
1561 1767 1728 1804 officialis

191 1823 448 1870 Tornacensis,
464 1829 728 1874 supponentes,
742 1825 984 1862 concedentes
999 1825 1108 1862 etiam
1127 1838 1193 1875 pro
1207 1838 1246 1863 se
1259 1830 1294 1861 et
1309 1825 1517 1862 minoribus
1532 1825 1727 1874 praedictis

191 1894 229 1918 se
244 1895 350 1932 posse
365 1883 537 1933 compelli
553 1896 619 1932 per
637 1883 856 1920 sententiam
877 1883 1272 1920 excommunicationis
1290 1883 1335 1919 ad
1354 1884 1626 1920 observantiam
1645 1897 1726 1920 om-

192 1941 295 1977 nium
323 1946 359 1978 et
384 1942 617 1992 singulorum
642 1943 950 1993 praemissorum,
969 1943 1186 1993 ubicunque
1203 1955 1265 1979 eos
1285 1942 1322 1979 in
1342 1943 1509 1979 futurum
1533 1942 1723 1991 contigerit

191 2000 425 2037 commorari.
453 2001 496 2037 Et
521 2014 587 2051 per
611 2000 682 2038 hoc
705 2002 816 2038 frater
837 2001 889 2046 R,
909 2001 1094 2052 portarius
1113 2001 1159 2038 dc
1176 2001 1343 2046 Thosan,
1366 2001 1541 2051 quitavit,
1566 2000 1722 2037 absolvit

192 2060 228 2093 et
249 2057 409 2095 totaliter
432 2058 603 2095 liberavit
626 2058 810 2110 quicquid
832 2059 878 2096 de
904 2064 1006 2109 parte
1032 2059 1243 2096 hereditatis
1269 2059 1475 2109 praedictae
1500 2058 1723 2109 pandaverat

193 2127 257 2151 seu
283 2115 586 2166 appropi-laverat
611 2116 657 2153 ad
683 2117 799 2167 legem
826 2117 934 2153 villae
959 2117 1160 2167 Brugensis
1189 2122 1225 2153 et
1253 2117 1298 2153 dc
1329 2117 1442 2161 Dam,
1468 2121 1649 2166 quantum
1677 2115 1721 2151 ad

193 2173 492 2222 praenominatos
509 2173 690 2211 Jacobum
702 2203 711 2220 ,
729 2174 920 2224 Virginam
939 2179 975 2211 et
992 2174 1174 2224 Sygerum
1193 2179 1257 2211 aut
1273 2174 1317 2211 ad
1339 2174 1499 2210 minores
1518 2173 1724 2224 praedictos

193 2235 357 2280 spectare
374 2232 506 2282 possit,
521 2245 584 2270 seu
601 2246 670 2283 pro
684 2237 760 2270 rata
779 2234 1015 2284 contingente
1033 2233 1192 2269 eosdem.
1213 2233 1258 2270 Et
1274 2238 1315 2269 ut
1333 2232 1531 2283 praemissa
1548 2231 1672 2268 omnia
1690 2237 1723 2268 et

192 2289 336 2339 singula
361 2295 437 2326 rata
458 2294 494 2326 et
516 2290 622 2327 firma
645 2295 901 2340 permaneant,
920 2290 1072 2341 praefati
1094 2290 1271 2335 Jacobus,
1293 2290 1442 2340 Virgina
1467 2290 1547 2339 ejus
1570 2302 1667 2326 uxor
1690 2295 1723 2326 et

193 2347 371 2398 Sygerus,
390 2348 488 2387 filius
506 2347 627 2385 dictae
645 2348 836 2399 virginae,
856 2362 924 2399 pro
946 2362 984 2386 se
1001 2354 1037 2385 et
1054 2348 1262 2385 minoribus
1283 2348 1505 2399 supradictis
1521 2349 1566 2385 W
1573 2377 1722 2385 ......

192 2404 332 2443 dictum
351 2435 481 2443 ......
500 2407 692 2453 clericum,
707 2408 858 2444 latorem
878 2408 1144 2458 praesentium,
1163 2421 1272 2444 suum
1291 2420 1415 2444 coram
1437 2407 1543 2444 nobis
1561 2408 1725 2444 fecerunt

192 2475 234 2499 ac
257 2465 528 2501 constituerunt
549 2470 824 2515 procuratorem
852 2471 888 2502 ct
914 2466 1087 2502 nuntium
1114 2465 1309 2516 specialem
1337 2465 1383 2502 ad
1411 2465 1663 2502 confitendum
1690 2470 1723 2501 et

1552 2525 1575 2561 6
