2184 3074
468 325 540 362 552
1017 324 1180 362 CODEX
1206 325 1451 363 DUNENSIS.

467 447 716 492 proventuum
734 454 776 478 ac
796 441 1011 478 reddituum
1030 441 1364 478 ecclesiasticorum
1382 439 1486 492 regni
1500 442 1695 488 Franciae,
1710 442 1783 479 illis
1796 442 2005 496 redditibus

467 514 508 538 ac
522 500 765 551 proventibus
778 500 843 550 qui
859 499 905 536 ad
922 499 1002 536 loca
1018 499 1170 549 quaevis
1191 499 1390 550 Hospitalis
1408 499 1533 537 Sancti
1552 499 1734 538 Johannis
1748 513 1790 538 ac
1805 500 2005 538 domorum

466 559 626 595 militum
655 558 798 608 Templi
821 557 1140 595 Jherosolimitani
1170 562 1206 593 et
1227 557 1381 595 Sanctae
1403 557 1538 595 Mariae
1566 557 1906 604 Theutonicorum,
1929 557 2006 595 sive

466 617 510 653 ad
531 617 794 653 ecclesiasticas
812 628 1008 666 personas,
1031 615 1138 666 signo
1166 615 1286 652 crucis
1307 621 1519 665 assumpto,
1539 615 1578 652 in
1597 616 1721 666 primo
1741 616 1902 666 generali
1921 629 2007 666 pas-

464 676 566 726 sagio
608 676 645 712 in
677 675 886 726 praedictae
916 679 1032 711 terrae
1063 674 1274 711 subsidium
1309 676 1556 725 profecturas,
1587 688 1680 726 quas
1713 676 1811 714 idem
1837 688 2006 714 summus

465 733 632 784 pontifex
651 734 697 770 ab
717 733 932 783 hujusmodi
953 732 1199 783 praestatione
1223 732 1388 770 decimae
1410 746 1431 770 a
1458 738 1624 784 tempore
1651 739 1862 786 assumptae
1885 733 2006 772 crucis

464 792 580 842 ipsius
599 793 736 830 habere
750 793 869 829 voluit
886 797 1077 829 excusatas
1087 821 1096 838 ,
1110 791 1317 842 pertinent,
1332 793 1514 830 duntaxat
1526 794 1708 844 exceptis,
1721 799 1788 844 per
1801 793 2005 831 triennium
2019 827 2025 831 .

464 851 718 887 inchoandum
740 851 953 887 immediate
973 855 1058 901 post
1075 850 1223 887 finitum
1245 855 1392 902 tempus
1411 851 1458 888 ad
1476 851 1698 889 solvendum
1723 853 1762 889 in
1785 864 1900 903 regno
1923 852 2005 901 ipso

464 908 646 946 decimam
661 922 729 960 pro
745 909 914 946 subsidio
930 909 1067 960 negotii
1083 910 1186 959 regni
1202 909 1360 946 Ceciliae
1374 910 1605 961 deputatum,
1620 910 1666 948 de
1681 911 1836 948 fratrum
1850 922 2003 948 suorum

464 967 619 1004 consilio
635 981 702 1018 per
718 981 803 1005 suas
822 968 1004 1005 concessit
1023 968 1160 1005 litteras
1175 968 1283 1018 Juxta
1303 968 1420 1019 ipsius
1437 969 1712 1019 providentiam
1731 970 1770 1007 in
1796 969 2006 1020 praedictae

464 1031 579 1063 terrae
594 1026 805 1063 subsidium
825 1026 1130 1063 convertendum.
1148 1027 1219 1064 Per
1239 1026 1329 1064 alias
1347 1040 1499 1078 quoque
1525 1027 1610 1065 suas
1639 1028 1779 1065 litteras
1808 1027 1917 1065 nobis
1943 1027 2004 1064 in-

459 1085 588 1134 junxit
604 1090 646 1122 ut
659 1085 840 1122 decimam
857 1086 975 1135 ipsam
990 1085 1110 1122 eidem
1128 1085 1204 1136 regi
1215 1086 1323 1135 juxta
1338 1091 1504 1124 tenorem
1521 1086 1737 1136 hujusmodi
1752 1086 2007 1133 concessionis-

464 1157 529 1194 per
547 1157 613 1181 nos
631 1145 688 1180 vel
709 1144 800 1181 alios
819 1144 1023 1180 faceremus
1048 1144 1276 1194 integraliter
1301 1145 1491 1192 exhiberi,
1518 1145 1650 1196 plenae
1676 1146 1869 1196 legationis
1895 1144 2004 1183 nobis

463 1201 508 1238 de
528 1202 598 1238 hoc
620 1201 744 1239 officio
764 1202 801 1238 in
821 1202 1036 1252 supradicto
1055 1215 1170 1253 regno
1196 1204 1405 1240 commisso.
1428 1204 1534 1242 Unde
1554 1216 1621 1241 nos
1639 1203 1789 1255 speciali
1809 1203 2005 1241 venerabi-

464 1259 554 1296 lium
575 1264 722 1310 patrum
742 1260 1012 1311 arcliiepiseopi
1032 1259 1284 1299 Remensiset
1313 1262 1634 1312 suffraganeorum
1657 1275 1830 1308 suorum,
1857 1273 2005 1306 necnon

462 1319 639 1355 abbatum
671 1324 706 1356 et
738 1319 906 1370 priorum
939 1320 1243 1357 conventualium
1274 1334 1317 1357 ac
1347 1321 1598 1371 capitulorum
1629 1325 1703 1358 tam
1734 1320 2004 1358 cathedralium

462 1390 574 1427 quam
593 1377 750 1414 aliarum
771 1377 1048 1429 collegiatarum
1068 1378 1308 1415 ecclesiarum
1323 1379 1564 1416 Remensium
1582 1392 1625 1416 ac
1639 1379 1796 1416 aliarum
1811 1378 2002 1415 civitatum

462 1449 503 1472 ac
521 1436 690 1486 dyocesis
711 1436 903 1474 Remensis
922 1437 1138 1487 provinciae
1150 1465 1159 1482 ,
1178 1442 1331 1488 propter
1349 1437 1420 1475 hoc
1437 1438 1537 1488 apud
1553 1437 1824 1488 Compendium
1843 1436 2003 1474 concilio

461 1501 681 1542 convocato,
697 1500 732 1533 et
749 1496 971 1546 supradictis
991 1496 1121 1533 litteris
1140 1497 1243 1534 lectis
1261 1501 1297 1534 et
1315 1497 1514 1548 publicatis
1533 1497 1672 1534 ibidem
1691 1497 1815 1534 oblata
1832 1495 2003 1546 praedic-

461 1554 506 1590 tis
537 1554 714 1591 omnibus
741 1555 847 1605 eopia
871 1555 1085 1591 earumdem
1109 1559 1183 1592 tam
1216 1555 1499 1606 archiepiscopo
1525 1560 1561 1592 et
1583 1555 1825 1606 suffraganeis
1851 1567 1895 1592 ac
1919 1554 2002 1591 aliis

461 1613 678 1662 praedictis,
698 1627 783 1650 cum
800 1614 952 1651 caeteris
967 1615 1223 1652 ecclesiasticis
1239 1615 1456 1652 earumdem
1479 1615 1673 1652 civitatum
1697 1620 1733 1651 et
1749 1613 1935 1664 dyocesis,
1949 1613 2001 1650 ibi

460 1672 610 1723 publice
627 1673 810 1710 decimam
830 1673 1038 1711 indiximus
1057 1674 1328 1725 supradictam,
1348 1674 1477 1725 eisque
1504 1674 1681 1711 omnibus
1705 1674 1752 1711 ad
1778 1673 1878 1710 illius
1899 1672 2003 1709 solu-

460 1731 598 1767 tionem
618 1736 735 1768 certos
753 1745 795 1768 ac
813 1732 1083 1783 peremptorios
1104 1733 1301 1779 terminos,
1320 1733 1485 1784 primum
1512 1732 1686 1770 videlicet
1711 1731 1872 1783 singulis
1895 1729 2002 1767 annis

460 1790 548 1826 dicti
568 1790 719 1827 triennii
743 1790 780 1827 in
806 1792 898 1828 sesto
922 1791 1131 1828 Nativitatis
1158 1791 1396 1837 Dominicae,
1414 1796 1450 1828 et
1467 1791 1674 1829 secundum
1693 1790 1731 1828 in
1748 1791 1840 1828 festo
1858 1788 2003 1830 Nativi-

460 1848 542 1890 tatis
561 1848 662 1885 Beati
680 1848 865 1886 Johannis
884 1849 1094 1899 Baptistae,
1112 1850 1290 1887 duximus
1309 1849 1544 1896 statuendos,
1562 1862 1625 1887 eos
1649 1849 1800 1900 publice
1824 1861 1867 1885 ac
1889 1860 2002 1899 gene-

458 1906 584 1944 raliter
597 1911 788 1944 monentes
803 1907 943 1945 ibidem
960 1912 1001 1944 ut
1015 1908 1052 1944 in
1068 1908 1206 1945 eisdem
1223 1908 1392 1946 terminis
1408 1908 1591 1945 decimam
1606 1908 1724 1958 ipsam
1739 1905 1999 1944 collectoribus
2031 1919 2035 1922 ·

458 1965 674 2002 auctoritate
693 1970 818 2002 nostra
837 1965 1060 2016 deputandis
1085 1966 1314 2017 integraliter
1333 1967 1476 2004 solvere
1494 1970 1757 2018 procurarent,
1776 1964 1906 2002 eodem
1925 1969 2000 2001 ter—

459 2024 562 2060 mino
578 2023 785 2060 Nativitatis
805 2024 1023 2061 Dominicae
1041 2037 1109 2075 pro
1128 2025 1199 2061 isto
1216 2037 1315 2062 anno
1331 2037 1452 2076 usque
1469 2025 1514 2062 ad
1534 2029 1701 2062 octavam
1721 2023 1892 2061 instantis
1916 2022 1998 2060 sesti

460 2081 733 2118 Purificationis
749 2082 881 2118 Beatae
895 2082 1029 2119 Mariae
1045 2083 1206 2133 Virginis
1216 2112 1226 2130 ,
1241 2083 1287 2120 de
1301 2083 1479 2134 praedicti
1498 2083 1595 2134 regis
1608 2081 1859 2133 beneplacito,
1874 2080 1999 2132 quoad

458 2139 541 2176 illos
558 2139 604 2176 de
623 2140 701 2189 ipsa
721 2140 892 2177 Remensi
912 2140 1120 2190 provincia,
1146 2155 1212 2192 per
1234 2154 1301 2179 nos
1324 2142 1563 2192 postmodum
1583 2145 1794 2192 prorogato.
1813 2140 1867 2177 Ne
1885 2139 1999 2190 igitur

458 2210 524 2247 per
550 2198 761 2248 aliquorum
790 2199 968 2236 malitiam
995 2199 1099 2250 operi
1126 2204 1248 2237 tantae
1274 2201 1403 2238 salutis
1426 2200 1546 2238 valeat
1569 2200 1756 2250 derogari,
1780 2198 1998 2236 auctoritate

457 2270 530 2306 qua
561 2257 754 2307 fungimur
779 2258 817 2294 in
845 2258 914 2295 hac
936 2263 1059 2309 parte,
1087 2259 1126 2296 in
1154 2273 1461 2311 unamquamque
1487 2273 1685 2311 personam
1712 2257 1996 2298 ecclesiasticam

455 2315 646 2352 civitatum
679 2321 715 2353 et
746 2316 915 2365 dyocesis
946 2318 1237 2368 praedictarum,
1269 2319 1470 2370 cujuslibet
1495 2318 1739 2365 conditionis,
1766 2316 1910 2355 ordinis
1938 2316 1994 2353 vel

455 2372 644 2423 dignitatis
659 2373 833 2419 existant,
847 2388 944 2425 quae
957 2375 1140 2414 decimam
1160 2377 1276 2428 ipsam
1297 2377 1368 2414 sibi
1387 2377 1510 2415 taliter
1527 2377 1705 2414 indictam
1723 2390 1744 2413 a
1762 2375 1871 2413 nobis
1889 2373 1994 2411 nullo

456 2431 567 2468 modo
594 2432 650 2468 vel
679 2445 753 2469 non
776 2433 935 2484 integre,
956 2434 1114 2471 scienter
1131 2435 1208 2473 sive
1227 2449 1303 2473 non
1323 2436 1360 2473 in
1385 2436 1554 2473 terminis
1576 2435 1786 2473 constitutis
1809 2439 1847 2471 et
1870 2432 1993 2483 primo
