2184 3074
425 280 499 317 298
975 284 1136 322 ‹Jonssx
1162 285 1410 323 DUNENSIS.

423 396 536 434 vitam
558 399 789 442 earumdenn
809 399 1012 450 unicuique
1030 400 1201 437 videlicet
1217 406 1354 438 certam
1376 402 1586 452 portionem
1605 417 1716 453 quam
1737 405 1769 441 ei
1790 405 1831 442 in
1852 405 1964 442 dictis

424 455 555 505 viginti
575 462 610 493 et
628 461 766 507 septem
787 458 891 494 libris
906 457 1058 495 duceret
1076 458 1355 509 assignandam,
1371 459 1419 496 ita
1439 460 1557 510 quom
1572 467 1700 498 carum
1719 462 1895 500 alterutra
1907 464 1964 500 vel

425 515 606 552 ambabus
632 515 914 559 decedentibus..
938 516 1105 554 redditus
1123 517 1189 568 qui
1207 518 1278 555 sibi
1299 519 1575 568 competebant,
1602 519 1775 558 cederent
1791 521 1830 558 in
1849 525 1968 559 certos

428 585 515 609 usus
540 586 604 610 seu
629 574 888 611 conversiones
907 574 1015 612 utiles
1030 574 1136 624 juxta
1156 575 1429 613 ordinationem
1448 577 1626 627 praedicti
1645 578 1789 616 domini
1808 579 1966 631 AEgidii,

425 635 538 679 prout
560 630 597 667 in
618 631 748 668 litteris
767 632 843 669 suis
861 636 897 669 et
915 633 1050 670 nostris
1068 634 1245 671 confectis
1263 634 1399 672 exinde
1417 635 1628 672 continetur
1651 642 1686 674 et
1710 637 1884 675 volumus
1902 638 1968 676 fir-

427 678 535 724 miter
550 689 736 726 observari
748 719 757 735 7
777 691 875 726 idem
893 690 1068 728 dominus
1091 691 1264 741 AEgidius
1288 697 1330 729 ut
1351 692 1398 730 de
1419 693 1587 744 personis
1606 695 1804 745 praedictis
1821 697 1869 734 ab
1887 697 1968 747 ipso

426 747 521 783 sicut
538 755 660 785 actum
682 754 736 785 est
753 749 924 800 superius
943 750 1182 788 nominandis
1197 751 1290 788 nulli
1307 752 1463 797 ulterius
1482 753 1575 790 soret
1590 753 1750 792 dubium
1769 759 1806 792 et
1822 755 1860 792 in
1878 769 1967 807 pos-

427 810 546 842 terum
565 819 638 843 non
654 807 825 844 existeret
840 821 908 858 pro
922 808 1195 859 praecipiendis
1210 822 1344 847 novem
1358 810 1464 847 libris
1483 811 1754 851 Parisiensibus
1773 814 1965 866 annuatim

425 876 444 899 a
464 863 590 909 nobis7
612 865 793 914 quamdiu
812 866 963 912 vixerit2
983 880 1100 918 aequa
1115 868 1287 918 portione
1302 868 1470 906 terminis
1483 869 1698 918 antedictis,
1712 871 1852 921 quibus
1868 871 1968 909 dicto

425 921 579 959 domino
600 924 750 973 AEgidio
770 931 989 963 consuetum
1006 932 1060 964 est
1077 927 1189 973 solvi,
1206 928 1444 978 Margaretam
1460 928 1507 965 de
1520 929 1696 967 Cui-traco
1707 959 1717 975 7
1728 930 1778 967 ad
1793 943 1968 981 praesens

425 993 529 1016 suam
551 982 743 1029 famulam,
763 998 830 1034 pro
850 998 923 1021 una
943 991 978 1021 et
995 986 1193 1037 principali
1214 987 1421 1024 nominavit
1439 1001 1611 1038 persona,
1632 989 1739 1039 rique
1757 990 1966 1039 portionem

426 1038 642 1088 hujusmodi
665 1055 796 1079 novem
818 1043 991 1081 videlicet
1009 1045 1188 1082 librarum
1209 1046 1255 1082 de
1272 1046 1462 1096 praedicto
1481 1047 1582 1084 totali
1602 1047 1748 1084 redditu
1769 1048 1966 1098 assignavit

425 1102 508 1146 post
532 1104 688 1136 mortem
718 1114 822 1138 suam
851 1103 1127 1153 percipiendam
1155 1117 1173 1140 a
1199 1104 1327 1150 nobis,
1346 1105 1441 1141 sicut
1466 1105 1638 1156 superius
1660 1110 1715 1142 cst
1738 1119 1965 1156 expressum.

425 1155 499 1192 Nos
522 1170 610 1193 vero
629 1159 922 1197 nominationem
940 1166 975 1197 et
992 1162 1281 1212 assignationem
1301 1162 1516 1212 hujusmodi
1537 1168 1653 1200 ratam
1672 1169 1708 1200 et
1725 1169 1866 1214 gratam
1897 1164 1966 1201 ha-

424 1215 567 1261 bentes7
587 1217 705 1254 eidem
726 1219 948 1269 margaretae
966 1221 1160 1258 solvendas
1180 1235 1313 1258 novem
1329 1222 1442 1259 libras
1458 1221 1681 1272 praedictas,
1696 1227 1809 1272 prout
1824 1227 1960 1259 tactum

425 1278 480 1310 cst
503 1287 633 1325 supra„
655 1290 720 1314 nos
745 1283 780 1314 et
803 1284 970 1316 nostrum
995 1271 1260 1318 monasterium
1287 1281 1512 1332 obligamus(
1539 1281 1598 1318 cui
1625 1282 1735 1318 etiam
1764 1281 1962 1332 praedictis

426 1333 593 1370 terminis
613 1335 669 1371 vel
689 1335 805 1372 dictas
825 1350 957 1374 novem
981 1338 1095 1375 libras
1113 1339 1325 1385 annuatim:
1345 1339 1526 1389 quamdiu
1545 1338 1619 1376 vita
1638 1339 1774 1375 vixerit
1792 1339 1962 1383 naturali,

427 1390 463 1426 in
486 1391 614 1442 viginti
635 1394 774 1431 solidos
793 1395 1017 1434 Parisienses
1035 1411 1078 1434 ex
1103 1411 1211 1435 causa
1236 1397 1397 1448 legitima
1421 1411 1487 1434 nos
1510 1398 1808 1447 recognoscimus
1832 1397 1963 1442 teneriS

426 1453 462 1485 et
492 1451 678 1488 solvemus
709 1453 828 1490 eidem
857 1460 941 1505 post
967 1456 1156 1493 decessum
1186 1456 1363 1506 praedicti
1392 1456 1535 1492 domini
1562 1456 1723 1507 AEgidii,
1751 1456 1817 1506 qui
1846 1456 1964 1493 dictos

426 1508 556 1558 viginti
588 1511 726 1548 solidos
757 1514 880 1562 quoad
917 1514 1069 1561 vixerit.²
1104 1515 1512 1566 percipietsannuatim.
1535 1515 1670 1552 Verum
1699 1515 1744 1551 ad
1773 1528 1901 1565 preces
1930 1520 1966 1552 et

428 1566 638 1606 instantiam
657 1571 800 1608 domini
818 1572 958 1622 AEgidii
977 1574 1180 1624 supradicti
1199 1574 1406 1611 secundum
1429 1575 1628 1611 terminum
1653 1573 1849 1610 solutionis
1874 1573 1964 1610 red-

427 1625 574 1663 dituum
600 1629 873 1678 praedictorum
900 1632 946 1668 ad
974 1633 1137 1669 medium
1166 1633 1287 1670 martii
1313 1634 1476 1683 positum
1504 1632 1707 1683 anticipare
1734 1633 1899 1669 volentes
1919 1632 1967 1670 ad

427 1684 559 1721 festum
577 1686 850 1726 Pur-ilicationis
867 1691 1038 1740 proximo
1053 1691 1276 1741 praecedens
1295 1691 1473 1728 duximus
1493 1691 1829 1728 transmutandum.
1851 1690 1967 1728 Aliter

428 1748 550 1780 autem
578 1758 691 1795 quam
719 1749 948 1797 praedictum
977 1755 1031 1787 cst
1060 1764 1171 1801 supra
1199 1750 1420 1787 anteriorem
1453 1750 1611 1787 litteram
1643 1763 1738 1800 quae
1770 1750 1816 1786 de
1847 1749 1967 1800 prima

430 1803 532 1839 totali
552 1803 682 1853 viginti
703 1811 739 1842 et
761 1812 900 1857 septem
920 1809 1102 1846 librarum
1128 1809 1354 1859 obligatione
1381 1809 1549 1859 loquitur
1572 1814 1656 1859 post
1679 1813 1835 1845 mortem
1858 1820 1968 1858 prae-

430 1860 518 1898 dicti
550 1862 692 1899 domini
724 1865 882 1915 AEgidii„
915 1867 943 1903 si
976 1867 1130 1903 forsitan
1166 1867 1315 1903 inventa
1352 1867 1482 1912 suerit,
1514 1865 1668 1916 intelligi
1702 1867 1876 1903 volumus
1907 1865 1965 1902 vel

432 1919 571 1957 haberi.
591 1922 631 1958 In
652 1923 758 1972 cujus
777 1924 828 1960 rei
850 1925 1102 1962 testimonium
1119 1930 1154 1963 et
1172 1926 1364 1963 munimen
1384 1931 1593 1976 praesentes
1613 1925 1751 1962 litteras
1767 1924 1967 1974 jamdictae

432 1979 655 2029 Margaretae
673 1984 922 2021 concessimus
942 1985 1056 2022 nostri
1077 1985 1188 2036 sigilli
1209 1986 1436 2036 appensione
1455 1985 1628 2022 munitas.

484 2039 525 2075 Et
545 2053 611 2089 ego
630 2042 836 2079 antedictus
855 2044 1027 2094 AEgidius
1046 2045 1271 2095 praescripta
1290 2045 1326 2081 in
1347 2045 1523 2082 omnibus
1541 2057 1579 2081 sc
1599 2043 1751 2088 hahere,
1770 2047 1966 2079 uttactum

432 2103 485 2133 ost
501 2099 684 2148 superius„
700 2103 1150 2154 recognoscens„sigillum
1168 2117 1291 2140 meum
1308 2103 1398 2139 duxi
1415 2101 1672 2153 praesentibus
1686 2100 1966 2152 apponendum.

434 2156 568 2193 Datum
590 2172 687 2195 anno
709 2160 859 2196 Domini
885 2162 935 2198 M⁰
959 2163 1031 2198 CC⁰
1057 2162 1282 2212 octogesimo
1305 2166 1452 2207 octavo7
1479 2161 1567 2198 feria
1594 2160 1656 2197 ΗΡ
1675 2164 1763 2211 ‘post
1788 2159 1971 2197 Invocam't

434 2229 497 2251 me.
520 2217 558 2252 ln
579 2218 685 2266 cujus
713 2220 763 2255 rei
793 2221 1044 2258 testimonium
1069 2221 1231 2272 sigillum
1252 2222 1348 2258 sedis
1367 2219 1887 2270 'soi-nacensis,praesentibus
1905 2218 1968 2255 lit-

436 2274 522 2310 toris
553 2276 729 2314 duximus
761 2280 1038 2328 apponendum.
1071 2277 1208 2317 Datum
1239 2293 1337 2316 anno
1369 2278 1519 2316 Domini
1552 2279 1602 2315 Mo
1628 2279 1700 2316 CC⁰
1729 2276 1967 2327 nonagesimo

434 2334 555 2384 primo
576 2335 610 2370 in
632 2337 792 2373 crastino
811 2339 911 2374 Beati
933 2339 1096 2375 Thomna
1114 2339 1283 2390 apostoli.

1152 2437 1259 2444 ⁴⁴—
