2184 3074
433 276 503 313 148
984 271 1145 308 CODEX
1173 271 1420 309 DUNENSIS.

429 390 686 438 praesentibus
712 389 841 426 litteris
864 387 1028 438 sigillum
1051 387 1176 424 curiae
1203 386 1462 424 Laudunensis
1486 386 1664 425 duximus
1690 387 1968 438 apponendum.

429 448 565 484 Datum
586 460 684 484 anno
701 446 853 484 Domini
873 446 923 483 Μ0
942 446 1045 482 CCC⁰
1064 446 1174 491 illito,
1192 445 1290 482 dicta
1309 445 1380 482 die.

1138 572 1252 582 -οο-

1119 716 1276 754 XCVIII.

696 825 860 873 Election
878 835 922 873 de
938 835 1058 873 Marie
1079 835 1123 872 de
1142 834 1355 884 Popenrode
1380 847 1516 872 comme
1540 833 1690 872 abbesse.

471 1039 529 1076 Ad
540 1038 789 1076 universitatis
802 1043 944 1076 vestrae
958 1039 1127 1076 notitiam
1139 1039 1311 1090 cupimus
1322 1039 1516 1090 pervenire
1527 1039 1631 1090 quod
1640 1068 1649 1085 ,
1661 1052 1746 1076 cum
1763 1039 1884 1076 bonae
1893 1051 1967 1075 me-

423 1095 561 1134 moriae
571 1097 723 1134 domina
738 1097 863 1142 Maria,
880 1097 1070 1147 quondam
1085 1098 1270 1134 abbatissa
1286 1097 1342 1134 de.
1358 1126 1366 1133 .
1381 1126 1390 1143 ,
1404 1097 1515 1134 rebus
1530 1097 1704 1134 humanis
1720 1097 1768 1134 sit
1782 1100 1965 1147 exempta,

422 1156 643 1193 venerabilis
662 1159 766 1206 pater
782 1155 959 1193 dominus
983 1156 1098 1193 abbas
1124 1156 1170 1192 de
1195 1155 1317 1192 Dunis
1339 1155 1557 1192 mandatum
1582 1155 1773 1192 reverendi
1793 1155 1908 1206 patris
1926 1154 1965 1191 in

421 1214 569 1251 Christo
587 1214 731 1251 domini
752 1214 1054 1251 Claraevallensis
1072 1215 1233 1260 abbatis,
1252 1214 1372 1251 dictae
1386 1213 1520 1251 domus
1541 1213 1656 1264 patris
1675 1213 1837 1258 abbatis,
1854 1225 1968 1263 super

420 1273 633 1324 provisione
647 1286 711 1310 seu
725 1273 992 1310 substitutione
1009 1274 1159 1310 alterius
1173 1273 1380 1311 abbatissae
1397 1273 1435 1310 in
1451 1273 1551 1309 dicto
1566 1273 1648 1309 loco
1659 1301 1668 1317 ,
1683 1285 1768 1309 cum
1786 1271 1966 1321 adjuncto

420 1332 490 1369 sibi
510 1331 643 1368 abbate
656 1345 768 1382 quem
782 1332 853 1369 sibi
872 1332 1090 1369 sociandum
1106 1332 1272 1376 duceret,
1286 1332 1526 1382 suscepisset,
1542 1331 1641 1368 idem
1657 1330 1834 1367 dominus
1848 1329 1965 1366 abbas

422 1390 467 1427 de
498 1391 636 1436 Dunis,
666 1391 774 1427 nobis
804 1390 1015 1427 convocatis
1042 1396 1077 1427 et
1109 1390 1180 1427 sibi
1209 1389 1416 1436 associatis,
1448 1389 1494 1426 ad
1526 1389 1668 1426 dictum
1697 1387 1965 1426 monasterium

421 1449 664 1498 personaliter
687 1449 853 1495 accessit,
882 1449 1091 1500 impletioni
1116 1448 1205 1486 dicti
1233 1448 1397 1485 mandati
1425 1461 1511 1486 cum
1537 1447 1730 1498 diligentia
1757 1447 1882 1484 debita
1906 1446 1966 1483 in-

421 1511 602 1544 tenturus.

470 1565 540 1602 Die
563 1566 678 1617 igitur
695 1567 741 1603 ad
766 1566 978 1617 eligendum
998 1566 1179 1617 praelixa,
1202 1565 1437 1603 electricibus
1462 1579 1482 1602 a
1504 1564 1700 1615 priorissa,
1718 1563 1966 1614 subprior-issa

423 1630 457 1662 et
479 1626 667 1662 celleraria
689 1625 906 1676 assumptis,
926 1629 968 1662 ut
993 1630 1048 1662 est
1069 1626 1183 1662 moris
1211 1625 1250 1661 in
1276 1625 1424 1670 ordine,
1450 1628 1486 1661 et
1509 1623 1744 1661 concorditer
1767 1622 1966 1676 ordinatis,

423 1684 549 1734 eisque
568 1684 605 1720 in
625 1684 736 1734 pleno
761 1684 925 1734 capitulo
950 1684 1184 1734 approbatis,
1213 1683 1314 1720 lectis
1338 1687 1374 1719 et
1395 1682 1556 1720 recitatis
1582 1680 1876 1719 diffinitionibus
1898 1694 1964 1718 seu

423 1743 567 1780 statutis
581 1756 677 1793 quae
694 1743 739 1779 ad
756 1742 972 1792 hujusmodi
989 1742 1179 1793 negotium
1196 1742 1444 1792 pertinebant,
1461 1741 1552 1778 dum
1569 1740 1746 1778 tredecim
1764 1740 1965 1777 existerent

423 1803 629 1849 electrices,
651 1803 759 1853 longe
782 1803 922 1852 majore
942 1807 978 1839 et
1000 1803 1146 1840 saniore
1166 1807 1270 1853 parte
1283 1802 1499 1839 earumdem
1519 1817 1526 1838 :
1545 1801 1718 1838 videlicet
1743 1801 1852 1837 Anna
1866 1801 1965 1837 dicta

424 1861 550 1906 Licve,
566 1861 698 1898 Gheila
712 1861 758 1898 de
768 1861 993 1899 Vulrestrate
1003 1891 1012 1908 e
1030 1862 1230 1912 Margareta
1245 1875 1290 1897 ex
1305 1861 1414 1898 Curia
1426 1890 1434 1906 ,
1450 1861 1651 1911 Margareta
1665 1859 1711 1896 de
1725 1858 1965 1905 Muscheron,

424 1920 590 1965 sacrista,
619 1920 733 1956 Maria
762 1920 808 1956 de
837 1920 1196 1966 Sancto-Nicholao,
1226 1919 1492 1970 suppriorissa,
1521 1917 1719 1956 Machtilde
1746 1917 1792 1954 de
1818 1916 1965 1963 Axella,

425 1978 631 2024 celleraria,
645 1978 817 2016 Johanna
836 1979 882 2016 de
901 1979 1296 2023 Sancto-Audomaro,
1312 1977 1534 2023 infirmaria,
1549 1975 1739 2014 Elizabeth
1759 1975 1914 2012 Gruters
1931 1978 1967 2012 et

425 2037 536 2073 Maria
555 2037 601 2074 de
621 2037 734 2084 Lens,
753 2038 1033 2084 subcelleraria,
1052 2037 1366 2074 concordantibus
1386 2041 1421 2073 et
1439 2035 1662 2086 eligentibus
1683 2035 1875 2071 dominam
1894 2033 1967 2071 Ma-

424 2095 516 2131 riam
533 2095 578 2132 de
596 2096 834 2146 Popenrode,
854 2101 944 2133 tunc
963 2096 1139 2147 temporis
1158 2095 1373 2146 priorissam
1393 2094 1552 2140 ibidem,
1572 2093 1653 2130 aliis
1668 2093 1842 2129 videlicet
1859 2091 1966 2129 Maba

425 2166 469 2189 ex
489 2153 606 2197 Valle,
628 2155 831 2204 Margareta
849 2168 894 2191 ex
915 2155 1017 2192 Valle
1035 2159 1071 2191 et
1087 2154 1266 2191 Avesoeta
1285 2167 1330 2190 ex
1353 2153 1484 2199 Curia,
1508 2166 1604 2203 quae
1622 2152 1778 2188 aliarum
1796 2155 1966 2201 respectu

424 2211 533 2248 aliam
553 2217 694 2262 partem
711 2214 860 2263 penitus
879 2214 1081 2259 faciebant,
1104 2214 1141 2250 in
1161 2226 1357 2264 personam
1381 2212 1490 2249 aliam
1508 2211 1758 2262 dirigentibus
1775 2223 1841 2247 sua
1859 2213 1965 2255 vota,

425 2270 503 2320 ipse
521 2270 696 2307 dominus
717 2272 853 2319 abbas,
873 2273 991 2309 forma
1010 2272 1100 2309 dicti
1119 2272 1283 2308 mandati
1311 2276 1456 2317 exacta,
1475 2270 1667 2320 diligentia
1686 2269 1898 2314 observata,
1919 2268 1966 2304 de

425 2329 537 2365 modo
554 2330 664 2365 etiam
683 2330 873 2367 electionis
887 2335 922 2367 et
940 2332 1076 2368 electae
1093 2343 1272 2381 personae
1286 2330 1360 2366 vita
1379 2334 1414 2366 et
1427 2329 1596 2366 moribus
1611 2328 1757 2379 plenius
1777 2326 1964 2377 indagata,

426 2387 602 2425 omnibus
629 2401 782 2439 quoque
807 2402 903 2439 quae
930 2390 1135 2427 secundum
1165 2389 1473 2426 consuetudinem
1501 2392 1546 2438 et·
1561 2389 1718 2425 formam
1744 2385 1887 2423 ordinis
1918 2385 1965 2422 ad
