2184 3074
441 388 487 424 44
988 384 1148 423 cooEx
1176 383 1422 435 D.UNENS¹S·

443 503 540 541 niam
561 505 625 555 qui
641 518 750 555 parce
763 504 935 549 seminat,
951 516 1060 554 parce
1074 507 1110 540 et
1124 507 1250 549 metet,
1265 507 1301 539 et
1317 503 1382 553 qui
1402 502 1560 540 seminat
1579 503 1617 538 in
1635 502 1976 548 benedictionibus,

442 561 488 598 de
506 562 829 599 benedictionibus
847 566 882 598 et
900 566 1011 598 metet
1027 562 1139 598 vitam
1160 565 1356 597 aeternam.

493 621 584 657 Cum
614 620 727 671 igitur
752 619 875 656 dilecti
903 619 1018 656 nostri
1048 619 1162 656 abbas
1183 623 1218 655 et
1239 623 1444 655 conventus
1471 619 1516 655 de
1544 646 1667 655 .....
1685 647 1695 664 ,
1724 618 1976 655 Cistereiensis

443 679 601 722 ordinis,
621 678 862 715 Tornacensis
879 677 1066 727 dyocesis,
1087 677 1284 713 advocatae
1302 690 1389 713 suae
1408 677 1541 713 Beatae
1559 676 1693 713 Mariae
1710 689 1821 727 opere
1845 689 1976 727 sump-

443 740 548 773 tuoso
568 737 758 773 ecclesiam
777 735 971 772 aedificare
993 735 1200 784 coeperint,
1223 739 1258 771 et
1281 735 1327 771 ad
1351 735 1441 771 tanti
1469 734 1591 785 operis
1617 736 1975 773 consummationem

442 795 613 845 propriae
628 808 701 831 non
717 798 916 844 suppetant
929 794 1135 839 facultates,
1152 793 1428 830 universitatem
1442 798 1600 831 vestram
1616 794 1654 830 in
1671 793 1832 831 Domino
1846 794 1977 832 exhor·

443 858 565 889 tamur
578 858 776 903 quatenus,
792 866 876 889 cum
892 852 1045 889 nuntius
1059 852 1244 888 dictorum
1264 851 1408 889 abbatis
1424 856 1460 889 et
1473 857 1678 889 conventus
1696 853 1743 889 ad
1760 866 1825 890 vos
1843 859 1880 890 et
1897 853 1976 890 loca

441 912 546 948 vohis
565 912 713 948 subdita
730 911 872 947 venerit
889 910 1056 947 fidelium
1075 910 1294 947 elemosinas
1311 910 1514 960 petiturus,
1529 910 1651 960 ipsum
1667 911 1747 947 sine
1760 911 1977 949 difficultate

441 976 477 1007 et
497 971 687 1007 exactione
707 970 874 1020 qualibet
900 970 937 1006 in
965 969 1127 1006 ecclesiis
1149 969 1280 1006 vestris
1300 969 1486 1020 recipiatis
1503 974 1539 1006 et
1560 969 1674 1019 recipi
1693 969 1852 1015 faciatis,
1873 970 1976 1007 omni

441 1029 512 1066 alio
527 1029 779 1079 praedicatore
797 1029 962 1073 excluso,
982 1028 1107 1078 plebes
1125 1028 1232 1065 vobis
1246 1028 1462 1065 commissas
1478 1033 1551 1064 tam
1568 1027 1736 1065 sollicitis
1749 1041 1862 1078 quam
1876 1028 1978 1065 salu-

442 1088 582 1125 taribus
604 1088 754 1124 monitis
782 1087 998 1125 inducentes
1017 1092 1058 1124 ut
1077 1088 1123 1124 de
1141 1087 1249 1124 bonis
1272 1087 1342 1125 sibi
1363 1101 1383 1124 a
1401 1088 1480 1124 Deo
1499 1087 1641 1124 collatis
1659 1087 1738 1137 pias
1757 1087 1977 1125 elemosinas

441 1150 476 1182 et
488 1150 588 1196 grata
605 1146 766 1183 caritatis
784 1146 950 1182 subsidia
970 1146 1089 1182 dictae
1106 1146 1281 1183 ecclesiae
1298 1146 1491 1183 conferant
1508 1150 1544 1182 et
1565 1145 1834 1192 transmittant,
1852 1150 1894 1182 ut
1911 1159 1978 1196 per

442 1203 530 1240 haec
549 1209 584 1240 ct
602 1204 671 1240 alia
690 1204 787 1240 hona
805 1217 919 1254 quae,
937 1204 1100 1241 Domino
1120 1204 1339 1255 inspirante,
1355 1204 1524 1251 fecerint,
1542 1204 1588 1240 ad
1607 1208 1775 1240 aeternae
1793 1203 1976 1240 felicitatis

440 1262 572 1312 gaudia
593 1263 738 1299 valeant
759 1262 963 1313 pervenire.
985 1263 1058 1300 Nos
1081 1276 1167 1299 vero
1189 1263 1235 1299 de
1259 1262 1534 1313 Omnipotentis
1567 1262 1636 1299 Dei
1663 1261 1914 1298 misericordia
1942 1266 1978 1298 et

440 1322 569 1358 Beatae
587 1322 721 1358 Mariae
739 1335 883 1371 semper
900 1322 1073 1372 virginis,
1093 1323 1338 1372 omniumque
1356 1326 1567 1359 sanctorum
1588 1321 1729 1358 meritis
1747 1325 1783 1357 et
1801 1321 1978 1358 interces-

440 1379 608 1417 sionibus
628 1380 775 1426 conlisi7
795 1380 969 1417 omnibus
987 1394 1072 1416 vere
1090 1380 1368 1430 poenitentibus
1386 1384 1420 1416 et
1439 1380 1616 1417 confessis
1639 1379 1703 1430 qui
1729 1379 1774 1415 ad
1797 1379 1975 1416 fabricam

441 1437 559 1474 dictae
576 1438 749 1475 ecclesiae
767 1452 918 1475 manum
939 1439 1173 1489 porrexerint
1198 1439 1391 1489 largitatis,
1421 1438 1667 1488 quadraginta
1695 1437 1773 1474 (lies
1801 1442 1836 1474 et
1862 1450 1975 1474 unam

442 1525 631 1532 ......
660 1497 705 1533 de
723 1497 900 1546 injunctis
919 1497 989 1534 sibi
1009 1497 1246 1548 poenitentiis
1265 1496 1554 1534 misericorditer
1571 1497 1790 1533 relaxamus.

1143 1622 1247 1630 qo·—

1134 1762 1282 1800 XXXII.

513 1879 740 1916 Permission
766 1879 977 1929 d'acque'rir
1000 1893 1070 1916 une
1095 1885 1196 1916 rente
1221 1879 1390 1916 annuelle
1414 1879 1458 1916 de
1480 1886 1662 1930 quar-ante
1683 1880 1792 1917 liores
1811 1893 1911 1930 pour

1088 1937 1137 1974 les
1159 1950 1332 1986 pauvres.

491 2141 564 2178 Nos
584 2142 663 2178 talis
683 2145 812 2178 notum
833 2141 988 2179 facimus
1011 2142 1194 2179 universis
1208 2156 1256 2178 ex
1274 2146 1376 2192 parte
1394 2142 1555 2192 religiosi
1577 2143 1647 2179 viri
1675 2143 1756 2180 talis
1776 2143 1884 2180 nobis
1902 2156 1980 2180 esse

442 2198 634 2236 humiliter
658 2200 908 2249 supplicatum
931 2205 973 2236 ut
994 2214 1078 2237 cum
1103 2201 1230 2238 fideles
1250 2201 1366 2251 aliqui
1394 2214 1479 2251 erga
1498 2205 1642 2251 portam
1664 2230 1792 2238 ......
1810 2215 1848 2238 se
1865 2202 1982 2238 velint

441 2257 616 2294 exhibere
631 2258 816 2295 beneficos
831 2272 898 2308 pro
915 2272 1122 2309 pauperum
1138 2259 1263 2310 in‘opia
1279 2259 1449 2310 undique
1462 2260 1508 2296 ad
1523 2260 1658 2296 dictam
1676 2265 1819 2310 portam
1835 2260 1980 2297 conflu-

440 2314 580 2351 entium
597 2321 774 2365 perpetuo
789 2317 1001 2363 relevanda,
1017 2317 1222 2354 dummodo
1242 2331 1369 2354 eorum
1391 2318 1614 2355 elemosinae
1635 2318 1672 2355 in
1695 2318 1978 2369 acquisitionem

442 2377 622 2409 terrarum
641 2375 697 2410 vel
716 2375 928 2412 reddituum
946 2381 1249 2413 converterentur
1263 2377 1308 2414 ad
1325 2390 1418 2427 opus
1433 2377 1664 2426 praedictum
1675 2407 1684 2423 ,
1701 2381 1738 2414 et
1751 2377 1820 2427 ipsi
1836 2377 1979 2413 fructus

443 2430 530 2467 inde
555 2431 601 2466 ad
626 2431 739 2468 vitam
760 2446 863 2469 suam
883 2439 1033 2483 possent
1049 2435 1237 2485 percipere
1257 2435 1468 2481 annuatim,
1488 2439 1560 2471 tam
1581 2435 1768 2472 laudabile
1791 2434 1977 2471 dictorum

444 2489 611 2527 fidelium
633 2503 850 2539 promovere
868 2492 1116 2541 propositum,
1143 2506 1185 2529 ac
1205 2498 1326 2530 tantae
1347 2506 1552 2544 pauperum
1575 2493 1724 2530 utilitati
1745 2497 1780 2529 et
1798 2505 1979 2529 verecun—
