2184 3074
454 302 528 339 250
1005 303 1168 340 CODEX
1195 305 1442 342 DtNENSffi.

455 419 647 469 displiceat
673 419 850 456 correctio
875 433 986 470 quam
1016 421 1092 457 suis
1119 421 1353 471 exigentibus
1377 423 1563 461 demeritis
1595 438 1668 461 non
1701 427 1891 476 potuimus
1918 429 1989 465 sub

456 478 749 515 dissimulatione
767 478 936 524 transire„
955 492 1021 515 nec
1040 479 1109 515 alia
1133 481 1378 517 referentibus
1397 482 1688 533 quibuscunque
1709 484 1821 521 fidem
1845 485 1990 536 aliqua-

455 541 562 573 tenus
577 536 764 572 adhibere.

1175 614 1260 623 ⁴-0
1268 618 1281 620 -

1160 758 1296 796 CXLV.

805 875 921 910 Autre
948 873 1180 911 ιηιαηάθηιεηι
1206 882 1321 923 ayant
1348 876 1379 912 Ie
1405 879 1516 914 meme
1542 877 1643 927 objet.

507 1069 759 1106 lllustrissimo
782 1069 942 1118 principi
965 1082 1007 1105 ac
1028 1068 1181 1105 domino
1206 1069 1242 1105 in
1262 1070 1409 1107 Christo
1431 1071 1625 1108 karissimo
1651 1073 1805 1108 domino
1824 1102 1831 1109 .
1852 1101 1860 1109 .
1877 1102 1883 1109 .
1902 1103 1908 1109 .
1929 1086 1993 1109 co-

459 1129 537 1165 miti
557 1128 771 1178 magnifico7
791 1128 914 1163 devoti
934 1128 989 1163 sui
1007 1156 1162 1164 .......
1182 1128 1351 1173 abbates„
1371 1129 1524 1166 salutem
1540 1134 1575 1166 et
1593 1130 1804 1167 orationum
1820 1130 1992 1182 suffragia

458 1200 541 1224 cum
563 1186 703 1223 honore
722 1183 756 1222 et
775 1186 967 1236 obsequio.

508 1247 600 1282 Cum
630 1259 696 1282 nos
720 1245 908 1282 visitantes
934 1247 1200 1283 monasterium
1226 1247 1271 1282 (le
1296 1247 1442 1283 'l'bosan
1467 1247 1687 1284 duceremus
1712 1247 1837 1284 onmia
1860 1248 1899 1283 iu
1917 1248 1996 1297 spi-

458 1305 532 1342 ritu
559 1304 719 1341 lenitatis
743 1309 778 1340 et
799 1304 1038 1354 benignitatis
1065 1305 1189 1341 animo
1217 1310 1458 1355 pertractare„
1481 1306 1663 1356 quosdam
1687 1319 1884 1343 conversos
1906 1305 1995 1343 dicti

459 1363 687 1409 monasterii7
714 1363 916 1400 nescientes
937 1364 973 1399 in
1001 1364 1140 1400 semitis
1159 1364 1324 1413 justitiae
1351 1370 1385 1401 et
1408 1365 1642 1401 obedientiae
1666 1365 1826 1415 dirigere
1849 1378 1995 1415 gressus

459 1436 564 1466 suos,
588 1427 765 1471 tanquam
786 1422 979 1472 pestiferos
1004 1427 1039 1458 et
1066 1423 1215 1459 nocivos
1243 1423 1453 1460 invenimus
1473 1423 1510 1460 in
1539 1423 1637 1460 dicta
1655 1424 1807 1460 ecclesia
1826 1423 1995 1460 scismata

459 1487 494 1518 et
512 1481 715 1518 discordias
738 1481 917 1531 plurimas
944 1481 1188 1518 commovisse
1212 1486 1245 1518 et
1270 1482 1559 1532 praesumpsisse
1584 1483 1699 1518 multa
1724 1495 1821 1532 quae
1842 1495 1909 1518 nec
1926 1482 1996 1518 ho-

462 1540 609 1586 nestati⁷
639 1553 706 1576 nee
731 1539 900 1589 religioni
922 1544 985 1576 aut
1010 1540 1123 1576 sacris
1150 1540 1379 1576 conveniunt
1404 1553 1469 1577 seu
1496 1540 1611 1577 nostri
1637 1540 1780 1576 ordinis
1799 1538 1996 1585 institutis7

460 1611 554 1649 quos
573 1598 765 1643 reducere7
786 1597 870 1634 licet
883 1597 1024 1634 diutius
1044 1598 1257 1635 adhortatos
1273 1603 1307 1635 et
1326 1602 1573 1648 exspectatos,
1592 1598 1638 1635 ad
1652 1598 1750 1634 viam
1765 1598 1997 1635 rectitudinis

461 1662 496 1694 et
513 1657 745 1694 obedientiae
765 1657 918 1692 minime
937 1665 1167 1706 poteramus]
1193 1662 1229 1693 et
1249 1657 1428 1708 quoniam
1454 1657 1569 1707 exigit
1594 1657 1779 1694 dictorum
1802 1656 1998 1693 rebellium

462 1717 645 1768 protervia
664 1721 705 1752 ut
723 1717 754 1752 ei
774 1716 881 1753 celeri
901 1716 1066 1753 remedio
1085 1717 1257 1753 obvietur
1282 1722 1322 1754 ut
1346 1717 1511 1767 ipsorum
1532 1716 1694 1752 malitiae
1713 1728 1790 1752 non
1809 1715 1996 1751 inveniant

461 1788 688 1813 successores
710 1779 744 1811 et
765 1775 916 1824 punitae
938 1775 1239 1825 transgressionis
1258 1776 1448 1826 exemplar
1473 1775 1564 1812 alios
1590 1774 1751 1811 retrabat
1776 1773 1823 1810 ab
1843 1773 1997 1818 offensa„

461 1834 715 1872 excellentiam
732 1838 890 1870 vestram
911 1833 1102 1871 humiliter
1121 1834 1364 1884 imploramus
1391 1839 1582 1884 quatenus
1596 1833 1721 1870 abbati
1746 1837 1781 1869 et
1798 1833 2005 1869 conventui

460 1893 549 1930 dicti
573 1891 785 1930 monasterii
811 1893 914 1943 quod
935 1894 1045 1930 vestri
1065 1894 1320 1943 progenitores
1347 1907 1492 1944 semper
1514 1892 1736 1944 specialibus
1755 1891 1944 1934 favoribus
1962 1894 1997 1927 et

460 1950 650 1988 benefieiis
668 1951 834 1987 attollere
852 1951 1108 2001 multipliciter
1126 1956 1360 1996 curaverunt.v
1378 1957 1418 1988 ut
1432 1951 1520 1988 dicti
1541 1949 1708 1988 conversi
1727 1949 1867 1994 debite,
1886 1953 1998 1999 prout

461 2009 584 2047 ordini
605 2010 788 2059 congruit„
803 2009 1081 2055 coherceantur„
1098 2011 1207 2047 vestri
1224 2011 1385 2060 potentis
1402 2009 1545 2047 brachii
1560 2008 1787 2058 adjutorium
1802 2007 1999 2045 efficaciter

463 2068 703 2118 impendatis,
734 2068 822 2118 quia
854 2068 969 2105 nichil
1001 2069 1190 2119 prodesset
1222 2070 1429 2106 humilibus
1456 2067 1683 2113 obedientia.v
1703 2067 1733 2104 si
1765 2070 1998 2117 contemptus

462 2127 744 2163 contumacibus
764 2140 838 2163 non
860 2127 1015 2164 obesset.
