2184 3074
726 275 887 314 CODEX
912 276 1159 316 DUNENSlS.
1641 287 1703 325 ¹21

175 396 321 448 copiam
344 395 479 434 babere
503 395 550 433 ad
577 407 749 446 praesens
771 406 846 431 non
873 407 1041 445 possum,
1058 394 1189 432 Sedem
1209 395 1459 446 Apostolicam
1478 411 1545 449 pro
1568 399 1707 437 eisdem

174 455 454 506 gravaminibus
479 458 516 492 et
540 466 669 491 eorum
698 452 855 503 singulis
878 452 934 489 vel
962 465 1090 490 eorum
1116 453 1230 491 altero
1257 454 1360 505 quod
1386 456 1547 494 sufficiat
1572 458 1610 494 in
1640 457 1711 495 biis

174 513 321 564 appello
343 513 491 564 scriptis
511 517 548 553 et
567 512 754 563 apostolos
777 511 957 548 instanter
977 515 1082 562 pete,
1100 511 1202 562 quod
1222 512 1252 550 si
1274 513 1366 551 mihi
1390 514 1602 566 denegetur,
1623 517 1708 554 item

173 571 307 610 sedem
322 571 572 623 Apostolicam
587 570 734 621 appello
752 570 790 606 in
810 569 882 606 biis
900 569 1063 620 scriptis,
1078 582 1294 620 supponens
1311 571 1430 610 dictos
1447 573 1493 610 de
1510 574 1657 612 Thosan
1673 580 1708 613 et

173 644 305 669 eorum
330 630 429 668 bona
452 629 524 667 sub
550 628 778 680 protectione
805 628 910 666 Sedis
935 628 1184 679 Apostolicae‚
1208 642 1254 666 ne
1275 630 1369 680 quid
1398 632 1583 682 pendente
1607 634 1705 672 dieta

173 687 421 739 appellatione
442 700 463 724 a
481 700 671 738 quoquam
697 692 833 724 temere
855 693 982 723 contra
1007 699 1135 724 eorum
1160 687 1258 725 bona
1282 692 1517 740 attemptent3
1544 692 1646 742 quod
1674 692 1703 730 si

173 747 312 784 sactum
330 746 458 792 fuerit,
475 745 608 783 iterum
624 746 756 784 Sedem
773 746 1022 796 Apostolicam
1039 746 1186 796 appello
1204 751 1240 783 et
1256 746 1295 784 in
1312 748 1479 799 seriptis,
1498 755 1705 800 protestans

173 803 303 842 eodem
322 804 434 841 modo
453 817 512 841 me
528 804 802 854 appellaturum
825 817 890 841 seu
915 804 1199 854 appellationem
1228 805 1492 845 innovaturum
1521 809 1598 846 sive
1626 810 1703 847 lieri

173 867 460 915 procuraturum
483 875 608 900 coram
633 867 837 900 memorato
865 863 1004 913 legato,
1031 863 1061 900 si
1087 876 1233 900 necesse
1259 864 1369 902 suerit
1399 871 1434 903 et
1463 866 1641 904 obtulerit
1669 881 1706 905 se

173 922 339 959 facultas.

885 987 986 995 —---

847 1129 1040 1166 LXXXlll.

173 1249 293 1286 Lettre
309 1248 371 1286 des
388 1248 552 1285 e'chevins
570 1253 602 1284 et
619 1247 884 1298 bourqmestres
900 1248 944 1285 de
967 1248 1153 1286 Diaemude
1180 1250 1202 1285 ἀ
1227 1249 1387 1299 l'offieial
1410 1250 1453 1287 de
1478 1250 1515 1287 la
1542 1252 1706 1288 Morinie.

221 1440 311 1479 Viro
328 1440 530 1478 venerabili
549 1445 583 1478 et
601 1441 760 1478 discreto
785 1441 939 1478 domino
965 1441 1115 1478 officiali
1139 1441 1339 1479 Morinensi
1364 1443 1505 1481 scabini
1526 1450 1561 1481 et
1579 1445 1708 1496 burgi—

142 1540 148 1545 ·
174 1499 338 1550 magistri
366 1499 476 1536 villae
490 1499 536 1536 de
553 1499 741 1536 Dixmuda
761 1499 916 1536 salutem
935 1512 1020 1536 cum
1040 1499 1142 1536 omni
1161 1501 1363 1537 reverentia
1381 1506 1416 1538 et
1433 1501 1582 1539 honore.

221 1557 374 1595 Noverit
391 1561 509 1594 vestra
528 1557 702 1594 discretio
720 1557 823 1607 quod
842 1557 949 1593 talem
961 1586 970 1603 ,
990 1557 1097 1593 talem
1117 1562 1152 1594 et
1170 1557 1277 1594 talem
1290 1587 1299 1603 ‚
1318 1562 1391 1595 tam
1418 1560 1569 1597 clericos
1593 1575 1705 1611 quam

173 1616 317 1666 laycos,
335 1616 468 1652 latores
492 1615 762 1666 praesentium,
782 1619 926 1652 nostros
945 1615 1206 1652 constituimus
1226 1622 1481 1667 procuratores
1504 1620 1706 1668 generales.

172 1678 208 1710 et
232 1686 360 1711 eorum
378 1672 585 1724 quemlibet
603 1673 641 1710 in
660 1673 842 1719 solidum,
859 1673 908 1710 ita
927 1673 1029 1724 quod
1045 1687 1119 1710 non
1135 1674 1182 1711 sit
1197 1675 1327 1711 melior
1342 1675 1507 1713 conditio
1520 1690 1708 1728 occupan-

173 1732 219 1769 tis
236 1736 270 1769 et
289 1744 365 1768 non
384 1732 600 1782 occupantis
619 1731 780 1768 deterior
799 1731 836 1768 in
860 1732 1036 1769 omnibus
1059 1733 1179 1770 causis
1203 1733 1338 1770 nostris
1363 1734 1472 1772 motis
1497 1741 1533 1772 et
1555 1749 1708 1773 moven-

172 1790 230 1828 dis
248 1794 322 1827 tam
342 1803 410 1840 pro
429 1790 536 1833 nobis
550 1803 663 1840 quam
677 1795 804 1828 contra
821 1803 902 1836 nos,
919 1795 992 1827 tam
1012 1791 1241 1840 conjunctim
1260 1804 1373 1842 quam
1392 1792 1560 1839 divisim,
1580 1799 1704 1831 contra

172 1860 415 1899 quascunque
439 1861 614 1899 personas
640 1854 676 1885 et
702 1861 970 1899 quaecunquae
992 1862 1170 1899 personae
1202 1855 1330 1886 contra
1357 1863 1440 1896 nos,
1466 1863 1589 1887 coram
1620 1851 1705 1901 qui—

172 1905 394 1956 buscunque
403 1905 597 1955 judicibus
611 1911 878 1957 etquacunque
893 1907 1110 1943 auctoritate
1123 1912 1262 1957 agatur.
1273 1908 1410 1944 Dantes
1421 1913 1456 1944 et
1465 1908 1705 1945 concedentes

173 1965 283 2003 dictis
301 1965 605 2016 procuratoribus
624 1970 660 2002 et
680 1965 834 2002 cuilibet
854 1978 983 2002 eorum
1011 1965 1049 2002 in
1075 1966 1236 2003 solidum
1264 1966 1467 2016 plenariam
1491 1971 1704 2016 potestatem

174 2028 210 2061 et
236 2024 452 2060 mandatum
477 2024 634 2074 speciale
659 2024 792 2074 agendi
818 2038 886 2074 pro
918 2023 1042 2070 nobis,
1063 2037 1205 2074 nosque
1231 2024 1473 2068 defendendi,
1489 2024 1640 2073 jurandi
1667 2025 1703 2061 in

173 2083 316 2120 animas
342 2086 485 2120 nostras
511 2083 558 2120 de
584 2084 796 2134 calumpnia
820 2096 884 2120 seu
911 2083 957 2119 de
981 2084 1133 2120 veritate
1157 2084 1328 2128 dicenda,
1348 2083 1530 2133 ponendi,
1549 2096 1706 2134 respon-

172 2142 285 2180 dendi
312 2142 582 2192 positionibus,
601 2143 750 2193 petendi
769 2156 968 2193 expensas,
982 2143 1135 2192 jurandi
1158 2148 1194 2180 et
1221 2142 1422 2193 recipiendi
1450 2142 1611 2188 easdem,
1640 2157 1705 2192 pe-

173 2200 274 2238 tendi
293 2205 463 2251 quartam
486 2201 771 2250 productionem
794 2201 941 2238 testium
960 2206 996 2238 et
1013 2201 1102 2237 alias
1120 2214 1165 2237 ex
1189 2213 1297 2238 causa
1319 2213 1404 2237 cum
1434 2200 1706 2251 sollempnitate

169 2258 265 2308 juris
293 2259 447 2296 eandem
474 2259 785 2310 sollempnitatem
818 2260 1020 2297 faciendam
1052 2259 1271 2296 sententiam
1302 2259 1557 2304 diffinitivam,
1583 2258 1646 2307 jus
1671 2263 1706 2295 et

173 2317 495 2355 interlocutionem
522 2317 716 2364 audiendi,
743 2318 972 2368 appellandi,
1004 2318 1190 2368 apostolos
1221 2318 1390 2368 petendi,
1419 2318 1703 2368 appellationem

173 2375 440 2425 prosequendi,
455 2376 644 2414 cautiones
659 2389 727 2427 pro
742 2376 850 2414 nobis
864 2389 883 2412 a
897 2388 1125 2427 quocunque
1139 2377 1250 2414 factas
1269 2376 1445 2413 hactenus
1463 2381 1498 2413 et
1517 2375 1705 2413 faciendas

1510 2435 1555 2471 16
