2184 3074
464 314 535 351 478
1018 310 1180 347 CODEX
1205 310 1452 348 DUNENSIS.

463 431 615 466 suerunt
641 429 825 473 instructiq
851 428 916 478 qui
939 427 1179 477 postmodum
1206 427 1441 477 exigentibus
1463 440 1592 465 eorum
1619 429 1760 466 meritis
1785 431 1830 467 ad
1860 431 1999 480 majora

463 487 643 537 provecti7
670 486 848 524 beneficia
870 499 1040 535 quoqueq
1064 489 1282 535 personatus
1307 491 1342 522 et
1365 485 1562 536 dignitates
1587 487 1851 526 ecclesiasticas
1876 489 1999 540 adepti

464 550 687 591 noscuntur,
708 550 780 581 tam
800 543 837 580 in
857 543 1035 594 religione
1048 556 1160 593 quam
1180 548 1282 581 extra
1300 543 1536 594 religionem,
1556 544 1594 581 in
1614 545 1767 583 eeclesia
1784 546 1853 583 Dei
1873 548 2001 585 multi-

463 603 609 654 pliciter
625 603 819 653 profuisse.

513 663 606 698 (lum
633 661 746 711 igitur
769 660 815 697 ad
839 660 1007 697 eamdem
1031 660 1186 697 domum
1213 674 1260 698 ex
1281 660 1434 698 diversis
1452 662 1622 712 partibus
1637 676 1821 714 pauperes
1845 665 2003 708 scolams

463 720 586 756 adhuc
604 719 789 755 confluere
809 731 883 755 non
902 722 1054 763 cessent„
1074 719 1258 770 multique
1275 719 1314 756 in
1332 733 1373 756 ea
1390 725 1611 771 cooperante
1620 721 1774 759 domino
1789 722 2002 772 proficiant,

463 782 664 828 proventus
682 782 804 814 autem
822 777 942 814 dictae
958 776 1092 814 domus
1115 776 1207 814 adeo
1230 777 1305 814 sint
1322 785 1449 815 tenues
1475 783 1512 815 et
1528 779 1642 817 exiles
1659 780 1763 831 quod
1781 780 1828 818 ad
1852 785 2002 819 susten-

466 836 638 872 tationem
663 848 870 886 pauperum
897 835 1096 872 scolarium
1124 835 1176 872 ibi
1200 836 1512 874 commorantium
1543 837 1712 875 sufficere
1735 851 1812 876 non
1842 839 2003 890 possint,

463 895 632 945 religiose
658 907 723 931 vos
746 893 959 940 hortamur,
982 894 1021 931 in
1041 894 1204 932 Domino
1225 895 1452 946 requirimus
1475 900 1510 932 et
1530 909 1704 947 rogamus
1721 902 1906 948 quatenus
1930 899 2005 937 eis-

464 955 548 991 dem
571 953 879 990 monasteriorum
907 958 1115 990 vestrorum
1140 953 1193 990 illi
1220 954 1349 991 saltem
1372 954 1437 1005 qui
1463 955 1510 992 ad
1534 956 1773 994 elemosinam
1799 962 1886 995 sunt
1909 971 2005 1008 pau-

464 1026 596 1063 perum
623 1012 787 1062 deputati
811 1017 913 1062 grata
939 1012 1100 1049 caritatis
1125 1012 1292 1050 subsidia
1311 1013 1486 1064 erogetis,
1506 1015 1735 1052 attendentes
1754 1016 1875 1066 quod7
1896 1015 2005 1054 resri-

463 1075 632 1122 gescente
653 1070 690 1107 in
718 1076 837 1107 totum
856 1084 940 1120 erga
962 1084 1023 1108 eos
1043 1071 1222 1108 laicorum
1242 1071 1413 1118 caritate7
1433 1085 1580 1110 necesse
1602 1073 1740 1111 habent
1763 1074 2003 1120 clericorum,

466 1129 625 1165 maxime
639 1129 895 1179 religiosorum
912 1129 1101 1166 ardentius
1120 1130 1299 1166 beneficia
1317 1131 1515 1180 postulare.

1178 1252 1294 1262 ⁴⁴·—

1177 1397 1302 1434 CXlll.

471 1512 700 1549 ΔἰΙαηάρηιεηί
736 1513 778 1549 cle
809 1513 971 1563 l'official
999 1513 1042 1550 (Ie
1077 1514 1253 1563 Tozcrnay
1283 1514 1416 1563 relatis
1446 1527 1496 1550 au
1529 1520 1714 1551 testamen!
1748 1515 1791 1552 dc
1829 1514 2005 1552 thrwin

938 1573 992 1609 W
991 1573 1078 1618 erd,
1103 1572 1293 1623 bonrqeoa‘s
1316 1573 1360 1609 dc
1382 1574 1537 1623 BretyeS.

519 1775 696 1813 Ollicialis
720 1778 963 1814 'l'ornacensis
988 1778 1164 1815 omnihus
1190 1778 1416 1828 presbyteris
1440 1783 1475 1814 et
1499 1779 1699 1829 capellanis
1730 1793 1771 1816 ac
1793 1779 1948 1829 singulis
1968 1781 2007 1816 in

469 1835 617 1883 dyocesi
636 1835 665 1871 T
668 1836 858 1873 ornacensi
879 1837 1088 1874 constitutis
1101 1837 1147 1873 ad
1161 1850 1255 1887 quos
1270 1841 1480 1887 praesentes
1495 1837 1636 1874 litterae
1653 1838 1889 1888 pervenerint
1906 1838 2007 1875 salu-

471 1898 541 1928 tem
562 1893 599 1929 in
618 1893 781 1931 Domino
785 1924 915 1931 ......
936 1895 990 1932 Ex
1009 1899 1112 1945 parte
1129 1908 1242 1946 quam
1262 1895 1512 1945 plurimorum
1532 1894 1807 1945 fidedignorum
1829 1896 1937 1934 nobis
1954 1901 2008 1934 est

469 1950 681 1988 intimatum
697 1953 798 2003 quod
813 1966 897 1989 cum
913 1953 1137 1990 Gherwinus
1155 1953 1277 1990 dictus
1293 1954 1425 2000 Werd,
1447 1954 1656 2004 oppidanus
1671 1955 1888 2005 Bruge'nsis‚
1907 1969 2008 1992 nunc

469 2010 685 2058 defunctu&
715 2025 824 2048 sanae
850 2013 981 2049 mentis
1012 2027 1053 2049 ac
1080 2026 1232 2063 compos
1258 2013 1333 2059 sui,
1360 2017 1501 2050 certum
1529 2013 1566 2049 in
1595 2013 1762 2063 scriptis,
1786 2018 1828 2050 ut
1853 2013 2007 2060 dicitur,

470 2069 680 2106 condiderit
698 2074 956 2107 testamentum
979 2085 1043 2108 seu
1062 2085 1167 2108 suam
1187 2072 1356 2108 ultimam
1376 2072 1603 2108 voluntatem
1623 2071 1865 2118 ordinaverit,
1881 2072 1918 2108 in
1933 2085 2007 2122 qua

470 2127 622 2176 quidem
646 2128 776 2165 ultima
798 2142 863 2165 sua
890 2130 1080 2166 voluntate
1105 2143 1170 2166 seu
1191 2130 1229 2166 in
1259 2143 1335 2180 quo
1360 2133 1578 2167 testamento
1602 2130 1843 2180 quamplures
1869 2130 2009 2168 elemo-

472 2184 569 2221 sinas
587 2190 621 2221 et
639 2186 755 2236 legata
774 2187 844 2237 piis
868 2187 959 2224 locis
980 2191 1016 2224 et
1032 2188 1141 2225 certis
1158 2188 1327 2238 personis
1353 2188 1510 2225 contulit
1540 2192 1575 2224 et
1597 2188 1766 2234 donavit,
1789 2201 1831 2224 ac
1848 2188 2007 2226 conferri

471 2247 506 2278 et
523 2242 652 2279 donari
676 2245 795 2281 voluit
812 2250 846 2282 et
867 2245 1072 2296 praecepit,
1093 2259 1238 2283 necnon
1259 2246 1305 2283 de
1322 2247 1418 2283 male
1439 2247 1592 2283 extortis
1619 2247 1667 2284 ab
1695 2247 1777 2297 ipso
1794 2246 1894 2296 juste
1917 2259 2010 2284 con-

471 2301 713 2350 querentibus
729 2303 774 2339 de
792 2304 901 2340 bonis
914 2305 989 2342 suis
1008 2318 1103 2355 quae
1117 2310 1200 2355 post
1214 2319 1252 2342 se
1270 2305 1422 2356 reliquit
1435 2305 1687 2342 restitutiones
1702 2305 1781 2342 fieri
1802 2305 2008 2351 mandavit,

472 2372 514 2394 ac
539 2364 655 2396 certos
681 2366 894 2399 executores
921 2363 958 2399 in
981 2364 1081 2400 dicto
1107 2368 1323 2401 testamento
1348 2377 1412 2400 seu
1436 2364 1534 2401 dicta
1563 2364 1692 2402 ultima
1726 2364 1916 2400 voluntate
1942 2377 2009 2400 ex-

472 2431 617 2467 pressos
635 2423 670 2455 et
687 2421 895 2457 nominatos
921 2422 965 2458 ad
993 2423 1253 2472 exequendum
1280 2423 1368 2460 dicti
1390 2423 1572 2460 testatoris
1590 2423 1759 2459 ultimam
1778 2422 2007 2460 voluntatem
