2184 3074
759 256 920 294 conssx
950 241 1194 294 DUNENsis.
1675 257 1746 293 διδ

208 357 355 412 Τὴοεειη
374 375 518 426 aliquas
538 379 784 426 perceperunt
800 374 847 411 de
866 374 963 411 sacto
981 374 1142 412 decimas
1159 375 1268 412 dictis
1283 376 1418 413 abbate
1438 382 1475 414 et
1495 381 1679 414 conventu
1699 376 1746 413 de

208 430 355 471 'rhosan
375 433 635 484 ignorantibus
653 438 690 470 et
705 446 779 470 non
798 438 919 470 ratum
940 432 1164 482 habentibus
1181 440 1425 485 perceperunt
1438 435 1595 473 easdem.

257 491 356 529 Dieit
373 492 483 530 etiam
503 492 605 544 quod
624 491 824 543 praemissa
845 491 971 529 omnia
991 497 1079 530 sunt
1096 493 1239 530 notoria
1259 493 1349 544 ipsis
1364 507 1517 546 quoque
1535 495 1745 532 candensi-

137 567 142 572 ·
208 550 279 588 bus
296 555 331 588 et
351 552 502 588 fuerunt
515 564 560 588 ex
578 550 679 587 dieto
705 555 885 601 tempore,
911 555 946 587 et
969 551 1070 601 quod
1097 551 1166 602 ipsi
1192 551 1406 590 Gandenses
1433 554 1611 604 praedicti
1636 567 1744 605 prae-

208 608 311 646 dictur
332 610 458 647 omnia
483 609 539 646 vel
564 623 609 646 ex
636 609 688 646 eis
716 609 839 659 aliqua
866 614 1161 659 recognoverunt
1186 614 1222 647 et
1245 611 1577 649 confessi'sueruni
1605 612 1744 662 pluries

207 678 330 704 coram
350 667 478 718 probis
497 672 532 704 et
551 672 655 718 parte
671 667 841 712 adversa.
869 667 1006 704 eisd'em
1029 680 1070 704 ae
1094 668 1203 705 etiam
1229 681 1359 706 causae
1377 670 1580 720 praesentis
1605 670 1745 708 haben-

209 724 308 763 tibus
329 725 532 763 notionem.

255 783 378 832 Quare
395 785 487 835 petit
506 784 603 821 idem
622 789 841 835 procurator
858 785 1008 822 nomine
1023 787 1279 836 procuratorio
1294 787 1412 825 dictos
1426 787 1641 826 Gandenses
1656 802 1744 839 pro-

202 842 327 880 -hiberi
357 856 403 880 ne
431 843 500 893 ipsi
529 842 744 880 Gandenses
766 843 813 879 de
837 848 980 880 caetero
1008 848 1135 895 petant
1164 845 1211 882 ab
1240 845 1312 883 inis
1338 846 1385 883 de
1411 846 1559 884 'rhosan
1582 847 1744 884 decimas

209 913 328 952 neque
348 901 427 950 ilias
446 901 654 952 percipiant
671 898 709 938 in
730 902 898 938 futurum
921 902 968 938 de
991 903 1096 939 terris
1127 903 1324 953 praedictis
1351 905 1566 955 praedietis,
1592 910 1628 942 et
1654 906 1743 956 petit

208 959 289 996 loco
307 959 482 997 interesse
499 959 648 996 illorum
667 959 713 996 de
730 959 876 996 Thosan
896 960 998 1010 quod
1017 961 1185 998 aestimat
1202 962 1229 998 C
1249 962 1362 1000 libras
1379 962 1614 1000 Turonenses
1637 977 1745 1013 prae-

205 1017 390 1055 dictorum
413 1017 459 1055 de
477 1018 625 1055 'rhosan
645 1018 796 1054 nomine
818 1017 889 1055 sibi
910 1018 1080 1064 refundi3
1102 1025 1138 1056 et
1161 1021 1338 1070 petit‘sibi
1359 1021 1502 1058 restitui
1529 1022 1670 1058 fructus
1698 1020 1745 1058 de

206 1077 302 1114 facto
318 1081 526 1128 perceptos,
545 1077 574 1114 si
595 1076 776 1121 existunt,
794 1077 849 1113 vel
873 1077 900 1113 C
920 1090 1061 1115 mareas
1084 1092 1151 1128 pro
1173 1080 1428 1117 aestimatione
1453 1081 1618 1130 ipsorum
1642 1080 1744 1118 frue—

206 1140 330 1178 tuum,
345 1135 374 1172 si
395 1148 468 1172 non
489 1136 659 1172 existant.
676 1136 770 1174 Petit
789 1135 898 1172 etiam
917 1149 1096 1187 expensas
1116 1138 1226 1175 factas
1245 1143 1281 1174 et
1301 1138 1486 1175 faciendas
1506 1138 1542 1175 in
1563 1139 1626 1175 lite
1644 1145 1679 1175 et
1697 1139 1742 1175 ad

205 1193 390 1243 praedicta
417 1193 543 1230 omnia
567 1193 660 1246 petit
681 1193 800 1231 dictos
826 1193 1040 1232 Gandenses
1073 1209 1139 1245 per
1164 1200 1323 1233 vestram
1353 1196 1498 1233 domini
1529 1197 1742 1234 arbitralem

203 1252 422 1289 sententiam
439 1252 510 1290 sibi
527 1252 718 1303 praedicto
737 1253 888 1289 nomine
905 1249 1184 1304 condempnari.

254 1310 352 1347 Haec
367 1310 458 1347 dicit
474 1301 510 1347 et
527 1311 619 1361 petit
637 1310 746 1348 edicti
766 1311 934 1362 perpetui
956 1311 1137 1349 beneficio
1157 1313 1192 1350 in
1217 1313 1394 1350 omnibus
1418 1314 1487 1351 sibi
1511 1314 1630 1357 salvo,
1652 1328 1739 1365 pro-

206 1372 340 1406 testans
362 1368 433 1406 sibi
454 1369 573 1406 valere
595 1382 691 1420 quae
713 1370 872 1420 probare
890 1371 1026 1421 poterit
1043 1371 1090 1408 de
1112 1372 1333 1422 praemissis.

934 1495 1001 1504 ..σο-

893 1639 1046 1676 CXCiX.

209 1754 440 1792 Maudement
462 1755 512 1791 du
533 1757 661 1805 pre'vdt
684 1757 728 1794 de
751 1757 1095 1808 Sai›2te-Walbm·9e
1119 1760 1141 1794 ιὶ
1165 1759 1328 1803 Fames,
1352 1771 1401 1794 αιι
1428 1759 1524 1808 sajet
1546 1758 1606 1794 dex
1631 1763 1742 1793 terres

403 1813 446 1850 de
464 1813 625 1864 l'abbaye
641 1814 684 1851 de
709 1814 854 1853 Thosan
872 1817 894 1852 ἀ
913 1816 1128 1854 l’ulsebroec
1142 1818 1229 1866 prb-s
1247 1815 1543 1866 d'Ai·denbourq.

256 2009 298 2046 G.
319 2009 366 2046 de
382 2011 470 2047 Arm
492 2040 632 2047 ......
654 2011 885 2061 praepositus
905 2012 1060 2048 Sanctae
1081 2041 1231 2048 ......
1253 2012 1455 2049 Fui-nensis
1479 2017 1514 2048 et
1539 2011 1740 2048 canonicus

206 2068 498 2114 Cameracensis,
531 2072 784 2114 conservator,
811 2075 987 2107 executor
1012 2083 1075 2106 seu
1098 2070 1214 2120 judex
1233 2071 1409 2107 abbatum
1430 2076 1466 2107 et
1486 2072 1639 2107 fratrum
1659 2069 1741 2106 Cis-

207 2126 395 2164 tereiensis
417 2127 578 2174 ordinis,
601 2141 620 2164 a
641 2128 734 2165 Sede
753 2129 963 2179 Apostoiiea
981 2129 1196 2179 deputatus,
1219 2142 1331 2179 super
1348 2142 1476 2166 eorum
1497 2127 1701 2179 privilegiis
1720 2142 1738 2163 a

206 2184 299 2222 Sede
324 2185 511 2235 praedicta
542 2187 743 2232 concessis5
775 2187 914 2224 eisdem
943 2187 1131 2224 universis
1161 2187 1374 2237 presbiteris
1404 2191 1440 2223 et
1471 2187 1670 2237 capellanis
1703 2186 1739 2222 in

205 2243 428 2281 Tornacensi
447 2244 596 2293 dyocesi
617 2245 826 2282 constitutis
845 2245 889 2282 ad
909 2258 1004 2296 quos
1022 2250 1231 2295 praesentes
1255 2246 1396 2282 litterae
1422 2245 1657 2296 pervenerint
1675 2258 1741 2281 ex—

205 2302 413 2353 equendae,
433 2303 588 2340 salutem
609 2303 645 2340 in
666 2304 839 2340 Domino.

253 2361 438 2409 Quoniam
458 2366 635 2413 tanquam
662 2363 848 2400 notorium
866 2363 963 2414 juris
982 2364 1169 2411 canoniei7
1190 2377 1342 2415 quoque
1362 2364 1505 2401 notoria
1528 2365 1679 2401 notione
1698 2377 1738 2399 a(-

1521 2470 1525 2476 ·
1544 2423 1592 2460 40
