2184 3074
466 350 539 387 544
949 370 953 375 »
1017 331 1179 398 οοῡΕΧ
1205 343 1452 382 DUNENsls

468 465 609 501 illibata
628 462 763 500 servari
783 465 818 498 et
835 461 1043 498 animarum
1063 458 1246 510 profectui
1265 459 1462 509 providere
1479 472 1525 495 ne
1542 459 1581 496 id
1603 459 1648 496 de
1673 464 1816 497 caetero
1833 461 1897 498 fiat
1913 462 1999 498 abs-

469 536 541 573 que
559 521 708 572 speciali
729 519 904 557 mandato
924 518 1134 569 praedictae
1151 517 1256 554 Sedis
1276 517 1431 554 faciente
1453 517 1600 568 plenam
1628 518 1674 555 de
1696 519 1842 556 statutis
1863 519 2002 556 confir-

469 580 576 616 matis
599 584 634 615 et
658 578 883 615 inhibitione
904 576 1119 626 hujusmodi
1143 576 1386 622 mentionem,
1407 576 1624 613 auctoritate
1649 577 1900 627 praesentium
1925 577 2004 615 dis-

470 638 614 680 trictius
633 636 857 673 inhibemus.
878 635 978 673 Nulli
999 647 1103 685 ergo,
1122 633 1324 679 etc.,‘hanc
1342 634 1515 685 paginam
1538 638 1684 672 nostrae
1711 635 2004 674 confirmationis

471 709 513 733 ac
531 695 767 732 inhibitionis
787 694 1005 744 infringere,
1025 698 1092 730 etc.

520 755 657 791 Datum
677 753 851 803 Lugduni
871 766 919 789 xn
940 752 1116 788 kalendas
1131 751 1293 801 januarii
1314 751 1551 802 pontificatus
1570 752 1684 789 nostri
1705 765 1803 789 anno
1823 753 1941 790 tertio.

1184 875 1305 885 -ο-ου-

1118 1018 1366 1056 CCCLXXIX.

476 1140 526 1176 Le
547 1139 676 1188 pre'vdt
696 1137 740 1174 de
765 1136 1119 1187 Sainte-Walburqe
1148 1137 1171 1172 ἀ
1193 1136 1338 1173 Furnos
1359 1137 1532 1186 invoque,
1554 1136 1722 1174 danaim
1743 1139 1870 1186 proces
1890 1144 2012 1175 contre

546 1196 717 1234 l'abbe'de
736 1196 997 1234 Sainl-Pierre
1015 1196 1058 1233 de
1078 1195 1205 1240 Gand,
1226 1195 1276 1232 les
1291 1195 1488 1246 privile'yes
1506 1195 1549 1232 de
1567 1195 1701 1233 l’ordre
1717 1195 1761 1233 de
1780 1197 1944 1234 Citeaux.

529 1395 573 1431 W
581 1423 787 1439 .........
811 1393 1044 1444 praepositus
1062 1393 1216 1431 Sanctae
1230 1394 1449 1444 Walburgis
1463 1394 1666 1432 Furnensis
1685 1398 1720 1430 et
1736 1393 1879 1430 domini
1898 1391 2013 1444 patris

478 1453 656 1503 capellani
677 1457 914 1489 conservator
931 1452 1007 1489 sive
1026 1456 1202 1489 executor
1219 1466 1331 1503 super
1343 1453 1547 1503 privilegiis
1561 1466 1603 1489 ac
1616 1452 1875 1503 indulgentiis,
1888 1451 2012 1489 abbati

479 1517 515 1549 et
532 1511 730 1549 conventui
751 1511 1019 1547 monachorum
1034 1511 1080 1548 de
1094 1511 1230 1558 Dunis,
1245 1511 1497 1548 Cisterciensis
1512 1510 1671 1557 ordinis,
1686 1510 1904 1547 Morinensis
1919 1509 2015 1559 dyo-

479 1571 584 1615 cesis,
604 1574 731 1607 contra
752 1570 988 1619 injuriatores
1007 1583 1027 1607 a
1047 1571 1141 1607 Sede
1160 1571 1371 1621 Apostolica
1388 1570 1527 1607 eisdem
1550 1570 1708 1606 indultis
1730 1569 1948 1620 presbytero
1970 1568 2016 1604 de

482 1658 690 1675 .........
708 1629 863 1665 salutem
883 1628 922 1664 in
940 1628 1116 1665 Domino.

532 1689 585 1725 Ex
605 1692 708 1738 parte
730 1687 916 1724 dictorum
941 1688 1087 1725 abbatis
1111 1691 1147 1724 et
1173 1693 1378 1725 conventus
1407 1687 1516 1724 nobis
1546 1691 1601 1724 est
1621 1687 1833 1724 intimatum
1858 1685 2018 1736 graviter

481 1745 744 1797 conquerendo
763 1745 866 1796 quod
890 1746 974 1782 licet
996 1759 1015 1782 a
1035 1746 1128 1784 Sede
1146 1746 1358 1796 Apostolica
1382 1745 1521 1783 eisdem
1545 1745 1593 1782 sit
1617 1745 1805 1782 indultum
1831 1748 1868 1781 et
1892 1738 2016 1781 ordini

481 1805 698 1843 eorumdem
717 1805 818 1854 quod
835 1804 971 1853 passim
991 1808 1026 1841 et
1043 1804 1296 1842 indifferenter
1314 1817 1389 1841 non
1410 1804 1569 1855 possint,
1589 1817 1656 1841 nec
1670 1803 1829 1840 debeant
1841 1816 1908 1854 per
1921 1803 2018 1840 litte-

482 1877 539 1901 ras
567 1863 784 1914 apostolicas
812 1863 1022 1906 conveniri,
1050 1863 1137 1900 licet
1161 1863 1271 1900 etiam
1295 1864 1337 1900 in
1365 1863 1503 1900 eisdem
1530 1863 1661 1900 litteris
1687 1863 1732 1899 de
1757 1862 1857 1899 dicto
1886 1862 2018 1899 ordine

482 1923 621 1960 mentio
652 1921 842 1968 habeatur,
870 1922 940 1959 nisi
967 1922 1013 1959 de
1041 1923 1187 1960 indulto
1216 1923 1288 1959 alio
1317 1922 1456 1960 eisdem
1488 1923 1535 1959 ab
1565 1922 1692 1959 eadem
1722 1921 1817 1958 Sede
1845 1933 2019 1958 concesso

483 1981 699 2032 specialiter,
719 1980 762 2016 in
775 1993 852 2030 quo
871 1980 979 2017 etiam
999 1981 1041 2017 fit
1059 1981 1198 2018 mentio
1218 1981 1264 2018 de
1282 1981 1464 2032 exemptis
1482 1986 1518 2018 et
1535 1993 1611 2018 non
1634 1979 1833 2030 exemptis,
1851 1979 1962 2029 plena
1984 1982 2020 2015 et

482 2052 654 2090 expressa
673 2038 811 2075 mentio
830 2038 1001 2075 similiter
1019 2039 1210 2086 habeatur,
1230 2039 1391 2077 decanus
1414 2044 1450 2077 et
1471 2045 1600 2076 cantor
1621 2038 1794 2076 ecclesiae
1819 2037 2020 2084 lnsulensis

482 2099 619 2136 virtute
649 2097 895 2148 quarumdam
927 2098 1132 2135 litterarum
1165 2099 1355 2149 papalium
1385 2099 1456 2136 sibi
1488 2111 1557 2149 pro
1587 2097 1740 2135 ecclesia
1770 2096 1893 2134 Sancti
1922 2095 2019 2133 Petri

484 2156 711 2202 Gandensis,
738 2159 780 2192 ut
806 2156 955 2202 dicitur,
983 2156 1221 2203 directarum,
1250 2157 1434 2207 praefatos
1460 2157 1632 2194 abbatem
1662 2160 1698 2193 et
1722 2159 1948 2192 conventum
1974 2154 2020 2190 de

483 2215 602 2252 Dunis
615 2244 623 2260 ,
642 2214 856 2264 usurpando
874 2215 945 2251 sibi
965 2215 1283 2264 jurisdictionem,
1304 2216 1351 2252 ad
1374 2215 1588 2253 instantiam
1611 2214 1820 2265 praedictae
1847 2212 2020 2250 ecclesiae

483 2274 605 2312 Sancti
627 2273 724 2309 Petri
744 2273 951 2311 Gandensis
965 2286 1088 2311 coram
1104 2287 1142 2311 se
1155 2275 1267 2311 citare
1282 2278 1541 2325 praesumunt,
1557 2273 1722 2310 indebite
1737 2277 1773 2310 et
1786 2273 1911 2309 minus
1921 2271 2020 2322 juste

483 2333 629 2369 eosdem
649 2332 837 2382 fatigando
847 2362 855 2377 7
871 2335 1038 2383 quamvis
1053 2335 1238 2385 praefatae
1252 2334 1393 2371 litterae
1407 2335 1556 2385 papales
1570 2334 1615 2370 ad
1631 2346 1693 2370 eos
1706 2345 1775 2384 pro
1789 2332 1887 2369 dicta
1901 2331 2018 2368 eccle-

484 2391 535 2427 sia
553 2390 675 2428 Sancti
695 2390 792 2426 Petri
813 2391 1016 2428 destinatae
1035 2405 1102 2429 nec
1120 2393 1284 2443 plenam,
1309 2406 1377 2430 nec
1400 2406 1628 2444 expressam,
1654 2405 1722 2429 nec
1750 2394 2016 2442 competentem

468 2449 529 2484 *de
547 2447 647 2484 dicto
673 2448 875 2498 apostolico
901 2449 1047 2501 indulto
1071 2451 1160 2501 ipsis
1182 2451 1306 2488 abbati
1334 2456 1369 2488 et
1396 2451 1596 2489 conventui
1623 2451 1669 2488 de
1696 2449 1817 2487 Dunis
1844 2461 2018 2486 concesso

2171 3071 2173 3074 .
2166 3054 2170 3057 >
2168 2990 2175 2997 ι·

2178 2680 2184 3074 Μη-ᾖμ-ΜΕᾼΑῌ--.ψψ
2180 2660 2184 2667 ,,
2177 2595 2184 2606 2:
2178 2574 2184 2585 Α.
2180 2550 2184 2553 ,
2177 2495 2184 2539 .»..Α,»
2182 2480 2184 2482 .
2177 2443 2184 2460 [η
2180 2412 2184 2432 ,..
2176 2380 2184 2399 Λ
2183 2365 2184 2368 Α
