2184 3074
769 302 930 341 CODEX
958 303 1197 342 DUNENSlS.
1672 305 1743 342 449

214 431 289 456 non
306 419 427 456 solum
445 419 590 456 abicere
607 420 800 466 studeatis,
818 420 882 457 sed
905 433 973 458 nec
991 420 1080 471 ipsis
1097 421 1249 472 quidem
1270 422 1308 458 in
1327 422 1549 460 victualibus
1570 435 1634 460 seu
1655 422 1743 473 qui-

212 476 433 527 buscunque
446 477 557 514 rebus
569 477 850 528 aliis7quamdiu
868 478 906 515 i'n
924 483 1024 516 tanto
1038 492 1160 516 errore
1174 480 1410 531 perstiterint,
1417 481 1619 532 quiequam
1634 481 1743 518 bene-

213 533 305 581 ficii,
323 534 468 572 consilii
487 535 543 572 vel
562 535 690 572 auxilii
706 549 772 586 per
786 540 926 574 vestros
945 537 1126 584 subditos,
1140 542 1375 590 caeterosque
1390 539 1586 577 familiares
1602 544 1740 576 vestros

211 605 455 644 quoscunque
472 593 883 646 fieri‚quarumcunque
898 596 1054 647 allegato
1069 597 1272 635 litterarum
1289 602 1414 635 tenore
1433 599 1688 636 fraudulenter
1705 602 1741 635 et

213 650 365 701 vulpine
382 650 534 688 forsitan
552 664 572 688 a
590 664 817 703 quocunque
837 653 1115 705 impetratarum
1130 656 1185 692 vel
1201 661 1343 693 ostensa
1365 657 1521 702 licentia,
1537 657 1741 708 quomodo-

213 707 304 745 libet
326 708 558 759 permittatis
579 709 741 749 Scientes
767 725 832 749 vos
858 713 1009 751 abbates
1033 714 1062 751 si
1091 714 1178 752 huic
1204 720 1349 753 nostrae
1362 716 1605 763 ordinationi,
1626 717 1740 753 immo

211 766 335 817 potius
358 768 538 818 generalis
555 769 706 820 capituli
720 771 973 809 constitutioni
993 786 1091 810 anno
1110 774 1261 811 Domini
1282 775 1332 812 Mo
1344 775 1446 812 CCC⁰
1460 775 1523 813 Vl⁰
1540 789 1651 826 super
1669 775 1739 812 hoc

213 825 422 876 specialiter
437 826 568 874 editae,
585 829 900 877 contravmeritis,
915 831 1056 882 absque
1073 832 1196 883 aliqua
1210 833 1506 871 dissimulatione
1519 847 1585 885 per
1597 834 1738 871 dictum

210 884 413 935 capitulum
427 885 667 937 deponendos
681 891 717 925 et
729 889 818 926 alias
837 903 1080 942 quascunque
1096 905 1270 942 personas
1284 892 1426 930 ordinis
1445 892 1556 942 hujus
1571 892 1734 930 mandati

210 945 529 996 praevaricatrices
547 948 921 986 excommunicationi
941 950 1175 988 subiciendas
1193 957 1229 989 et
1246 952 1511 991 nichilominus
1526 966 1638 1004 super
1651 952 1735 990 ino·

211 1002 396 1040 bedientia
416 1005 577 1054 graviter
598 1006 818 1056 puniendas.

925 1104 1038 1115 ..οὑ-

895 1236 1059 1274 CCCVll.

255 1348 427 1399 Philippa
444 1350 476 1387 le
489 1350 556 1388 Bel
572 1364 734 1390 annom-e
760 1365 826 1390 son
844 1353 1053 1391 avenement
1070 1367 1119 1390 au
1137 1355 1240 1390 ινόνιε
1263 1359 1296 1390 et
1309 1354 1463 1391 re'ctame
1481 1354 1529 1391 les
1546 1356 1687 1404 prieres

749 1411 793 1449 de
815 1411 953 1449 l’ordre
970 1412 1015 1449 de
1032 1413 1195 1450 Cileaux.

256 1591 467 1643 Philippus,
494 1593 561 1630 Dei
587 1594 703 1644 gratia
734 1594 962 1633 Francorum
990 1609 1071 1640 rex,
1097 1597 1279 1647 religiosis
1305 1597 1395 1632 viris
1428 1596 1572 1633 dilectis
1599 1595 1733 1633 nostris

203 1649 401 1687 abbatibus
417 1654 454 1687 et
471 1651 536 1691 toti
550 1652 712 1701 capitulo
729 1653 890 1703 generali
909 1653 1140 1691 Cisterciensi
1162 1659 1401 1705 congregato,
1423 1655 1578 1691 salutem
1597 1658 1633 1690 et
1655 1653 1734 1690 sin-

205 1720 308 1744 cerae
328 1707 536 1746 dilectionis
554 1709 737 1748 affectum.

254 1765 492 1804 Attendentes
507 1767 609 1818 quod
629 1767 675 1804 ad
690 1769 915 1819 populorum
935 1770 1043 1807 nobis
1061 1770 1298 1807 subditorum
1318 1771 1481 1822 regimen
1502 1775 1731 1821 oportunum

204 1827 328 1860 nostra
340 1824 509 1862 sufficere
526 1838 601 1862 non
615 1830 735 1876 potest
747 1827 943 1876 fragilitas,
965 1827 1035 1864 nisi
1053 1828 1161 1866 nobis
1180 1842 1200 1865 a
1221 1841 1368 1865 summo
1387 1828 1514 1866 datore
1531 1829 1733 1879 sapientiae

203 1880 268 1931 qui
286 1880 349 1918 dat
364 1882 519 1920 salutem
538 1884 685 1934 regibus
713 1889 750 1922 et
772 1885 1033 1922 universorum
1060 1886 1154 1923 facta
1183 1886 1420 1924 considerans
1438 1887 1585 1936 attingit
1610 1900 1629 1923 a
1657 1887 1731 1923 fine

205 1951 323 1990 usque
339 1939 386 1977 ad
404 1940 516 1978 finem
534 1947 570 1979 et
582 1942 725 1981 fortiter
738 1948 774 1980 et
789 1943 951 1981 suaviter
971 1945 1139 1981 universa
1157 1944 1339 1995 disponit,
1357 1945 1463 1982 nobis
1479 1945 1516 1982 in
1537 1945 1604 1981 hac
1622 1950 1725 1995 parte

204 1997 320 2046 gratia
335 1998 594 2046 concordatur,
610 2000 656 2037 ad
675 2000 776 2051 quod
795 2001 1010 2039 devotarum
1026 2003 1160 2040 Christi
1181 2003 1346 2040 fidelium
1373 2008 1408 2040 et
1425 2003 1622 2054 praecipue
1641 2002 1727 2039 reli-

200 2054 389 2105 giosorum
408 2055 479 2106 piis
493 2057 724 2096 orationibus
742 2058 864 2109 ipsum
886 2073 1076 2110 speramus
1102 2061 1248 2098 dulcius
1273 2061 1461 2107 inclinari,
1481 2060 1727 2098 venerabilem

204 2116 349 2149 coetum
367 2118 529 2151 vestrum
542 2115 766 2166 requirimus
780 2122 816 2154 et
828 2117 1024 2155 affectuose
1043 2131 1214 2169 rogamus
1228 2123 1410 2169 quatenus
1424 2123 1540 2156 vestra
1553 2123 1589 2156 et
1601 2117 1726 2156 subdi-

206 2175 328 2209 torum
350 2177 556 2211 vestrorum
586 2175 843 2226 religiosorum
871 2177 1024 2214 fratrum
1052 2177 1184 2214 devota
1213 2177 1386 2228 suffragia
1412 2177 1512 2228 apud
1536 2189 1724 2214 summum

204 2233 345 2279 patrem
361 2229 547 2268 luminum
574 2232 682 2270 nobis
697 2233 906 2285 benigniter
918 2235 1145 2282 concedatis,
1160 2239 1200 2272 ut
1217 2235 1324 2273 nobis
1343 2235 1395 2273 sic
1410 2235 1579 2273 subditos
1595 2235 1726 2286 guber-

205 2300 293 2326 nare
318 2289 496 2327 concedat
519 2290 622 2340 quod
648 2296 732 2342 post
758 2293 958 2344 temporale
984 2293 1148 2345 regimen
1175 2293 1222 2331 ad
1251 2307 1408 2345 regnum
1440 2307 1506 2331 nos
1535 2294 1730 2331 transferat

205 2346 488 2397 sempiternum,
519 2362 750 2402 regnumque
777 2356 943 2390 nostrum
969 2353 1131 2390 stabiliat
1155 2358 1191 2391 et
1214 2353 1252 2390 in
1273 2353 1438 2403 jocunda
1460 2352 1726 2404 tranquillitate

209 2409 409 2443 conservet.

934 2446 1017 2453 ›ffl—

1543 2471 1589 2509 57
