2184 3074
502 357 574 394 5⁴28
1046 354 1213 392 CODEX
1238 355 1484 393 DUNENSIS.

498 472 583 522 jura
602 477 636 510 et
654 473 831 518 actiones,
860 471 1005 522 ipsique
1031 475 1243 507 executores
1261 471 1339 519 ejus
1365 470 1484 508 dictae
1506 472 1715 509 executioni
1738 473 1776 509 in
1799 486 1838 510 se
1859 485 2031 524 suscepe-

503 531 591 576 rint,
624 535 659 566 et
686 529 758 567 hiis
783 529 887 566 factis
918 529 1039 566 dictus
1077 533 1228 565 testator
1258 528 1472 575 decesserit3
1504 529 1750 567 nihilominus
1789 534 1910 568 tamen
1941 531 2032 580 Ely-

502 588 653 634 zabeth,
671 589 796 624 relicta
820 587 909 624 dicti
927 587 1116 637 quondam
1137 586 1323 623 Michaelis
1351 588 1552 634 testatoris,
1578 588 1702 626 minus
1723 588 1823 638 juste
1848 593 1884 626 et
1905 592 2031 626 contra

501 647 685 683 dictorum
704 650 942 683 executorum
962 646 1201 692 voluntatem,
1220 645 1318 683 bona
1335 646 1522 696 praedicta
1540 647 1587 684 ad
1604 647 1756 684 dictum*
1772 651 2030 686 testamentum

502 704 703 755 spectantia
729 704 799 742 sibi
824 704 973 741 attraxit
994 709 1030 741 et
1057 705 1269 755 occupavit,
1301 718 1419 756 eaque
1442 706 1602 743 detinuit
1628 711 1664 743 et
1686 706 1810 744 adhuc
1830 707 1971 744 detinet
1997 711 2033 745 et

501 763 680 813 possidet,
699 776 761 800 seu
783 763 869 799 dolo
888 763 995 800 desiit
1019 763 1200 809 detinere,
1225 763 1455 814 impeditque
1487 769 1522 801 et
1543 764 1736 814 perturbat
1756 765 1875 802 dictos
1897 778 2034 803 execu-

502 825 597 857 tores
613 825 648 857 et
666 821 752 857 facit
770 820 973 871 quominus
993 825 1205 858 executores
1223 821 1312 858 dicti
1330 821 1447 872 parati
1467 821 1514 858 ad
1533 822 1788 859 executionem
1806 822 2032 874 praedictam

501 879 712 929 procedere,
725 892 841 930 eaque
854 879 1067 930 adimplere,
1083 879 1180 916 bona
1194 884 1230 917 et
1242 879 1379 917 credita
1395 880 1582 931 praedicta
1596 881 1886 931 apprehendere,
1903 894 2033 932 capere

501 942 536 973 et
553 936 703 983 habere,
726 937 771 973 dc
790 937 841 974 eis
858 937 1073 988 disponere,
1098 951 1214 988 eaque
1233 938 1271 974 in
1290 939 1545 975 executionem
1563 939 1790 989 praedictam
1819 940 2032 977 convertere

501 995 644 1045 possint
669 995 873 1032 secundum
895 995 1123 1032 voluntatem
1150 996 1351 1042 testatoris,
1372 997 1471 1047 ipsos
1489 1001 1703 1034 executores
1725 996 1822 1034 circa
1844 997 2035 1037 executio-

502 1067 586 1090 nem
604 1053 829 1103 praedictam
844 1054 1003 1103 graviter
1020 1054 1267 1104 opprimendo
1287 1059 1323 1091 et
1341 1054 1529 1105 fatigando
1549 1055 1587 1091 in
1606 1054 1870 1092 detrimentum
1889 1055 2034 1092 animae

502 1125 590 1148 suae
607 1116 641 1148 et
654 1111 868 1148 scandalum
889 1111 1154 1161 plurimorum,
1174 1112 1263 1149 dicti
1283 1113 1488 1149 testamenti
1507 1112 1771 1150 detrimentum
1791 1117 1827 1150 et
1847 1113 2034 1151 dictorum

502 1174 741 1207 executorum
767 1169 973 1220 dampnum
1004 1173 1039 1206 et
1065 1183 1281 1220 gravamen,
1308 1170 1408 1207 dicto
1435 1174 1652 1207 testamento
1683 1183 1721 1208 se
1752 1170 1977 1227 opponendo
2002 1175 2038 1208 et

502 1229 625 1280 ipsum
644 1229 836 1265 annullare
855 1228 1093 1265 intendendo.
1106 1228 1222 1276 Unde,
1240 1242 1337 1275 cum,
1354 1229 1568 1278 hujusmodi
1589 1233 1805 1266 testamento
1822 1233 1858 1266 et
1875 1218 1974 1267 bona
1989 1229 2036 1267 ad

501 1301 542 1324 ea
569 1287 769 1338 spectantia
801 1287 838 1323 in
869 1287 1018 1337 dyocesi
1049 1288 1272 1325 Tornacensi
1284 1288 1476 1339 ,quaestio
1506 1292 1542 1324 et
1572 1288 1711 1325 decisio
1742 1288 1958 1325 eorumdem
1989 1288 2036 1325 ad

503 1347 624 1383 forum
652 1350 820 1383 nostrum
849 1346 1134 1383 ecclesiasticum
1161 1350 1570 1396 spectare-noscantur,
1596 1350 1632 1383 et
1658 1359 1725 1396 per
1753 1359 1820 1383 nos
1846 1345 2036 1397 provideri

503 1405 635 1441 debeat
659 1410 701 1441 ut
726 1405 898 1442 universa
927 1405 1132 1442 secundum
1158 1405 1386 1442 voluntatem
1414 1405 1675 1442 defunctorum
1702 1409 1799 1442 recte
1819 1405 1928 1451 fiant,
1950 1417 2034 1442 cum

503 1464 618 1501 nichil
635 1464 750 1514 magis
769 1464 946 1501 debeatur
961 1464 1177 1501 hominibus
1196 1477 1308 1514 quam
1328 1464 1431 1515 quod
1450 1477 1579 1501 eorum
1598 1464 1751 1500 ultimae
1767 1463 1968 1500 voluntatis
1985 1462 2037 1502 eis

503 1522 597 1558 liber
616 1522 663 1559 sit
681 1522 802 1567 stilus,
822 1522 987 1572 dictique
1005 1526 1217 1559 executores
1235 1523 1352 1572 parati
1371 1522 1498 1559 sint‘et
1516 1526 1662 1572 paratos
1684 1535 1722 1558 se
1740 1521 1895 1558 offerant
1912 1534 2035 1558 coram

503 1580 611 1616 nobis
637 1584 732 1616 stare
750 1580 826 1629 juri
849 1580 1024 1617 adversus
1048 1593 1176 1618 omnes
1198 1580 1244 1617 de
1265 1580 1354 1631 ipsis
1381 1584 1668 1630 conquerentes,
1691 1583 1728 1616 et
1750 1591 1818 1616 nos
1836 1578 1954 1629 parati
1972 1591 2037 1616 su-

503 1652 585 1675 mus
612 1639 787 1675 omnibus
802 1639 848 1675 de
873 1639 962 1689 ipsis
984 1639 1299 1690 conquerentibus
1317 1639 1482 1689 justitiae
1500 1638 1771 1689 plenitudinem
1790 1637 1983 1683 exhibere,
2001 1641 2038 1674 et

503 1697 703 1747 praemissa
723 1697 866 1733 notoria
885 1697 959 1734 sint
977 1702 1012 1734 et
1030 1697 1237 1743 manifesta,
1255 1701 1298 1733 ut
1314 1697 1452 1734 dicitur
1469 1693 1483 1733 ε’
1502 1696 1609 1734 vobis
1633 1696 1810 1733 omnibus
1828 1699 1863 1732 et
1881 1693 2046 1746 singulis

504 1755 542 1792 in
560 1755 696 1792 virtute
713 1761 859 1792 sanctae
876 1756 1107 1793 obedientiae
1125 1761 1161 1793 et
1177 1756 1248 1793 sub
1267 1769 1385 1806 poena
1403 1756 1581 1792 canonica
1604 1755 1759 1792 firmiter
1775 1753 2036 1805 praecipiendo

504 1814 723 1851 mandamus
741 1815 944 1865 quominus
958 1815 1183 1865 praedictam
1201 1814 1364 1852 relictam
1384 1814 1582 1865 diligenter
1594 1813 1776 1851 moneatis
1789 1825 1913 1850 coram
1933 1812 2036 1850 testi-

503 1872 629 1908 monio
655 1874 877 1923 competenti
905 1879 947 1910 ut
973 1874 1126 1911 indilate
1153 1878 1238 1925 post
1259 1873 1503 1911 monitionem
1529 1873 1601 1910 sibi
1628 1874 1760 1910 factam
1787 1885 1807 1908 a
1825 1870 2036 1922 praemissis

502 1934 610 1970 bonis
629 1934 675 1970 ab
694 1947 735 1970 ea
759 1936 947 1985 occupatis
965 1940 1001 1972 et
1017 1936 1193 1983 detentis,
1212 1940 1249 1973 et
1265 1935 1518 1986 possessione,
1537 1934 1820 1985 impedimento,
1838 1932 2035 1984 perturba·-

503 1992 616 2038 tione,
635 1993 890 2043 oppressione,
910 1994 1140 2045 fatigatione,
1160 1994 1413 2045 oppositione,
1426 1994 1530 2040 visu,
1550 2006 1755 2044 eorumque
1774 1991 2036 2043 procuratione

501 2054 616 2087 cesset
632 2055 668 2087 et
682 2051 830 2101 penitus
849 2052 1014 2099 desistat,
1033 2053 1206 2104 dictaque
1223 2054 1321 2090 bona
1343 2053 1451 2090 dictis
1472 2051 1732 2090 executoribus
1750 2050 1871 2088 tradat
1887 2053 1924 2086 et
1940 2049 2036 2086 deli-

503 2108 622 2154 beret,
642 2109 815 2159 ipsosque
832 2110 959 2147 eadem
979 2124 1127 2162 capere,
1146 2111 1354 2162 percipere,
1373 2110 1526 2157 habere,
1549 2109 1596 2147 de
1618 2109 1670 2147 eis
1686 2109 1901 2159 disponere,
1919 2119 2037 2158 eaque

502 2166 538 2202 in
570 2167 823 2204 executionem
855 2169 1080 2219 praedictam
1110 2174 1323 2207 convertere
1353 2169 1558 2207 secundum
1589 2168 1818 2205 voluntatem
1853 2165 2037 2204 testatoris

502 2225 689 2274 permittat
706 2226 858 2275 pacifice
876 2231 911 2264 et
929 2228 1053 2277 quiete
1075 2228 1154 2265 sine
1178 2232 1286 2265 custu
1308 2232 1344 2265 et
1370 2228 1535 2278 dampno
1559 2225 1793 2270 eorumdem,
1823 2224 2035 2275 ipsamque,

501 2283 530 2319 si
551 2296 696 2320 necesse
717 2285 778 2331 sit,
803 2286 848 2321 ad
872 2286 910 2322 id
937 2287 1121 2337 agendum
1146 2301 1213 2338 per
1235 2300 1429 2325 censuram
1451 2285 1734 2323 ecclesiasticam
1757 2283 1915 2320 firmiter
1930 2293 2034 2332 com-

500 2341 659 2390 pellatis,
688 2342 757 2379 nisi
777 2356 925 2380 causam
948 2357 1072 2382 coram
1097 2345 1204 2382 vobis
1226 2345 1476 2396 praetenderit
1499 2343 1684 2381 efficacem
1708 2354 1824 2394 quare
1854 2340 1892 2377 id
1915 2340 2034 2376 facere

503 2411 577 2435 non
609 2403 784 2437 teneatur.
817 2401 897 2449 Qua
926 2403 1108 2452 praesenti
1141 2403 1260 2441 citetis
1291 2403 1409 2454 ipsam
1440 2401 1688 2454 peremptorie
1721 2400 1752 2438 T
1753 2398 1879 2437 ornaci
1908 2410 2032 2434 coram

503 2457 610 2494 nobis
635 2458 681 2495 ad
701 2460 829 2497 feriam
856 2461 1026 2511 quintam
1057 2467 1141 2512 post
1159 2463 1447 2500 Conversionem
1477 2461 1601 2500 Sancti
1625 2459 1730 2498 Pauli
1757 2461 1883 2496 contra
1915 2456 2032 2494 dictos
