<?xml version="1.0" encoding="UTF-8"?>
<!DOCTYPE html PUBLIC "-//W3C//DTD XHTML 1.0 Transitional//EN"
    "http://www.w3.org/TR/xhtml1/DTD/xhtml1-transitional.dtd">
<html xmlns="http://www.w3.org/1999/xhtml" xml:lang="en" lang="en">
 <head>
  <title>
</title>
<meta http-equiv="Content-Type" content="text/html;charset=utf-8" />
  <meta name='ocr-system' content='tesseract 3.04.00' />
  <meta name='ocr-capabilities' content='ocr_page ocr_carea ocr_par ocr_line ocrx_word'/>
</head>
<body>
  <div class='ocr_page' id='page_1' title='image "./codexdunensissiv00kervuoft/codexdunensissiv00kervuoft_0502.png"; bbox 0 0 2184 3074; ppageno 0'>
   <div class='ocr_carea' id='block_1_1' title="bbox 459 319 1441 367">
    <p class='ocr_par' dir='ltr' id='par_1_1' title="bbox 459 319 1441 367">
     <span class='ocr_line' id='line_1_1' title="bbox 459 319 1441 367; baseline -0.011 0"><span class='ocrx_word' id='word_1_1' title='bbox 459 329 534 367; x_wconf 76' lang='lat'><strong>460</strong></span> <span class='ocrx_word' id='word_1_2' title='bbox 1009 320 1167 359; x_wconf 87' lang='lat' dir='ltr'>CODEX</span> <span class='ocrx_word' id='word_1_3' title='bbox 1197 319 1441 358; x_wconf 86' lang='lat' dir='ltr'><strong>DUNENSlS.</strong></span> 
     </span>
    </p>
   </div>
   <div class='ocr_carea' id='block_1_2' title="bbox 457 433 2001 1363">
    <p class='ocr_par' dir='ltr' id='par_1_2' title="bbox 457 433 2001 1363">
     <span class='ocr_line' id='line_1_2' title="bbox 458 433 1984 494; baseline -0.003 -14"><span class='ocrx_word' id='word_1_4' title='bbox 458 444 549 494; x_wconf 78' lang='lat' dir='ltr'><strong>giosi</strong></span> <span class='ocrx_word' id='word_1_5' title='bbox 564 433 632 481; x_wconf 88' lang='lat' dir='ltr'><strong>viri</strong></span> <span class='ocrx_word' id='word_1_6' title='bbox 651 443 764 480; x_wconf 86' lang='lat' dir='ltr'><strong>abbas</strong></span> <span class='ocrx_word' id='word_1_7' title='bbox 784 447 819 478; x_wconf 87' lang='lat' dir='ltr'><strong>et</strong></span> <span class='ocrx_word' id='word_1_8' title='bbox 836 444 1039 477; x_wconf 89' lang='lat' dir='ltr'><strong>conventus</strong></span> <span class='ocrx_word' id='word_1_9' title='bbox 1053 438 1099 474; x_wconf 89' lang='lat' dir='ltr'><strong>de</strong></span> <span class='ocrx_word' id='word_1_10' title='bbox 1112 437 1232 474; x_wconf 92' lang='lat' dir='ltr'><strong>Dunis</strong></span> <span class='ocrx_word' id='word_1_11' title='bbox 1247 436 1362 473; x_wconf 78' lang='lat' dir='ltr'>nostri</span> <span class='ocrx_word' id='word_1_12' title='bbox 1383 436 1546 481; x_wconf 76' lang='lat' dir='ltr'>ordinis,</span> <span class='ocrx_word' id='word_1_13' title='bbox 1565 436 1784 474; x_wconf 87' lang='lat' dir='ltr'><strong>Morinensis</strong></span> <span class='ocrx_word' id='word_1_14' title='bbox 1801 437 1984 488; x_wconf 72' lang='lat' dir='ltr'><strong>dyocesis,</strong></span> 
     </span>
     <span class='ocr_line' id='line_1_3' title="bbox 457 494 2001 551; baseline -0.005 -11"><span class='ocrx_word' id='word_1_15' title='bbox 457 502 635 539; x_wconf 86' lang='lat' dir='ltr'><strong>haberent</strong></span> <span class='ocrx_word' id='word_1_16' title='bbox 652 506 686 538; x_wconf 87' lang='lat' dir='ltr'><strong>et</strong></span> <span class='ocrx_word' id='word_1_17' title='bbox 704 500 934 551; x_wconf 88' lang='lat' dir='ltr'><strong>possiderent</strong></span> <span class='ocrx_word' id='word_1_18' title='bbox 951 498 989 534; x_wconf 93' lang='lat' dir='ltr'><strong>in</strong></span> <span class='ocrx_word' id='word_1_19' title='bbox 1009 495 1204 547; x_wconf 87' lang='lat' dir='ltr'><strong>parrochia</strong></span> <span class='ocrx_word' id='word_1_20' title='bbox 1223 495 1268 531; x_wconf 94' lang='lat' dir='ltr'><strong>de</strong></span> <span class='ocrx_word' id='word_1_21' title='bbox 1285 523 1291 530; x_wconf 91' lang='lat'>.</span> <span class='ocrx_word' id='word_1_22' title='bbox 1309 523 1316 531; x_wconf 93' lang='lat'><strong>.</strong></span> <span class='ocrx_word' id='word_1_23' title='bbox 1334 523 1340 531; x_wconf 92' lang='lat'>.</span> <span class='ocrx_word' id='word_1_24' title='bbox 1358 523 1366 530; x_wconf 94' lang='lat'><strong>.</strong></span> <span class='ocrx_word' id='word_1_25' title='bbox 1386 494 1586 544; x_wconf 85' lang='lat' dir='ltr'><strong>quamdam</strong></span> <span class='ocrx_word' id='word_1_26' title='bbox 1601 500 1741 532; x_wconf 89' lang='lat' dir='ltr'><strong>curtem</strong></span> <span class='ocrx_word' id='word_1_27' title='bbox 1756 508 1841 533; x_wconf 88' lang='lat' dir='ltr'><strong>cum</strong></span> <span class='ocrx_word' id='word_1_28' title='bbox 1858 496 1982 542; x_wconf 81' lang='lat' dir='ltr'><strong>terris,</strong></span> <span class='ocrx_word' id='word_1_29' title='bbox 1999 515 2001 517; x_wconf 90' lang='lat'>·</span> 
     </span>
     <span class='ocr_line' id='line_1_4' title="bbox 458 553 1985 610; baseline -0.004 -12"><span class='ocrx_word' id='word_1_30' title='bbox 458 560 682 605; x_wconf 86' lang='lat' dir='ltr'><strong>redditibus,</strong></span> <span class='ocrx_word' id='word_1_31' title='bbox 703 557 1014 610; x_wconf 84' lang='lat' dir='ltr'><strong>possessionibus,</strong></span> <span class='ocrx_word' id='word_1_32' title='bbox 1033 554 1272 592; x_wconf 89' lang='lat' dir='ltr'><strong>teneamentis</strong></span> <span class='ocrx_word' id='word_1_33' title='bbox 1293 558 1328 590; x_wconf 92' lang='lat' dir='ltr'><strong>et</strong></span> <span class='ocrx_word' id='word_1_34' title='bbox 1341 553 1491 603; x_wconf 89' lang='lat' dir='ltr'><strong>juribus</strong></span> <span class='ocrx_word' id='word_1_35' title='bbox 1509 553 1798 604; x_wconf 86' lang='lat' dir='ltr'><strong>quibuscunque</strong></span> <span class='ocrx_word' id='word_1_36' title='bbox 1815 559 1985 605; x_wconf 79' lang='lat' dir='ltr'><strong>spectan-</strong></span> 
     </span>
     <span class='ocr_line' id='line_1_5' title="bbox 460 611 1985 663; baseline -0.004 -7"><span class='ocrx_word' id='word_1_37' title='bbox 460 616 559 656; x_wconf 86' lang='lat' dir='ltr'><strong>tibus</strong></span> <span class='ocrx_word' id='word_1_38' title='bbox 577 618 623 655; x_wconf 88' lang='lat' dir='ltr'><strong>ad</strong></span> <span class='ocrx_word' id='word_1_39' title='bbox 645 617 809 654; x_wconf 86' lang='lat' dir='ltr'><strong>eamdem</strong></span> <span class='ocrx_word' id='word_1_40' title='bbox 834 620 992 661; x_wconf 81' lang='lat' dir='ltr'><strong>curtem,</strong></span> <span class='ocrx_word' id='word_1_41' title='bbox 1010 614 1140 650; x_wconf 93' lang='lat' dir='ltr'><strong>domos</strong></span> <span class='ocrx_word' id='word_1_42' title='bbox 1157 617 1194 649; x_wconf 90' lang='lat' dir='ltr'><strong>et</strong></span> <span class='ocrx_word' id='word_1_43' title='bbox 1211 625 1359 649; x_wconf 88' lang='lat' dir='ltr'><strong>mansos</strong></span> <span class='ocrx_word' id='word_1_44' title='bbox 1385 612 1422 648; x_wconf 92' lang='lat' dir='ltr'><strong>in</strong></span> <span class='ocrx_word' id='word_1_45' title='bbox 1445 611 1626 648; x_wconf 89' lang='lat' dir='ltr'><strong>Dovernia</strong></span> <span class='ocrx_word' id='word_1_46' title='bbox 1649 625 1733 649; x_wconf 90' lang='lat' dir='ltr'><strong>cum</strong></span> <span class='ocrx_word' id='word_1_47' title='bbox 1752 613 1985 663; x_wconf 81' lang='lat' dir='ltr'><strong>pertinentiis</strong></span> 
     </span>
     <span class='ocr_line' id='line_1_6' title="bbox 460 669 1985 725; baseline -0.004 -11"><span class='ocrx_word' id='word_1_48' title='bbox 460 676 536 714; x_wconf 86' lang='lat' dir='ltr'><strong>suis</strong></span> <span class='ocrx_word' id='word_1_49' title='bbox 565 681 600 713; x_wconf 88' lang='lat' dir='ltr'><strong>et</strong></span> <span class='ocrx_word' id='word_1_50' title='bbox 625 675 792 725; x_wconf 89' lang='lat' dir='ltr'><strong>juribus,</strong></span> <span class='ocrx_word' id='word_1_51' title='bbox 819 674 905 710; x_wconf 87' lang='lat' dir='ltr'><strong>item</strong></span> <span class='ocrx_word' id='word_1_52' title='bbox 930 672 992 722; x_wconf 86' lang='lat' dir='ltr'><strong>jus</strong></span> <span class='ocrx_word' id='word_1_53' title='bbox 1022 675 1238 722; x_wconf 87' lang='lat' dir='ltr'><strong>patronatus</strong></span> <span class='ocrx_word' id='word_1_54' title='bbox 1264 670 1301 706; x_wconf 94' lang='lat' dir='ltr'><strong>in</strong></span> <span class='ocrx_word' id='word_1_55' title='bbox 1334 670 1520 719; x_wconf 86' lang='lat' dir='ltr'><strong>praedicta</strong></span> <span class='ocrx_word' id='word_1_56' title='bbox 1547 669 1740 720; x_wconf 74' lang='lat' dir='ltr'><strong>parrochia</strong></span> <span class='ocrx_word' id='word_1_57' title='bbox 1769 675 1805 707; x_wconf 89' lang='lat' dir='ltr'><strong>et</strong></span> <span class='ocrx_word' id='word_1_58' title='bbox 1828 670 1985 720; x_wconf 84' lang='lat' dir='ltr'><strong>majores</strong></span> 
     </span>
     <span class='ocr_line' id='line_1_7' title="bbox 460 728 1984 781; baseline -0.004 -9"><span class='ocrx_word' id='word_1_59' title='bbox 460 735 619 772; x_wconf 79' lang='lat' dir='ltr'><strong>decimas</strong></span> <span class='ocrx_word' id='word_1_60' title='bbox 637 738 824 771; x_wconf 88' lang='lat' dir='ltr'><strong>currentes</strong></span> <span class='ocrx_word' id='word_1_61' title='bbox 844 733 881 768; x_wconf 92' lang='lat' dir='ltr'><strong>in</strong></span> <span class='ocrx_word' id='word_1_62' title='bbox 897 730 1091 781; x_wconf 88' lang='lat' dir='ltr'><strong>parrochia</strong></span> <span class='ocrx_word' id='word_1_63' title='bbox 1105 728 1334 779; x_wconf 87' lang='lat' dir='ltr'><strong>supradicta,</strong></span> <span class='ocrx_word' id='word_1_64' title='bbox 1348 741 1443 778; x_wconf 88' lang='lat' dir='ltr'><strong>quae</strong></span> <span class='ocrx_word' id='word_1_65' title='bbox 1457 728 1582 765; x_wconf 88' lang='lat' dir='ltr'><strong>omnia</strong></span> <span class='ocrx_word' id='word_1_66' title='bbox 1596 728 1664 765; x_wconf 92' lang='lat' dir='ltr'><strong>sita</strong></span> <span class='ocrx_word' id='word_1_67' title='bbox 1683 733 1770 765; x_wconf 90' lang='lat' dir='ltr'><strong>sunt</strong></span> <span class='ocrx_word' id='word_1_68' title='bbox 1783 729 1821 766; x_wconf 91' lang='lat' dir='ltr'><strong>in</strong></span> <span class='ocrx_word' id='word_1_69' title='bbox 1839 729 1984 766; x_wconf 85' lang='lat' dir='ltr'><strong>archie-</strong></span> 
     </span>
     <span class='ocr_line' id='line_1_8' title="bbox 460 786 1985 845; baseline -0.003 -16"><span class='ocrx_word' id='word_1_70' title='bbox 460 793 651 845; x_wconf 87' lang='lat' dir='ltr'><strong>piscopatu</strong></span> <span class='ocrx_word' id='word_1_71' title='bbox 681 790 934 828; x_wconf 88' lang='lat' dir='ltr'><strong>Cantuariensi</strong></span> <span class='ocrx_word' id='word_1_72' title='bbox 966 794 1002 826; x_wconf 85' lang='lat' dir='ltr'><strong>et</strong></span> <span class='ocrx_word' id='word_1_73' title='bbox 1031 789 1068 825; x_wconf 94' lang='lat' dir='ltr'><strong>in</strong></span> <span class='ocrx_word' id='word_1_74' title='bbox 1083 802 1086 803; x_wconf 48' lang='lat'><em>⁷</em></span> <span class='ocrx_word' id='word_1_75' title='bbox 1101 787 1249 839; x_wconf 86' lang='lat' dir='ltr'><strong>propria</strong></span> <span class='ocrx_word' id='word_1_76' title='bbox 1279 787 1429 837; x_wconf 86' lang='lat' dir='ltr'><strong>dyocesi</strong></span> <span class='ocrx_word' id='word_1_77' title='bbox 1465 786 1732 838; x_wconf 89' lang='lat' dir='ltr'><strong>archiepiscopi</strong></span> <span class='ocrx_word' id='word_1_78' title='bbox 1765 787 1985 838; x_wconf 72' lang='lat' dir='ltr'><strong>supradicti,</strong></span> 
     </span>
     <span class='ocr_line' id='line_1_9' title="bbox 459 846 1987 903; baseline -0.003 -15"><span class='ocrx_word' id='word_1_79' title='bbox 459 851 635 903; x_wconf 71' lang='lat' dir='ltr'><strong>praedicti</strong></span> <span class='ocrx_word' id='word_1_80' title='bbox 655 851 768 887; x_wconf 88' lang='lat' dir='ltr'><strong>abbas</strong></span> <span class='ocrx_word' id='word_1_81' title='bbox 789 854 825 886; x_wconf 87' lang='lat' dir='ltr'><strong>et</strong></span> <span class='ocrx_word' id='word_1_82' title='bbox 846 853 1049 886; x_wconf 89' lang='lat' dir='ltr'><strong>conventus</strong></span> <span class='ocrx_word' id='word_1_83' title='bbox 1074 847 1121 884; x_wconf 92' lang='lat' dir='ltr'><strong>de</strong></span> <span class='ocrx_word' id='word_1_84' title='bbox 1139 847 1258 884; x_wconf 88' lang='lat' dir='ltr'><strong>Dunis</strong></span> <span class='ocrx_word' id='word_1_85' title='bbox 1275 847 1328 883; x_wconf 92' lang='lat' dir='ltr'><strong>uti</strong></span> <span class='ocrx_word' id='word_1_86' title='bbox 1349 846 1419 883; x_wconf 87' lang='lat' dir='ltr'><strong>sibi</strong></span> <span class='ocrx_word' id='word_1_87' title='bbox 1439 850 1475 883; x_wconf 89' lang='lat' dir='ltr'><strong>et</strong></span> <span class='ocrx_word' id='word_1_88' title='bbox 1492 846 1716 883; x_wconf 83' lang='lat' dir='ltr'><strong>monasterio</strong></span> <span class='ocrx_word' id='word_1_89' title='bbox 1734 859 1803 883; x_wconf 94' lang='lat' dir='ltr'><strong>suo</strong></span> <span class='ocrx_word' id='word_1_90' title='bbox 1820 859 1987 884; x_wconf 91' lang='lat' dir='ltr'><strong>commo-</strong></span> 
     </span>
     <span class='ocr_line' id='line_1_10' title="bbox 461 905 1986 958; baseline -0.002 -12"><span class='ocrx_word' id='word_1_91' title='bbox 461 910 564 946; x_wconf 81' lang='lat' dir='ltr'><strong>diora</strong></span> <span class='ocrx_word' id='word_1_92' title='bbox 578 914 614 946; x_wconf 88' lang='lat' dir='ltr'><strong>et</strong></span> <span class='ocrx_word' id='word_1_93' title='bbox 627 908 774 945; x_wconf 73' lang='lat' dir='ltr'><strong>utiliora</strong></span> <span class='ocrx_word' id='word_1_94' title='bbox 791 907 1045 958; x_wconf 84' lang='lat' dir='ltr'><strong>prospicerent</strong></span> <span class='ocrx_word' id='word_1_95' title='bbox 1061 911 1097 942; x_wconf 88' lang='lat' dir='ltr'><strong>et</strong></span> <span class='ocrx_word' id='word_1_96' title='bbox 1114 905 1230 956; x_wconf 83' lang='lat' dir='ltr'><strong>magis</strong></span> <span class='ocrx_word' id='word_1_97' title='bbox 1245 905 1283 941; x_wconf 94' lang='lat' dir='ltr'><strong>in</strong></span> <span class='ocrx_word' id='word_1_98' title='bbox 1304 909 1491 955; x_wconf 89' lang='lat' dir='ltr'><strong>posterum</strong></span> <span class='ocrx_word' id='word_1_99' title='bbox 1510 905 1718 955; x_wconf 83' lang='lat' dir='ltr'><strong>profutura,</strong></span> <span class='ocrx_word' id='word_1_100' title='bbox 1736 905 1845 942; x_wconf 86' lang='lat' dir='ltr'><strong>nobis</strong></span> <span class='ocrx_word' id='word_1_101' title='bbox 1861 905 1986 943; x_wconf 79' lang='lat' dir='ltr'><strong>abbati</strong></span> 
     </span>
     <span class='ocr_line' id='line_1_11' title="bbox 460 963 1988 1015; baseline -0.003 -10"><span class='ocrx_word' id='word_1_102' title='bbox 460 973 496 1005; x_wconf 91' lang='lat' dir='ltr'><strong>et</strong></span> <span class='ocrx_word' id='word_1_103' title='bbox 511 967 709 1005; x_wconf 84' lang='lat' dir='ltr'><strong>conventui</strong></span> <span class='ocrx_word' id='word_1_104' title='bbox 727 967 773 1003; x_wconf 92' lang='lat' dir='ltr'><strong>de</strong></span> <span class='ocrx_word' id='word_1_105' title='bbox 792 967 885 1003; x_wconf 85' lang='lat' dir='ltr'><strong>Blox</strong></span> <span class='ocrx_word' id='word_1_106' title='bbox 905 995 912 1003; x_wconf 87' lang='lat'>.</span> <span class='ocrx_word' id='word_1_107' title='bbox 930 995 937 1002; x_wconf 92' lang='lat'><strong>.</strong></span> <span class='ocrx_word' id='word_1_108' title='bbox 954 995 961 1002; x_wconf 91' lang='lat'>.</span> <span class='ocrx_word' id='word_1_109' title='bbox 980 995 986 1002; x_wconf 91' lang='lat'><strong><em>.</em></strong></span> <span class='ocrx_word' id='word_1_110' title='bbox 1002 964 1224 1015; x_wconf 86' lang='lat' dir='ltr'><strong>supradictis</strong></span> <span class='ocrx_word' id='word_1_111' title='bbox 1239 965 1440 1015; x_wconf 79' lang='lat' dir='ltr'><strong>praefatam</strong></span> <span class='ocrx_word' id='word_1_112' title='bbox 1459 967 1599 1000; x_wconf 90' lang='lat' dir='ltr'><strong>curtem</strong></span> <span class='ocrx_word' id='word_1_113' title='bbox 1619 977 1744 1009; x_wconf 90' lang='lat' dir='ltr'><strong>suam,</strong></span> <span class='ocrx_word' id='word_1_114' title='bbox 1764 968 1894 1010; x_wconf 89' lang='lat' dir='ltr'><strong>terras,</strong></span> <span class='ocrx_word' id='word_1_115' title='bbox 1909 963 1988 1001; x_wconf 85' lang='lat' dir='ltr'><strong>red-</strong></span> 
     </span>
     <span class='ocr_line' id='line_1_12' title="bbox 458 1021 1990 1076; baseline -0.003 -13"><span class='ocrx_word' id='word_1_116' title='bbox 458 1027 558 1063; x_wconf 86' lang='lat' dir='ltr'><strong>ditus</strong></span> <span class='ocrx_word' id='word_1_117' title='bbox 584 1031 619 1063; x_wconf 85' lang='lat' dir='ltr'><strong>et</strong></span> <span class='ocrx_word' id='word_1_118' title='bbox 644 1025 906 1076; x_wconf 86' lang='lat' dir='ltr'><strong>possessiones,</strong></span> <span class='ocrx_word' id='word_1_119' title='bbox 935 1028 1163 1061; x_wconf 83' lang='lat' dir='ltr'><strong>teneamenta</strong></span> <span class='ocrx_word' id='word_1_120' title='bbox 1187 1022 1312 1059; x_wconf 87' lang='lat' dir='ltr'><strong>omnia</strong></span> <span class='ocrx_word' id='word_1_121' title='bbox 1338 1026 1374 1059; x_wconf 85' lang='lat' dir='ltr'><strong>et</strong></span> <span class='ocrx_word' id='word_1_122' title='bbox 1394 1021 1478 1071; x_wconf 88' lang='lat' dir='ltr'><strong>jura</strong></span> <span class='ocrx_word' id='word_1_123' title='bbox 1501 1021 1704 1072; x_wconf 84' lang='lat' dir='ltr'><strong>spectantia</strong></span> <span class='ocrx_word' id='word_1_124' title='bbox 1731 1021 1778 1059; x_wconf 84' lang='lat' dir='ltr'><strong>ad</strong></span> <span class='ocrx_word' id='word_1_125' title='bbox 1804 1022 1990 1067; x_wconf 86' lang='lat' dir='ltr'><strong>eamdem,</strong></span> 
     </span>
     <span class='ocr_line' id='line_1_13' title="bbox 459 1080 1987 1130; baseline -0.002 -9"><span class='ocrx_word' id='word_1_126' title='bbox 459 1085 589 1122; x_wconf 90' lang='lat' dir='ltr'><strong>domos</strong></span> <span class='ocrx_word' id='word_1_127' title='bbox 613 1088 649 1120; x_wconf 90' lang='lat' dir='ltr'><strong>et</strong></span> <span class='ocrx_word' id='word_1_128' title='bbox 672 1096 819 1120; x_wconf 87' lang='lat' dir='ltr'><strong>mansos</strong></span> <span class='ocrx_word' id='word_1_129' title='bbox 838 1082 946 1119; x_wconf 86' lang='lat' dir='ltr'><strong>etiam</strong></span> <span class='ocrx_word' id='word_1_130' title='bbox 973 1082 1061 1119; x_wconf 89' lang='lat' dir='ltr'><strong>sitos</strong></span> <span class='ocrx_word' id='word_1_131' title='bbox 1081 1081 1119 1118; x_wconf 90' lang='lat' dir='ltr'><strong>in</strong></span> <span class='ocrx_word' id='word_1_132' title='bbox 1142 1081 1327 1118; x_wconf 86' lang='lat' dir='ltr'><strong>Dovernia</strong></span> <span class='ocrx_word' id='word_1_133' title='bbox 1354 1093 1439 1117; x_wconf 91' lang='lat' dir='ltr'><strong>cum</strong></span> <span class='ocrx_word' id='word_1_134' title='bbox 1466 1080 1697 1129; x_wconf 81' lang='lat' dir='ltr'><strong>pertinentiis</strong></span> <span class='ocrx_word' id='word_1_135' title='bbox 1722 1080 1815 1126; x_wconf 87' lang='lat' dir='ltr'><strong>suis,</strong></span> <span class='ocrx_word' id='word_1_136' title='bbox 1837 1080 1987 1130; x_wconf 84' lang='lat' dir='ltr'><strong>juribus</strong></span> 
     </span>
     <span class='ocr_line' id='line_1_14' title="bbox 460 1138 1987 1186; baseline -0.003 -7"><span class='ocrx_word' id='word_1_137' title='bbox 460 1143 635 1180; x_wconf 90' lang='lat' dir='ltr'><strong>omnibus</strong></span> <span class='ocrx_word' id='word_1_138' title='bbox 653 1147 689 1178; x_wconf 91' lang='lat' dir='ltr'><strong>et</strong></span> <span class='ocrx_word' id='word_1_139' title='bbox 709 1141 949 1178; x_wconf 88' lang='lat' dir='ltr'><strong>teneamentis</strong></span> <span class='ocrx_word' id='word_1_140' title='bbox 967 1140 1232 1186; x_wconf 90' lang='lat' dir='ltr'><strong>vendiderunt,</strong></span> <span class='ocrx_word' id='word_1_141' title='bbox 1253 1139 1485 1176; x_wconf 85' lang='lat' dir='ltr'><strong>tradiderunt</strong></span> <span class='ocrx_word' id='word_1_142' title='bbox 1509 1142 1545 1175; x_wconf 84' lang='lat' dir='ltr'><strong>et</strong></span> <span class='ocrx_word' id='word_1_143' title='bbox 1564 1152 1610 1176; x_wconf 82' lang='lat' dir='ltr'><strong>ex</strong></span> <span class='ocrx_word' id='word_1_144' title='bbox 1631 1151 1739 1176; x_wconf 90' lang='lat' dir='ltr'><strong>causa</strong></span> <span class='ocrx_word' id='word_1_145' title='bbox 1762 1138 1987 1176; x_wconf 81' lang='lat' dir='ltr'><strong>venditionis</strong></span> 
     </span>
     <span class='ocr_line' id='line_1_15' title="bbox 458 1196 1987 1246; baseline -0.002 -9"><span class='ocrx_word' id='word_1_146' title='bbox 458 1200 770 1246; x_wconf 87' lang='lat' dir='ltr'><strong>deliberaverunt,</strong></span> <span class='ocrx_word' id='word_1_147' title='bbox 801 1212 843 1236; x_wconf 86' lang='lat' dir='ltr'><strong>ac</strong></span> <span class='ocrx_word' id='word_1_148' title='bbox 874 1199 981 1236; x_wconf 90' lang='lat' dir='ltr'><strong>nobis</strong></span> <span class='ocrx_word' id='word_1_149' title='bbox 1012 1197 1224 1236; x_wconf 88' lang='lat' dir='ltr'><strong>monasterii</strong></span> <span class='ocrx_word' id='word_1_150' title='bbox 1255 1196 1370 1234; x_wconf 91' lang='lat' dir='ltr'><strong>nostri</strong></span> <span class='ocrx_word' id='word_1_151' title='bbox 1398 1197 1549 1234; x_wconf 89' lang='lat' dir='ltr'><strong>nomine</strong></span> <span class='ocrx_word' id='word_1_152' title='bbox 1575 1210 1614 1234; x_wconf 91' lang='lat' dir='ltr'><strong>se</strong></span> <span class='ocrx_word' id='word_1_153' title='bbox 1640 1197 1851 1234; x_wconf 86' lang='lat' dir='ltr'><strong>vendidisse</strong></span> <span class='ocrx_word' id='word_1_154' title='bbox 1877 1201 1915 1234; x_wconf 86' lang='lat' dir='ltr'><strong>et</strong></span> <span class='ocrx_word' id='word_1_155' title='bbox 1942 1209 1987 1234; x_wconf 82' lang='lat' dir='ltr'><strong>ex</strong></span> 
     </span>
     <span class='ocr_line' id='line_1_16' title="bbox 458 1249 1988 1307; baseline -0.003 -11"><span class='ocrx_word' id='word_1_156' title='bbox 458 1272 565 1296; x_wconf 86' lang='lat' dir='ltr'><strong>causa</strong></span> <span class='ocrx_word' id='word_1_157' title='bbox 588 1258 813 1295; x_wconf 88' lang='lat' dir='ltr'><strong>venditionis</strong></span> <span class='ocrx_word' id='word_1_158' title='bbox 837 1257 1060 1295; x_wconf 82' lang='lat' dir='ltr'><strong>deliberasse</strong></span> <span class='ocrx_word' id='word_1_159' title='bbox 1090 1249 1403 1307; x_wconf 84' lang='lat' dir='ltr'><strong>recognoverunt,</strong></span> <span class='ocrx_word' id='word_1_160' title='bbox 1429 1260 1540 1306; x_wconf 88' lang='lat' dir='ltr'><strong>prout</strong></span> <span class='ocrx_word' id='word_1_161' title='bbox 1571 1255 1609 1304; x_wconf 83' lang='lat' dir='ltr'><strong>in</strong></span> <span class='ocrx_word' id='word_1_162' title='bbox 1642 1255 1773 1293; x_wconf 90' lang='lat' dir='ltr'><strong>litteris</strong></span> <span class='ocrx_word' id='word_1_163' title='bbox 1799 1255 1875 1293; x_wconf 91' lang='lat' dir='ltr'><strong>suis</strong></span> <span class='ocrx_word' id='word_1_164' title='bbox 1901 1254 1988 1292; x_wconf 88' lang='lat' dir='ltr'><strong>inde</strong></span> 
     </span>
     <span class='ocr_line' id='line_1_17' title="bbox 459 1317 739 1363; baseline -0.004 -9"><span class='ocrx_word' id='word_1_165' title='bbox 459 1317 635 1354; x_wconf 77' lang='lat' dir='ltr'><strong>consectis</strong></span> <span class='ocrx_word' id='word_1_166' title='bbox 646 1345 655 1363; x_wconf 87' lang='lat'><strong>,</strong></span> <span class='ocrx_word' id='word_1_167' title='bbox 673 1321 739 1354; x_wconf 88' lang='lat' dir='ltr'><strong>etc.</strong></span> 
     </span>
    </p>
   </div>
   <div class='ocr_carea' id='block_1_3' title="bbox 1170 1392 1270 1401">
    <p class='ocr_par' dir='ltr' id='par_1_3' title="bbox 1170 1392 1270 1401">
     <span class='ocr_line' id='line_1_18' title="bbox 1170 1392 1270 1401; baseline 0 -2"><span class='ocrx_word' id='word_1_168' title='bbox 1170 1392 1270 1401; x_wconf 53' lang='lat'><strong>⁴0—-</strong></span> 
     </span>
    </p>
   </div>
   <div class='ocr_carea' id='block_1_4' title="bbox 1127 1532 1323 1570">
    <p class='ocr_par' dir='ltr' id='par_1_4' title="bbox 1127 1532 1323 1570">
     <span class='ocr_line' id='line_1_19' title="bbox 1127 1532 1323 1570; baseline -0.01 0"><span class='ocrx_word' id='word_1_169' title='bbox 1127 1532 1323 1570; x_wconf 83' lang='lat' dir='ltr'>CCCXVII.</span> 
     </span>
    </p>
   </div>
   <div class='ocr_carea' id='block_1_5' title="bbox 458 1651 1988 1760">
    <p class='ocr_par' dir='ltr' id='par_1_5' title="bbox 458 1651 1988 1760">
     <span class='ocr_line' id='line_1_20' title="bbox 458 1651 1988 1702; baseline -0.001 -14"><span class='ocrx_word' id='word_1_170' title='bbox 458 1652 579 1689; x_wconf 79' lang='lat' dir='ltr'><strong>Leltre</strong></span> <span class='ocrx_word' id='word_1_171' title='bbox 605 1651 754 1689; x_wconf 77' lang='lat' dir='ltr'><strong>relative</strong></span> <span class='ocrx_word' id='word_1_172' title='bbox 780 1652 801 1688; x_wconf 89' lang='grc' dir='ltr'><em>ἁ</em></span> <span class='ocrx_word' id='word_1_173' title='bbox 828 1652 863 1688; x_wconf 87' lang='lat' dir='ltr'><strong>Ia</strong></span> <span class='ocrx_word' id='word_1_174' title='bbox 887 1651 1093 1701; x_wconf 72' lang='lat' dir='ltr'><strong>diapersion</strong></span> <span class='ocrx_word' id='word_1_175' title='bbox 1115 1651 1177 1689; x_wconf 81' lang='lat' dir='ltr'><strong>des</strong></span> <span class='ocrx_word' id='word_1_176' title='bbox 1199 1651 1379 1702; x_wconf 76' lang='lat' dir='ltr'><strong>reliqieuae</strong></span> <span class='ocrx_word' id='word_1_177' title='bbox 1397 1657 1430 1688; x_wconf 82' lang='lat' dir='ltr'><strong>et</strong></span> <span class='ocrx_word' id='word_1_178' title='bbox 1453 1651 1662 1702; x_wconf 75' lang='lat' dir='ltr'><strong>reliqieases</strong></span> <span class='ocrx_word' id='word_1_179' title='bbox 1682 1651 1744 1688; x_wconf 67' lang='lat' dir='ltr'><strong>dea</strong></span> <span class='ocrx_word' id='word_1_180' title='bbox 1768 1653 1988 1688; x_wconf 68' lang='lat' dir='ltr'><strong>monestere-⁴1</strong></span> 
     </span>
     <span class='ocr_line' id='line_1_21' title="bbox 871 1709 1573 1760; baseline 0 -14"><span class='ocrx_word' id='word_1_181' title='bbox 871 1709 915 1746; x_wconf 84' lang='lat' dir='ltr'><strong>de</strong></span> <span class='ocrx_word' id='word_1_182' title='bbox 931 1709 1097 1747; x_wconf 77' lang='lat' dir='ltr'><strong>Flandre</strong></span> <span class='ocrx_word' id='word_1_183' title='bbox 1115 1709 1270 1746; x_wconf 61' lang='lat' dir='ltr'><strong>detrun-3</strong></span> <span class='ocrx_word' id='word_1_184' title='bbox 1284 1721 1361 1759; x_wconf 79' lang='lat' dir='ltr'><strong>par</strong></span> <span class='ocrx_word' id='word_1_185' title='bbox 1379 1709 1415 1746; x_wconf 88' lang='lat' dir='ltr'><strong>la</strong></span> <span class='ocrx_word' id='word_1_186' title='bbox 1429 1721 1573 1760; x_wconf 78' lang='lat' dir='ltr'><strong>querre.</strong></span> 
     </span>
    </p>
   </div>
   <div class='ocr_carea' id='block_1_6' title="bbox 455 1900 2025 2477">
    <p class='ocr_par' dir='ltr' id='par_1_6' title="bbox 458 1900 1984 2012">
     <span class='ocr_line' id='line_1_22' title="bbox 506 1900 1984 1955; baseline 0 -18"><span class='ocrx_word' id='word_1_187' title='bbox 506 1900 603 1938; x_wconf 88' lang='lat' dir='ltr'><strong>Talis</strong></span> <span class='ocrx_word' id='word_1_188' title='bbox 620 1902 775 1939; x_wconf 86' lang='lat' dir='ltr'><strong>salutem</strong></span> <span class='ocrx_word' id='word_1_189' title='bbox 790 1907 826 1939; x_wconf 87' lang='lat' dir='ltr'><strong>et</strong></span> <span class='ocrx_word' id='word_1_190' title='bbox 843 1903 1019 1941; x_wconf 83' lang='lat' dir='ltr'><strong>fratribus</strong></span> <span class='ocrx_word' id='word_1_191' title='bbox 1041 1904 1282 1954; x_wconf 78' lang='lat' dir='ltr'><strong>indigentiam</strong></span> <span class='ocrx_word' id='word_1_192' title='bbox 1306 1904 1533 1955; x_wconf 87' lang='lat' dir='ltr'><strong>patientibus</strong></span> <span class='ocrx_word' id='word_1_193' title='bbox 1553 1903 1756 1952; x_wconf 80' lang='lat' dir='ltr'><strong>benignum</strong></span> <span class='ocrx_word' id='word_1_194' title='bbox 1776 1900 1984 1939; x_wconf 86' lang='lat' dir='ltr'><strong>subsidium</strong></span> 
     </span>
     <span class='ocr_line' id='line_1_23' title="bbox 458 1961 1356 2012; baseline 0.006 -17"><span class='ocrx_word' id='word_1_195' title='bbox 458 1971 531 1995; x_wconf 92' lang='lat' dir='ltr'><strong>non</strong></span> <span class='ocrx_word' id='word_1_196' title='bbox 551 1972 698 2010; x_wconf 85' lang='lat' dir='ltr'><strong>negare,</strong></span> <span class='ocrx_word' id='word_1_197' title='bbox 717 1965 828 2011; x_wconf 87' lang='lat' dir='ltr'><strong>prout</strong></span> <span class='ocrx_word' id='word_1_198' title='bbox 845 1961 937 1998; x_wconf 89' lang='lat' dir='ltr'><strong>ordo</strong></span> <span class='ocrx_word' id='word_1_199' title='bbox 955 1963 1165 2012; x_wconf 84' lang='lat' dir='ltr'><strong>expostulat</strong></span> <span class='ocrx_word' id='word_1_200' title='bbox 1186 1963 1356 2000; x_wconf 88' lang='lat' dir='ltr'><strong>caritatis.</strong></span> 
     </span>
    </p>

    <p class='ocr_par' dir='ltr' id='par_1_7' title="bbox 457 2017 2025 2185">
     <span class='ocr_line' id='line_1_24' title="bbox 505 2017 2025 2071; baseline -0.001 -17"><span class='ocrx_word' id='word_1_201' title='bbox 505 2017 561 2053; x_wconf 83' lang='lat' dir='ltr'><strong>Ad</strong></span> <span class='ocrx_word' id='word_1_202' title='bbox 572 2017 719 2055; x_wconf 90' lang='lat' dir='ltr'><strong>Vestrae</strong></span> <span class='ocrx_word' id='word_1_203' title='bbox 731 2019 970 2057; x_wconf 86' lang='lat' dir='ltr'><strong>Discretionis</strong></span> <span class='ocrx_word' id='word_1_204' title='bbox 984 2021 1156 2058; x_wconf 90' lang='lat' dir='ltr'><strong>volumus</strong></span> <span class='ocrx_word' id='word_1_205' title='bbox 1170 2021 1363 2071; x_wconf 86' lang='lat' dir='ltr'><strong>pervenire</strong></span> <span class='ocrx_word' id='word_1_206' title='bbox 1377 2020 1544 2058; x_wconf 83' lang='lat' dir='ltr'><strong>notitiam</strong></span> <span class='ocrx_word' id='word_1_207' title='bbox 1559 2020 1661 2070; x_wconf 87' lang='lat' dir='ltr'><strong>quod</strong></span> <span class='ocrx_word' id='word_1_208' title='bbox 1677 2019 1715 2056; x_wconf 92' lang='lat' dir='ltr'><strong>in</strong></span> <span class='ocrx_word' id='word_1_209' title='bbox 1732 2023 1858 2056; x_wconf 89' lang='lat' dir='ltr'><strong>nostro</strong></span> <span class='ocrx_word' id='word_1_210' title='bbox 1869 2031 1988 2068; x_wconf 90' lang='lat' dir='ltr'><strong>nuper</strong></span> <span class='ocrx_word' id='word_1_211' title='bbox 2021 2049 2025 2051; x_wconf 17' lang='grc' dir='ltr'><strong>Α</strong></span> 
     </span>
     <span class='ocr_line' id='line_1_25' title="bbox 457 2075 1984 2130; baseline 0.001 -19"><span class='ocrx_word' id='word_1_212' title='bbox 457 2075 652 2124; x_wconf 86' lang='lat' dir='ltr'><strong>praeterito</strong></span> <span class='ocrx_word' id='word_1_213' title='bbox 669 2077 830 2126; x_wconf 86' lang='lat' dir='ltr'><strong>generali</strong></span> <span class='ocrx_word' id='word_1_214' title='bbox 846 2078 1008 2128; x_wconf 87' lang='lat' dir='ltr'><strong>capitulo</strong></span> <span class='ocrx_word' id='word_1_215' title='bbox 1026 2079 1119 2115; x_wconf 87' lang='lat' dir='ltr'><strong>sacta</strong></span> <span class='ocrx_word' id='word_1_216' title='bbox 1136 2080 1206 2116; x_wconf 82' lang='lat' dir='ltr'><strong>suit</strong></span> <span class='ocrx_word' id='word_1_217' title='bbox 1219 2080 1402 2130; x_wconf 84' lang='lat' dir='ltr'><strong>quaedam</strong></span> <span class='ocrx_word' id='word_1_218' title='bbox 1422 2079 1530 2116; x_wconf 91' lang='lat' dir='ltr'><strong>nobis</strong></span> <span class='ocrx_word' id='word_1_219' title='bbox 1545 2078 1757 2115; x_wconf 88' lang='lat' dir='ltr'><strong>commissio</strong></span> <span class='ocrx_word' id='word_1_220' title='bbox 1772 2075 1984 2119; x_wconf 74' lang='lat' dir='ltr'><strong>diffinitiva,</strong></span> 
     </span>
     <span class='ocr_line' id='line_1_26' title="bbox 457 2132 1192 2185; baseline 0.008 -17"><span class='ocrx_word' id='word_1_221' title='bbox 457 2132 563 2182; x_wconf 90' lang='lat' dir='ltr'><strong>cujus</strong></span> <span class='ocrx_word' id='word_1_222' title='bbox 581 2139 687 2171; x_wconf 83' lang='lat' dir='ltr'><strong>tenor</strong></span> <span class='ocrx_word' id='word_1_223' title='bbox 705 2135 874 2185; x_wconf 90' lang='lat' dir='ltr'><strong>sequitur</strong></span> <span class='ocrx_word' id='word_1_224' title='bbox 891 2136 929 2173; x_wconf 93' lang='lat' dir='ltr'><strong>in</strong></span> <span class='ocrx_word' id='word_1_225' title='bbox 950 2137 1040 2174; x_wconf 88' lang='lat' dir='ltr'><strong>haec</strong></span> <span class='ocrx_word' id='word_1_226' title='bbox 1058 2138 1169 2174; x_wconf 92' lang='lat' dir='ltr'><strong>verba</strong></span> <span class='ocrx_word' id='word_1_227' title='bbox 1186 2153 1192 2174; x_wconf 81' lang='lat' dir='ltr'>z</span> 
     </span>
    </p>

    <p class='ocr_par' dir='ltr' id='par_1_8' title="bbox 455 2191 1988 2363">
     <span class='ocr_line' id='line_1_27' title="bbox 504 2191 1988 2247; baseline 0.001 -20"><span class='ocrx_word' id='word_1_228' title='bbox 504 2191 633 2228; x_wconf 90' lang='lat' dir='ltr'><strong>Eidem</strong></span> <span class='ocrx_word' id='word_1_229' title='bbox 651 2193 804 2230; x_wconf 89' lang='lat' dir='ltr'><strong>domino</strong></span> <span class='ocrx_word' id='word_1_230' title='bbox 824 2194 1082 2233; x_wconf 88' lang='lat' dir='ltr'><strong>Clarevallensi</strong></span> <span class='ocrx_word' id='word_1_231' title='bbox 1102 2197 1300 2233; x_wconf 87' lang='lat' dir='ltr'><strong>committit</strong></span> <span class='ocrx_word' id='word_1_232' title='bbox 1320 2196 1488 2247; x_wconf 82' lang='lat' dir='ltr'><strong>generale</strong></span> <span class='ocrx_word' id='word_1_233' title='bbox 1509 2195 1713 2245; x_wconf 88' lang='lat' dir='ltr'><strong>capitulum</strong></span> <span class='ocrx_word' id='word_1_234' title='bbox 1738 2198 1778 2230; x_wconf 92' lang='lat' dir='ltr'><strong>ut</strong></span> <span class='ocrx_word' id='word_1_235' title='bbox 1801 2197 1988 2230; x_wconf 86' lang='lat' dir='ltr'><strong>monaste-</strong></span> 
     </span>
     <span class='ocr_line' id='line_1_28' title="bbox 457 2248 1988 2306; baseline 0.001 -21"><span class='ocrx_word' id='word_1_236' title='bbox 457 2248 596 2286; x_wconf 92' lang='lat' dir='ltr'><strong>riorum</strong></span> <span class='ocrx_word' id='word_1_237' title='bbox 618 2257 821 2289; x_wconf 82' lang='lat' dir='ltr'><strong>conventus</strong></span> <span class='ocrx_word' id='word_1_238' title='bbox 849 2257 921 2289; x_wconf 90' lang='lat' dir='ltr'><strong>tam</strong></span> <span class='ocrx_word' id='word_1_239' title='bbox 952 2255 1220 2292; x_wconf 87' lang='lat' dir='ltr'><strong>monachorum</strong></span> <span class='ocrx_word' id='word_1_240' title='bbox 1251 2269 1363 2306; x_wconf 89' lang='lat' dir='ltr'><strong>quam</strong></span> <span class='ocrx_word' id='word_1_241' title='bbox 1395 2254 1614 2291; x_wconf 89' lang='lat' dir='ltr'><strong>monialium</strong></span> <span class='ocrx_word' id='word_1_242' title='bbox 1646 2252 1692 2290; x_wconf 91' lang='lat' dir='ltr'><strong>de</strong></span> <span class='ocrx_word' id='word_1_243' title='bbox 1718 2251 1892 2289; x_wconf 85' lang='lat' dir='ltr'><strong>Flandria</strong></span> <span class='ocrx_word' id='word_1_244' title='bbox 1921 2264 1988 2301; x_wconf 89' lang='lat' dir='ltr'><strong>per</strong></span> 
     </span>
     <span class='ocr_line' id='line_1_29' title="bbox 455 2307 1757 2363; baseline 0.004 -21"><span class='ocrx_word' id='word_1_245' title='bbox 455 2319 604 2356; x_wconf 82' lang='lat' dir='ltr'><strong>guerras</strong></span> <span class='ocrx_word' id='word_1_246' title='bbox 621 2307 826 2346; x_wconf 88' lang='lat' dir='ltr'><strong>destructos</strong></span> <span class='ocrx_word' id='word_1_247' title='bbox 843 2310 1030 2362; x_wconf 83' lang='lat' dir='ltr'><strong>dispergat</strong></span> <span class='ocrx_word' id='word_1_248' title='bbox 1048 2326 1114 2363; x_wconf 87' lang='lat' dir='ltr'><strong>per</strong></span> <span class='ocrx_word' id='word_1_249' title='bbox 1132 2313 1352 2358; x_wconf 75' lang='lat' dir='ltr'><strong>triennium,</strong></span> <span class='ocrx_word' id='word_1_250' title='bbox 1371 2313 1400 2351; x_wconf 92' lang='lat' dir='ltr'><strong>si</strong></span> <span class='ocrx_word' id='word_1_251' title='bbox 1420 2312 1555 2349; x_wconf 86' lang='lat' dir='ltr'><strong>viderit</strong></span> <span class='ocrx_word' id='word_1_252' title='bbox 1573 2310 1757 2362; x_wconf 84' lang='lat' dir='ltr'><strong>expedire.</strong></span> 
     </span>
    </p>

    <p class='ocr_par' dir='ltr' id='par_1_9' title="bbox 458 2364 1983 2477">
     <span class='ocr_line' id='line_1_30' title="bbox 504 2364 1982 2422; baseline 0.001 -21"><span class='ocrx_word' id='word_1_253' title='bbox 504 2364 577 2401; x_wconf 94' lang='lat' dir='ltr'><strong>Nos</strong></span> <span class='ocrx_word' id='word_1_254' title='bbox 608 2365 721 2416; x_wconf 85' lang='lat' dir='ltr'><strong>igitur</strong></span> <span class='ocrx_word' id='word_1_255' title='bbox 749 2367 885 2405; x_wconf 87' lang='lat' dir='ltr'><strong>virtute</strong></span> <span class='ocrx_word' id='word_1_256' title='bbox 917 2369 1152 2408; x_wconf 84' lang='lat' dir='ltr'><strong>diffinitionis</strong></span> <span class='ocrx_word' id='word_1_257' title='bbox 1183 2372 1392 2422; x_wconf 87' lang='lat' dir='ltr'><strong>praedictae</strong></span> <span class='ocrx_word' id='word_1_258' title='bbox 1427 2384 1469 2408; x_wconf 90' lang='lat' dir='ltr'><strong>ac</strong></span> <span class='ocrx_word' id='word_1_259' title='bbox 1504 2369 1722 2408; x_wconf 87' lang='lat' dir='ltr'><strong>auctoritate</strong></span> <span class='ocrx_word' id='word_1_260' title='bbox 1752 2372 1904 2419; x_wconf 85' lang='lat' dir='ltr'><strong>paterna</strong></span> <span class='ocrx_word' id='word_1_261' title='bbox 1935 2366 1982 2404; x_wconf 86' lang='lat' dir='ltr'><strong>ad</strong></span> 
     </span>
     <span class='ocr_line' id='line_1_31' title="bbox 458 2424 1983 2477; baseline 0.002 -19"><span class='ocrx_word' id='word_1_262' title='bbox 458 2424 720 2462; x_wconf 81' lang='lat' dir='ltr'><strong>monasterium</strong></span> <span class='ocrx_word' id='word_1_263' title='bbox 741 2426 810 2463; x_wconf 89' lang='lat' dir='ltr'><strong>tale</strong></span> <span class='ocrx_word' id='word_1_264' title='bbox 828 2427 1041 2466; x_wconf 87' lang='lat' dir='ltr'><strong>accedentes</strong></span> <span class='ocrx_word' id='word_1_265' title='bbox 1056 2429 1266 2467; x_wconf 89' lang='lat' dir='ltr'><strong>invenimus</strong></span> <span class='ocrx_word' id='word_1_266' title='bbox 1281 2430 1378 2467; x_wconf 90' lang='lat' dir='ltr'><strong>idem</strong></span> <span class='ocrx_word' id='word_1_267' title='bbox 1395 2428 1674 2474; x_wconf 86' lang='lat' dir='ltr'><strong>monasterium,</strong></span> <span class='ocrx_word' id='word_1_268' title='bbox 1693 2426 1795 2477; x_wconf 89' lang='lat' dir='ltr'><strong>quod</strong></span> <span class='ocrx_word' id='word_1_269' title='bbox 1814 2438 1889 2463; x_wconf 86' lang='lat' dir='ltr'><strong>non</strong></span> <span class='ocrx_word' id='word_1_270' title='bbox 1903 2424 1983 2462; x_wconf 82' lang='lat' dir='ltr'><strong>sine</strong></span> 
     </span>
    </p>
   </div>
  </div>
 </body>
</html>
