2184 3074
715 312 878 351 CODEX
901 310 1146 350 DUNENSIS.
1624 312 1695 350 365

865 477 1000 516 CCXL.

166 601 224 638 La
238 604 404 637 comicae
421 598 464 636 de
482 597 648 637 Flandre
663 596 814 634 accorde
839 607 911 633 une
935 596 1092 645 penaion
1121 595 1165 633 de
1189 600 1268 632 cem
1292 594 1401 632 livres
1424 595 1447 631 ἀ
1476 593 1695 639 Υεοηιὸανά,

766 655 909 692 notaire
926 653 978 691 du
990 666 1098 704 pape.

213 851 288 890 Nos
306 853 527 901 Margareta,
545 854 625 896 etc„
643 849 747 901 quod
765 862 833 886 nos
846 848 1069 886 venerabilis
1081 848 1150 885 viri
1167 848 1350 886 karissimi
1367 848 1481 885 nostri
1497 848 1535 885 in
1550 847 1697 885 Christo

165 910 328 961 magistri
360 909 603 955 Ysembardi‚
633 908 776 946 domini
808 920 926 958 papae
955 907 1109 953 notarii,
1134 907 1408 944 considerantes
1435 906 1694 944 discretionem

163 969 356 1021 providam
383 973 419 1006 et
448 968 670 1006 industriam
701 967 995 1017 circunspectam
1023 979 1065 1003 ac
1091 979 1179 1003 suae
1207 966 1388 1016 gratiosae
1414 965 1543 1003 merita
1567 965 1697 1016 probi-

164 1027 266 1074 tatis,
288 1027 427 1078 quibus
451 1026 559 1064 nobis
588 1031 625 1063 et
655 1025 791 1062 nostris
821 1024 920 1075 apud
950 1023 1080 1062 Sedem
1111 1024 1360 1074 Apostolicam
1388 1037 1535 1074 semper
1553 1023 1693 1060 studuit

162 1085 409 1136 complacere,
436 1084 599 1135 praefato
632 1083 808 1134 magistro
833 1081 1067 1119 Ysembardo
1091 1094 1253 1118 annuam
1282 1082 1498 1132 pensionem
1527 1081 1556 1118 C
1580 1081 1695 1119 libra-

163 1157 247 1182 rum
266 1143 444 1180 duximus
461 1141 753 1188 concedendam,
778 1141 848 1192 ipsi
875 1139 1049 1191 magistro
1075 1145 1138 1177 aut
1163 1140 1242 1190 ejus
1264 1145 1363 1177 certo
1389 1139 1564 1177 mandato
1589 1140 1696 1177 annis

163 1202 319 1253 singulis
338 1201 399 1239 tali
419 1201 578 1238 termino
600 1199 901 1251 persolvendam,
926 1199 973 1236 de
996 1212 1070 1249 qua
1093 1198 1247 1249 quidem
1269 1198 1448 1250 pensione
1475 1198 1544 1248 ipsi
1563 1198 1696 1235 Ysem-

163 1261 281 1299 bardo
309 1260 622 1311 assignamentum
658 1258 814 1295 facimus
845 1257 892 1294 ad
923 1261 1126 1308 proventus
1150 1257 1279 1293 talium
1305 1256 1447 1306 jurium
1467 1260 1695 1293 nostrorum.

165 1319 383 1357 mandantes
403 1323 529 1355 tenore
546 1316 796 1368 praesentium
822 1315 1003 1367 receptori
1024 1315 1168 1365 jurium
1195 1315 1236 1352 ll.
1265 1315 1442 1366 quatinus
1464 1315 1580 1352 dictas
1605 1315 1633 1351 C
1651 1314 1698 1351 li-

164 1378 249 1415 bras
280 1376 387 1414 annis
417 1375 574 1426 singulis
604 1375 651 1412 ad
685 1374 917 1425 praedictum
949 1374 1150 1410 terminum
1181 1373 1250 1424 ipsi
1283 1373 1536 1419 Ysembardo,
1572 1372 1694 1423 quoad

165 1435 312 1482 vixerit,
343 1434 541 1481 deliberet,
573 1438 637 1471 aut
669 1433 749 1483 eJ'us
779 1437 879 1469 certo
910 1432 1058 1478 nuntio,
1089 1432 1231 1482 absque
1260 1431 1513 1482 expectatione
1547 1431 1697 1467 alterius

165 1494 342 1532 mandati.

876 1566 990 1576 ..0.-

859 1688 1009 1753 chm.

167 1835 412 1885 Marmei-ite,
431 1840 597 1872 comtease
621 1834 666 1872 de
682 1834 869 1879 Flandre,
888 1839 920 1870 et
936 1846 1002 1870 son
1019 1833 1080 1883 fils
1098 1834 1173 1871 Gm‘
1195 1820 1409 1870 remerciene
1430 1833 1462 1870 le
1476 1845 1573 1882 pape
1600 1833 1694 1870 Gre'-

213 1895 316 1944 qoire
333 1894 373 1930 Χ
391 1893 534 1931 d'avoir
550 1893 671 1930 donne'
687 1893 725 1930 la
744 1906 830 1930 cure
849 1893 893 1930 de
911 1893 1034 1930 Caesel
1058 1893 1080 1929 ἀ
1107 1892 1189 1929 leur
1215 1891 1406 1941 chapelain
1428 1891 1640 1930 Guiuaume
1656 1892 1699 1928 de

215 1953 254 1991 V
252 1953 411 2003 erlainq.

219 2126 457 2164 Sanctissimo
483 2126 596 2176 patri,
621 2131 702 2173 etc„
732 2139 774 2163 ac
799 2126 953 2163 domino
979 2127 1020 2163 G.
1051 2126 1194 2171 divina,
1219 2131 1299 2170 etc..
1323 2125 1538 2175 Margareta‚
1560 2129 1639 2169 etc„
1666 2130 1697 2159 et

171 2184 295 2222 Guido
312 2184 392 2234 ejus
410 2184 510 2222 filius
527 2198 666 2231 comes,
684 2189 751 2222 etc.

221 2243 341 2293 Super
371 2243 558 2293 plerisque
588 2243 715 2294 gratiis
746 2247 782 2280 et
815 2242 1022 2279 honoribus
1046 2242 1185 2293 quibus
1205 2241 1276 2278 hoc
1292 2253 1390 2278 anno
1410 2253 1477 2278 nos
1502 2245 1539 2276 et
1556 2244 1700 2277 nostros

171 2306 291 2338 vestra
310 2305 434 2338 sancta
452 2300 662 2351 benignitas
679 2301 798 2338 voluit
815 2300 1031 2352 praevenire
1052 2305 1088 2337 et
1109 2313 1205 2351 quos
1221 2299 1344 2336 adhuc
1363 2299 1400 2336 in
1419 2311 1595 2349 personas
1614 2311 1701 2335 nos-

172 2365 315 2398 trorum
336 2360 596 2397 familiantium
615 2360 833 2398 continuare
859 2373 934 2396 non
956 2365 1091 2406 cessat,
1113 2363 1242 2410 utpote
1269 2358 1476 2409 specialiter
1494 2357 1531 2394 in
1549 2370 1700 2407 promo-

171 2417 271 2455 tione
284 2418 407 2455 dilecti
427 2418 606 2469 capellani
624 2418 739 2455 nostri
761 2418 903 2455 domini
920 2418 963 2454 G.
983 2418 1029 2454 de
1048 2417 1237 2468 Vertaing‚
1256 2417 1294 2453 in
1315 2416 1467 2453 ecclesia
1486 2415 1695 2452 Casletensi.
