2184 3074
734 264 894 302 CODEX
921 264 1167 303 DUNENSlS.
1651 269 1723 305 345

879 440 1034 479 CCXIX.

182 559 302 597 Lettre
327 558 478 597 relative
497 571 576 596 auae
592 557 753 608 plaimes
770 558 926 608 sameas
945 570 1020 608 par
1037 557 1209 609 quelques
1234 559 1369 596 moines
1393 558 1436 596 de
1461 558 1717 597 Clairmorais.

231 752 514 790 venerabilibus
531 756 568 789 et
586 752 622 788 in
644 751 791 790 Christo
814 752 1017 790 karissimis
1036 753 1224 803 patribus,
1242 758 1310 790 etc.

229 811 324 849 Cum
350 823 371 847 a
396 810 597 847 reverendo
620 810 659 847 in
683 810 831 847 Christo
849 814 953 860 patre
975 810 1130 848 domino
1156 811 1401 849 Clarimarisci
1428 816 1567 848 vestrae
1583 811 1718 848 discre-

182 869 274 907 tioni
293 869 476 920 quaedam
495 868 690 919 inquisitio
717 868 754 905 in
773 867 886 905 domo
904 868 951 906 de
968 868 1236 907 Claromarisco
1255 869 1420 906 facienda
1436 869 1484 907 sit
1501 869 1697 906 commissa
1711 898 1719 914 ,

180 927 347 966 Vestram
379 926 630 964 venerabilem
661 925 921 963 Paternitatem
959 926 1152 964 humiliter
1183 927 1426 978 deprecamur
1455 931 1655 978 quatenus,
1687 928 1716 965 si

181 999 276 1038 quos
307 985 523 1024 inveneritis
553 985 619 1036 qui
646 984 830 1022 malitiose
858 985 1002 1035 linguas
1033 999 1117 1023 suas
1148 991 1190 1023 ut
1215 986 1363 1036 sagittas
1389 991 1562 1024 acuentes
1588 991 1717 1023 contra

180 1045 303 1083 virum
332 1044 549 1095 religiosum
580 1044 690 1081 talem
719 1043 918 1082 videantur
947 1044 1144 1096 disponere
1175 1050 1210 1082 et
1240 1045 1359 1083 eidem
1394 1045 1557 1083 occultas
1588 1059 1719 1096 parare

183 1103 356 1150 insidias,
382 1116 513 1140 eorum
539 1102 840 1154 depositionibus
869 1116 944 1141 nou
969 1103 1080 1142 citius
1106 1104 1217 1142 fidem
1244 1104 1471 1150 adhibeatis,
1502 1103 1566 1141 sed
1593 1105 1718 1155 potius

181 1163 366 1214 aequitate
399 1161 548 1212 praevia
583 1174 796 1212 processum
827 1161 1011 1200 discutere
1041 1162 1238 1213 diligenter
1267 1162 1466 1209 studeatis,
1500 1176 1545 1200 ne
1578 1163 1716 1200 malitia

182 1221 332 1258 alterius
357 1221 536 1258 innocens
562 1220 751 1272 puniatur.

895 1343 1013 1355 w

881 1486 1018 1525 CCXX.

178 1602 457 1640 Remercimems
483 1615 531 1640 au
559 1605 654 1654 quet
671 1604 714 1642 de
740 1604 778 1642 la
801 1605 1000 1654 protectior:
1019 1604 1187 1642 accorde'e
1199 1616 1276 1654 par
1294 1618 1344 1641 ma
1364 1603 1450 1642 abbe
1465 1605 1631 1654 pendant
1647 1618 1717 1642 une

709 1675 819 1712 coupe
836 1661 1003 1701 d’arbres
1024 1662 1047 1699 ἀ
1065 1662 1191 1700 Maele.

226 1852 462 1891 Reverendae
486 1854 698 1893 Paternitati
724 1860 865 1893 vestrae
887 1855 934 1892 de
952 1855 1126 1893 benivola
1146 1854 1442 1906 promptitudine
1462 1859 1579 1891 vestra
1606 1853 1714 1890 labo—

179 1911 285 1948 randi
308 1924 376 1962 pro
401 1913 576 1951 ecclesiae
599 1918 746 1952 nostrae
772 1914 930 1965 negotiis
956 1918 992 1952 et
1015 1914 1240 1951 utilitatibus
1267 1913 1521 1964 regratiamur,
1540 1918 1576 1949 et
1595 1916 1714 1963 grates

178 1970 372 2010 referimus
390 1971 429 2009 in
448 1977 631 2023 quantum
650 1986 848 2024 possumus
867 1973 1053 2024 copiosas,
1071 1973 1166 2011 scire
1183 1986 1249 2010 vos
1267 1973 1457 2023 cupientes
1476 1971 1578 2022 quod
1597 1984 1716 2022 nuper

180 2028 318 2067 fuimus
334 2030 434 2080 apud
449 2031 603 2069 Maleam
622 2045 747 2070 coram
765 2032 920 2069 domino
933 2031 1080 2078 comite,
1094 2036 1130 2069 et
1143 2030 1376 2068 obtinuimus
1392 2030 1573 2067 famulum
1594 2042 1712 2066 unum

179 2086 244 2136 qui
268 2087 369 2138 apud
392 2088 501 2126 talem
527 2089 673 2137 locum,
705 2090 873 2141 quandiu
906 2089 1096 2127 duraverit
1125 2089 1314 2140 lignorum
1346 2092 1558 2125 nostrorum
1585 2087 1713 2130 sectio,

179 2145 376 2183 nobiscum
400 2147 548 2185 assidue
567 2162 707 2186 moram
727 2149 863 2195 trahet,
883 2162 1026 2200 nosque
1048 2154 1175 2186 contra
1194 2160 1323 2185 omnes
1348 2152 1384 2184 et
1401 2146 1568 2197 singulos
1587 2147 1715 2196 laycos

179 2203 366 2251 desendet,
383 2218 429 2242 ex
447 2210 551 2256 parte
563 2206 707 2244 domini
727 2207 873 2245 comitis
891 2206 1088 2258 praedicti,
1107 2205 1173 2257 qui
1190 2205 1236 2242 de
1254 2209 1382 2242 nostro
1398 2217 1550 2242 nemore
1567 2203 1710 2255 aliquid

178 2262 323 2300 auferre
340 2263 528 2301 voluerint
552 2267 702 2303 nomine
723 2265 907 2303 decimali.
926 2265 1069 2303 Verum
1088 2264 1177 2315 quia
1195 2267 1323 2300 contra
1341 2263 1566 2314 presbiteros
1585 2267 1621 2299 et
1637 2262 1714 2299 cle-

177 2320 272 2359 ricos
287 2334 353 2372 per
369 2335 464 2373 quos
486 2322 525 2360 in
539 2323 726 2362 ablatione
739 2324 882 2362 arboris
896 2324 985 2361 alias
1004 2323 1181 2373 injuriam
1195 2322 1292 2373 passi
1311 2334 1457 2366 sumus,
1478 2321 1575 2358 idem
1591 2321 1714 2357 samu-

178 2377 235 2415 lus
252 2379 359 2418 nobis
377 2380 604 2420 defensionis
622 2383 810 2433 praesidio
824 2396 899 2420 non
914 2382 1074 2427 assistet,
1094 2391 1179 2419 cum
1191 2381 1237 2418 ad
1248 2380 1549 2430 jurisdictionem
1569 2379 1711 2416 domini

1518 2439 1567 2476 44
