2184 3074
476 315 549 352 464
1020 308 1181 346 CODEX
1207 309 1455 348 DUNENSIS.

478 430 666 480 compelli,
693 430 748 465 vel
780 441 847 478 pro
877 427 1166 477 quibuscunque
1199 426 1492 476 obligationibus
1519 427 1762 476 fidejussoriis
1787 429 2005 480 inquietari,

477 502 518 525 ac
535 501 662 525 eorum
676 487 787 524 -bona
806 499 872 536 per
889 497 1152 535 quemcunque
1172 483 1274 533 capi,
1293 483 1410 520 saisiri
1435 485 1492 520 vel
1521 484 1629 521 etiam
1657 487 1826 524 arrestari
1849 487 2006 527 durante

477 548 575 583 dicto
601 545 879 596 quinquennio,
899 556 1010 593 quam
1037 542 1253 579 dilationem
1281 542 1370 592 ipsis
1397 543 1614 581 auctoritate
1639 549 1763 582 nostra
1782 546 1881 596 regia
1899 560 2007 597 prae-

476 604 572 641 dicta
590 608 625 640 et
639 604 685 640 de
702 602 817 653 gratia
836 601 985 652 speciali
1011 600 1270 645 concedimus,
1290 600 1455 651 ipsisque
1481 602 1705 639 solutionem
1731 604 2006 654 complentibus

476 666 722 713 praetaxatam
750 660 950 697 creditores
983 659 1082 708 ipsos
1108 671 1201 708 pura
1229 663 1327 694 sorte
1354 659 1493 696 faciatis
1526 673 1604 697 esse
1634 665 1838 699 contentos.
1866 662 2005 701 Damus

476 725 597 758 autem
633 720 807 756 omnibus
837 723 872 755 et
901 717 1056 767 singulis
1080 716 1291 765 justitiariis
1323 721 1358 753 et
1387 717 1548 755 subditis
1580 719 1694 756 nostri
1722 721 1825 770 regni
1861 725 1897 758 et
1923 721 2004 759 aliis

474 792 633 829 quorum
654 778 803 814 interest
820 781 883 813 aut
901 776 1075 812 interesse
1091 779 1226 825 potest,
1242 776 1498 825 praesentibus
1518 777 1555 813 in
1571 777 1754 815 mandatis
1770 783 1812 816 ut
1829 792 2003 830 praesen-

475 843 547 875 tem
579 837 851 874 ordinationem
877 840 1038 873 nostram
1066 835 1264 871 observent
1288 835 1554 873 inviolabiliter
1576 840 1611 873 et
1636 836 1772 874 saciant
1797 838 2003 885 observari,

475 895 655 946 vobisque
682 895 718 931 in
747 894 956 945 praemissis
979 898 1014 930 et
1036 906 1076 930 ea
1103 893 1339 943 tangentibus
1358 898 1511 943 pareant
1529 894 1726 931 efficaciter
1742 899 1776 936 et
1799 895 2002 934 intendant.

525 955 658 991 Datum
680 953 842 990 Pan-isius
860 967 907 990 xx
926 953 986 990 die
1005 952 1124 989 martii
1145 965 1243 989 anno
1263 953 1413 989 Domini
1433 953 1483 990 Μο
1501 953 1604 991 CCC⁰
1621 952 1731 990 xmo.

1202 1078 1280 1086 ὴ.-

1156 1219 1323 1257 CCCXX.

524 1339 755 1376 Mandemem
772 1338 862 1375 d’un
884 1337 1061 1375 chanoine
1084 1337 1127 1374 de
1148 1337 1398 1374 Notre-Dame
1423 1337 1607 1375 d’Anvers
1630 1343 1752 1374 contre
1775 1350 1866 1374 ceuae
1892 1339 1957 1388 qui

769 1402 950 1446 usurpent
974 1396 1023 1432 les
1050 1395 1148 1432 biens
1172 1395 1222 1431 du
1250 1397 1452 1432 monastero
1477 1396 1521 1432 de
1551 1395 1709 1433 Thosan.

522 1602 658 1639 Cantor
687 1601 861 1638 ecclesiae
888 1601 1020 1638 Beatae
1047 1600 1181 1638 Mariae
1207 1600 1516 1651 Antwerpiensis,
1538 1600 1654 1650 judex
1685 1614 1704 1637 a
1732 1600 1886 1638 domino
1910 1612 2004 1650 papa

473 1661 659 1710 delegatus
689 1673 730 1696 ac
763 1659 872 1696 etiam
903 1663 1139 1696 conservator
1160 1658 1439 1709 privilegiorum
1470 1658 1614 1695 abbatis
1639 1657 1824 1703 Cistercii,
1851 1657 2005 1709 ejusque

473 1720 693 1757 coabbatum
726 1723 761 1755 et
792 1722 1042 1755 conventuum
1073 1718 1330 1754 universorum
1357 1717 1500 1754 ordinis
1523 1716 1795 1760 Cisterciensis2
1821 1715 2004 1755 universis

473 1779 708 1816 ecclesiarum
731 1778 917 1828 praelatis,
936 1777 1159 1820 rectoribus,
1184 1776 1396 1827 presbiteris
1422 1780 1457 1813 et
1483 1775 1682 1826 capellanis
1709 1775 1747 1812 in
1772 1774 1944 1813 Remensi
1969 1778 2006 1812 et

473 1837 682 1874 Coloniensi
708 1835 910 1887 provinciis
938 1834 1165 1879 constitutis,
1184 1835 1230 1871 ad
1251 1847 1345 1885 quos
1364 1838 1573 1885 praesentes
1593 1833 1734 1870 litterae
1752 1832 2003 1884 pervenerint,

473 1896 627 1933 salutem
656 1895 693 1931 in
722 1894 893 1931 Domino.

522 1955 576 1991 Ex
600 1958 703 2004 parte
730 1953 988 2003 religiosorum
1013 1952 1177 1989 virorum
1202 1952 1346 1989 abbatis
1365 1958 1401 1988 et
1418 1955 1622 1989 conventus
1646 1950 1693 1987 de
1718 1949 1882 1994 Tliosan,
1900 1950 2005 1987 ordi-

473 2014 529 2050 nis
547 2012 817 2057 Cisterciensis,
836 2012 1079 2049 Tornacensis
1100 2011 1289 2061 dyocesis,
1318 2010 1426 2047 nobis
1452 2015 1506 2048 est
1528 2009 1791 2061 conquerendo
1818 2013 2004 2046 monstra-

472 2078 549 2109 tum
582 2072 683 2123 quod
713 2071 797 2108 licet
828 2071 917 2121 ipsis
949 2084 1015 2121 per
1040 2071 1178 2107 litteras
1208 2070 1313 2107 Sedis
1342 2069 1573 2121 Apostolicae
1602 2069 1650 2106 sit
1683 2068 1870 2105 indultum
1901 2067 2003 2119 quod

473 2136 662 2168 teneamur
679 2130 877 2167 defendere
895 2130 994 2180 ipsos
1014 2129 1184 2166 abbatem
1206 2133 1242 2165 et
1265 2133 1491 2165 conventum
1516 2131 1642 2165 contra
1666 2126 1852 2163 invasores
1877 2130 1914 2163 et
1937 2125 2005 2163 de-

473 2194 630 2226 tentores
652 2188 942 2239 possessionumq
959 2201 1081 2224 rerum
1105 2192 1140 2224 et
1157 2187 1356 2224 domorum
1377 2199 1527 2224 suarum
1549 2199 1592 2223 ac
1613 2185 1826 2222 debitorum
1849 2198 2002 2222 suorum

472 2254 507 2285 et
535 2248 769 2298 injuriatores
796 2247 1030 2293 eorumdem,
1050 2247 1318 2284 nichilominus
1346 2251 1467 2283 tamen
1495 2245 1735 2296 quamplures
1763 2257 1850 2282 suae
1875 2244 2003 2282 salutis

474 2306 706 2343 immemores
736 2305 918 2342 invadunt
944 2310 980 2342 et
1003 2305 1224 2356 perturbant
1249 2305 1367 2342 dictos
1394 2304 1565 2342 abbatem
1590 2308 1626 2341 et
1651 2306 1874 2340 conventum
1893 2315 2005 2353 super

473 2364 646 2401 domibus
669 2369 704 2400 et
722 2365 1017 2414 possessionibus
1038 2369 1073 2402 et
1089 2365 1201 2402 rebus
1225 2365 1317 2410 suis,
1339 2377 1381 2401 ac
1405 2364 1515 2401 etiam
1543 2362 1769 2413 injuriantur
1786 2361 1875 2412 ipsis
1892 2374 2004 2411 super

473 2422 607 2460 debitis
621 2427 656 2459 et
670 2422 776 2459 bonis
791 2423 1023 2469 eorumdem,
1039 2424 1077 2460 in
1096 2423 1369 2474 praejudicium
1386 2426 1531 2460 nostrae
1545 2419 1819 2471 jurisdictionis
1834 2423 1870 2456 et
1882 2418 2003 2456 dicto-
