<?xml version="1.0" encoding="UTF-8"?>
<!DOCTYPE html PUBLIC "-//W3C//DTD XHTML 1.0 Transitional//EN"
    "http://www.w3.org/TR/xhtml1/DTD/xhtml1-transitional.dtd">
<html xmlns="http://www.w3.org/1999/xhtml" xml:lang="en" lang="en">
 <head>
  <title>
</title>
<meta http-equiv="Content-Type" content="text/html;charset=utf-8" />
  <meta name='ocr-system' content='tesseract 3.04.00' />
  <meta name='ocr-capabilities' content='ocr_page ocr_carea ocr_par ocr_line ocrx_word'/>
</head>
<body>
  <div class='ocr_page' id='page_1' title='image "./codexdunensissiv00kervuoft/codexdunensissiv00kervuoft_0329.png"; bbox 0 0 2184 3074; ppageno 0'>
   <div class='ocr_carea' id='block_1_1' title="bbox 755 292 1743 336">
    <p class='ocr_par' dir='ltr' id='par_1_1' title="bbox 755 292 1743 336">
     <span class='ocr_line' id='line_1_1' title="bbox 755 292 1743 336; baseline 0.005 -5"><span class='ocrx_word' id='word_1_1' title='bbox 755 292 918 332; x_wconf 82' lang='lat' dir='ltr'>CODEX</span> <span class='ocrx_word' id='word_1_2' title='bbox 943 293 1188 332; x_wconf 82' lang='lat' dir='ltr'><strong>DUNENSIS.</strong></span> <span class='ocrx_word' id='word_1_3' title='bbox 1672 300 1743 336; x_wconf 74' lang='lat'><strong>287</strong></span> 
     </span>
    </p>
   </div>
   <div class='ocr_carea' id='block_1_2' title="bbox 196 411 1745 876">
    <p class='ocr_par' dir='ltr' id='par_1_2' title="bbox 196 411 1745 876">
     <span class='ocr_line' id='line_1_2' title="bbox 205 411 1744 464; baseline 0.003 -16"><span class='ocrx_word' id='word_1_4' title='bbox 205 411 291 448; x_wconf 84' lang='lat' dir='ltr'><strong>vide</strong></span> <span class='ocrx_word' id='word_1_5' title='bbox 308 411 559 462; x_wconf 72' lang='lat' dir='ltr'><strong>providendo,</strong></span> <span class='ocrx_word' id='word_1_6' title='bbox 577 411 846 449; x_wconf 70' lang='lat' dir='ltr'><strong>studiositatem</strong></span> <span class='ocrx_word' id='word_1_7' title='bbox 873 415 1030 448; x_wconf 79' lang='lat' dir='ltr'><strong>vestram</strong></span> <span class='ocrx_word' id='word_1_8' title='bbox 1052 411 1203 462; x_wconf 80' lang='lat' dir='ltr'><strong>dignam</strong></span> <span class='ocrx_word' id='word_1_9' title='bbox 1223 411 1401 449; x_wconf 86' lang='lat' dir='ltr'><strong>duximus</strong></span> <span class='ocrx_word' id='word_1_10' title='bbox 1420 413 1589 464; x_wconf 81' lang='lat' dir='ltr'><strong>specialis</strong></span> <span class='ocrx_word' id='word_1_11' title='bbox 1608 415 1744 452; x_wconf 79' lang='lat' dir='ltr'><strong>favoris</strong></span> 
     </span>
     <span class='ocr_line' id='line_1_3' title="bbox 203 467 1745 523; baseline 0.003 -17"><span class='ocrx_word' id='word_1_12' title='bbox 203 467 320 519; x_wconf 77' lang='lat' dir='ltr'><strong>gratia</strong></span> <span class='ocrx_word' id='word_1_13' title='bbox 338 468 572 507; x_wconf 79' lang='lat' dir='ltr'><strong>relevandam</strong></span> <span class='ocrx_word' id='word_1_14' title='bbox 590 474 626 506; x_wconf 85' lang='lat' dir='ltr'><strong>et</strong></span> <span class='ocrx_word' id='word_1_15' title='bbox 642 469 812 507; x_wconf 75' lang='lat' dir='ltr'><strong>salutaris</strong></span> <span class='ocrx_word' id='word_1_16' title='bbox 838 469 1040 519; x_wconf 78' lang='lat' dir='ltr'><strong>sapientiae</strong></span> <span class='ocrx_word' id='word_1_17' title='bbox 1060 469 1295 519; x_wconf 70' lang='lat' dir='ltr'><strong>margaritum</strong></span> <span class='ocrx_word' id='word_1_18' title='bbox 1321 471 1465 508; x_wconf 78' lang='lat' dir='ltr'><strong>cunctis</strong></span> <span class='ocrx_word' id='word_1_19' title='bbox 1485 472 1607 523; x_wconf 80' lang='lat' dir='ltr'><strong>regnis</strong></span> <span class='ocrx_word' id='word_1_20' title='bbox 1627 478 1663 510; x_wconf 79' lang='lat' dir='ltr'><strong>et</strong></span> <span class='ocrx_word' id='word_1_21' title='bbox 1686 486 1745 510; x_wconf 87' lang='lat' dir='ltr'><strong>re-</strong></span> 
     </span>
     <span class='ocr_line' id='line_1_4' title="bbox 202 528 1745 581; baseline 0.004 -15"><span class='ocrx_word' id='word_1_22' title='bbox 202 528 312 578; x_wconf 80' lang='lat' dir='ltr'><strong>gibus</strong></span> <span class='ocrx_word' id='word_1_23' title='bbox 327 528 621 580; x_wconf 71' lang='lat' dir='ltr'><strong>praeferendam,</strong></span> <span class='ocrx_word' id='word_1_24' title='bbox 636 542 702 579; x_wconf 85' lang='lat' dir='ltr'><strong>per</strong></span> <span class='ocrx_word' id='word_1_25' title='bbox 718 541 784 566; x_wconf 84' lang='lat' dir='ltr'><strong>vos</strong></span> <span class='ocrx_word' id='word_1_26' title='bbox 803 529 992 566; x_wconf 73' lang='lat' dir='ltr'><strong>retroactis</strong></span> <span class='ocrx_word' id='word_1_27' title='bbox 1011 530 1242 581; x_wconf 78' lang='lat' dir='ltr'><strong>temporibus</strong></span> <span class='ocrx_word' id='word_1_28' title='bbox 1260 530 1454 569; x_wconf 78' lang='lat' dir='ltr'><strong>laboriosis</strong></span> <span class='ocrx_word' id='word_1_29' title='bbox 1471 532 1606 571; x_wconf 86' lang='lat' dir='ltr'><strong>studiis</strong></span> <span class='ocrx_word' id='word_1_30' title='bbox 1623 539 1658 571; x_wconf 83' lang='lat' dir='ltr'><strong>ct</strong></span> <span class='ocrx_word' id='word_1_31' title='bbox 1674 541 1745 572; x_wconf 80' lang='lat' dir='ltr'><strong>stu-</strong></span> 
     </span>
     <span class='ocr_line' id='line_1_5' title="bbox 200 587 1745 641; baseline 0.005 -17"><span class='ocrx_word' id='word_1_32' title='bbox 200 587 314 626; x_wconf 87' lang='lat' dir='ltr'><strong>diosis</strong></span> <span class='ocrx_word' id='word_1_33' title='bbox 327 587 494 641; x_wconf 77' lang='lat' dir='ltr'><strong>laberius</strong></span> <span class='ocrx_word' id='word_1_34' title='bbox 507 588 742 638; x_wconf 70' lang='lat' dir='ltr'><strong>acquisitam,</strong></span> <span class='ocrx_word' id='word_1_35' title='bbox 753 587 921 639; x_wconf 79' lang='lat' dir='ltr'><strong>specialis</strong></span> <span class='ocrx_word' id='word_1_36' title='bbox 936 588 1116 627; x_wconf 82' lang='lat' dir='ltr'><strong>libertatis</strong></span> <span class='ocrx_word' id='word_1_37' title='bbox 1129 589 1304 639; x_wconf 83' lang='lat' dir='ltr'><strong>auspiciis</strong></span> <span class='ocrx_word' id='word_1_38' title='bbox 1318 590 1570 629; x_wconf 71' lang='lat' dir='ltr'><strong>attollendam.</strong></span> <span class='ocrx_word' id='word_1_39' title='bbox 1583 588 1678 630; x_wconf 80' lang='lat' dir='ltr'><strong>Hine</strong></span> <span class='ocrx_word' id='word_1_40' title='bbox 1691 601 1745 632; x_wconf 83' lang='lat' dir='ltr'><strong>cst</strong></span> 
     </span>
     <span class='ocr_line' id='line_1_6' title="bbox 200 645 1744 702; baseline 0.004 -19"><span class='ocrx_word' id='word_1_41' title='bbox 200 645 302 696; x_wconf 84' lang='lat' dir='ltr'><strong>quod</strong></span> <span class='ocrx_word' id='word_1_42' title='bbox 318 645 543 683; x_wconf 60' lang='lat' dir='ltr'><strong>auctoritate</strong></span> <span class='ocrx_word' id='word_1_43' title='bbox 565 646 718 697; x_wconf 81' lang='lat' dir='ltr'><strong>capituli</strong></span> <span class='ocrx_word' id='word_1_44' title='bbox 743 646 924 696; x_wconf 79' lang='lat' dir='ltr'><strong>generalis</strong></span> <span class='ocrx_word' id='word_1_45' title='bbox 948 646 1057 684; x_wconf 86' lang='lat' dir='ltr'><strong>nobis</strong></span> <span class='ocrx_word' id='word_1_46' title='bbox 1081 646 1118 684; x_wconf 91' lang='lat' dir='ltr'><strong>in</strong></span> <span class='ocrx_word' id='word_1_47' title='bbox 1144 647 1213 684; x_wconf 76' lang='lat' dir='ltr'><strong>hac</strong></span> <span class='ocrx_word' id='word_1_48' title='bbox 1240 653 1344 698; x_wconf 70' lang='lat' dir='ltr'><strong>perte</strong></span> <span class='ocrx_word' id='word_1_49' title='bbox 1367 662 1589 687; x_wconf 88' lang='lat' dir='ltr'><strong>consensum</strong></span> <span class='ocrx_word' id='word_1_50' title='bbox 1618 664 1744 702; x_wconf 79' lang='lat' dir='ltr'><strong>praes-</strong></span> 
     </span>
     <span class='ocr_line' id='line_1_7' title="bbox 199 705 1741 764; baseline 0.005 -22"><span class='ocrx_word' id='word_1_51' title='bbox 199 705 310 743; x_wconf 64' lang='lat' dir='ltr'><strong>tantis</strong></span> <span class='ocrx_word' id='word_1_52' title='bbox 330 710 366 742; x_wconf 87' lang='lat' dir='ltr'><strong>et</strong></span> <span class='ocrx_word' id='word_1_53' title='bbox 380 711 519 751; x_wconf 64' lang='lat' dir='ltr'><strong>nostra,</strong></span> <span class='ocrx_word' id='word_1_54' title='bbox 535 706 642 744; x_wconf 76' lang='lat' dir='ltr'><strong>vobis</strong></span> <span class='ocrx_word' id='word_1_55' title='bbox 664 707 902 744; x_wconf 85' lang='lat' dir='ltr'><strong>concedimus</strong></span> <span class='ocrx_word' id='word_1_56' title='bbox 918 707 1161 757; x_wconf 80' lang='lat' dir='ltr'><strong>postabbates</strong></span> <span class='ocrx_word' id='word_1_57' title='bbox 1171 708 1312 759; x_wconf 87' lang='lat' dir='ltr'><strong>ubique</strong></span> <span class='ocrx_word' id='word_1_58' title='bbox 1321 714 1433 754; x_wconf 64' lang='lat' dir='ltr'><strong>stare,</strong></span> <span class='ocrx_word' id='word_1_59' title='bbox 1445 711 1482 747; x_wconf 90' lang='lat' dir='ltr'><strong>in</strong></span> <span class='ocrx_word' id='word_1_60' title='bbox 1500 724 1623 748; x_wconf 79' lang='lat' dir='ltr'><strong>mensa</strong></span> <span class='ocrx_word' id='word_1_61' title='bbox 1639 713 1741 764; x_wconf 81' lang='lat' dir='ltr'><strong>ioqui</strong></span> 
     </span>
     <span class='ocr_line' id='line_1_8' title="bbox 197 764 1738 818; baseline 0.005 -17"><span class='ocrx_word' id='word_1_62' title='bbox 197 777 239 801; x_wconf 73' lang='lat' dir='ltr'><strong>ac</strong></span> <span class='ocrx_word' id='word_1_63' title='bbox 256 777 341 802; x_wconf 86' lang='lat' dir='ltr'><strong>cum</strong></span> <span class='ocrx_word' id='word_1_64' title='bbox 362 765 552 802; x_wconf 75' lang='lat' dir='ltr'><strong>monachis</strong></span> <span class='ocrx_word' id='word_1_65' title='bbox 571 764 608 802; x_wconf 88' lang='lat' dir='ltr'><strong>in</strong></span> <span class='ocrx_word' id='word_1_66' title='bbox 627 765 803 811; x_wconf 79' lang='lat' dir='ltr'><strong>abbatiis,</strong></span> <span class='ocrx_word' id='word_1_67' title='bbox 823 765 932 802; x_wconf 79' lang='lat' dir='ltr'><strong>etiam</strong></span> <span class='ocrx_word' id='word_1_68' title='bbox 954 765 990 802; x_wconf 89' lang='lat' dir='ltr'><strong>in</strong></span> <span class='ocrx_word' id='word_1_69' title='bbox 1012 766 1156 804; x_wconf 78' lang='lat' dir='ltr'><strong>abbatis</strong></span> <span class='ocrx_word' id='word_1_70' title='bbox 1174 767 1229 803; x_wconf 80' lang='lat' dir='ltr'><strong>ve!</strong></span> <span class='ocrx_word' id='word_1_71' title='bbox 1249 767 1492 818; x_wconf 75' lang='lat' dir='ltr'><strong>praesidentis</strong></span> <span class='ocrx_word' id='word_1_72' title='bbox 1513 770 1680 807; x_wconf 75' lang='lat' dir='ltr'><strong>absentia</strong></span> <span class='ocrx_word' id='word_1_73' title='bbox 1702 772 1738 809; x_wconf 90' lang='lat' dir='ltr'><strong>in</strong></span> 
     </span>
     <span class='ocr_line' id='line_1_9' title="bbox 196 823 1352 876; baseline 0.003 -15"><span class='ocrx_word' id='word_1_74' title='bbox 196 823 366 874; x_wconf 87' lang='lat' dir='ltr'><strong>hospitiis</strong></span> <span class='ocrx_word' id='word_1_75' title='bbox 385 837 468 861; x_wconf 89' lang='lat' dir='ltr'><strong>cum</strong></span> <span class='ocrx_word' id='word_1_76' title='bbox 490 824 653 862; x_wconf 76' lang='lat' dir='ltr'><strong>honestis</strong></span> <span class='ocrx_word' id='word_1_77' title='bbox 672 830 708 862; x_wconf 81' lang='lat' dir='ltr'><strong>et</strong></span> <span class='ocrx_word' id='word_1_78' title='bbox 725 825 936 863; x_wconf 87' lang='lat' dir='ltr'><strong>reverendis</strong></span> <span class='ocrx_word' id='word_1_79' title='bbox 956 826 1124 876; x_wconf 86' lang='lat' dir='ltr'><strong>personis</strong></span> <span class='ocrx_word' id='word_1_80' title='bbox 1145 827 1352 864; x_wconf 88' lang='lat' dir='ltr'><strong>comedere.</strong></span> 
     </span>
    </p>
   </div>
   <div class='ocr_carea' id='block_1_3' title="bbox 904 941 1009 949">
    <p class='ocr_par' dir='ltr' id='par_1_3' title="bbox 904 941 1009 949">
     <span class='ocr_line' id='line_1_10' title="bbox 904 941 1009 949; baseline -0.01 0"><span class='ocrx_word' id='word_1_81' title='bbox 904 941 1009 949; x_wconf 28' lang='grc'><strong>7-0..-</strong></span> 
     </span>
    </p>
   </div>
   <div class='ocr_carea' id='block_1_4' title="bbox 859 1075 1084 1114">
    <p class='ocr_par' dir='ltr' id='par_1_4' title="bbox 859 1075 1084 1114">
     <span class='ocr_line' id='line_1_11' title="bbox 859 1075 1084 1114; baseline 0.004 -3"><span class='ocrx_word' id='word_1_82' title='bbox 859 1075 1084 1114; x_wconf 58' lang='grc' dir='ltr'>(ΙΒΧΧΧῪΙ,</span> 
     </span>
    </p>
   </div>
   <div class='ocr_carea' id='block_1_5' title="bbox 197 1190 1741 1346">
    <p class='ocr_par' dir='ltr' id='par_1_5' title="bbox 197 1190 1741 1346">
     <span class='ocr_line' id='line_1_12' title="bbox 197 1190 1741 1244; baseline 0.001 -16"><span class='ocrx_word' id='word_1_83' title='bbox 197 1190 465 1242; x_wconf 71' lang='lat' dir='ltr'><strong>L&#39;arclteveque</strong></span> <span class='ocrx_word' id='word_1_84' title='bbox 487 1192 530 1229; x_wconf 74' lang='lat' dir='ltr'><strong>cle</strong></span> <span class='ocrx_word' id='word_1_85' title='bbox 550 1193 692 1230; x_wconf 78' lang='lat' dir='ltr'><strong>Reims&#39;</strong></span> <span class='ocrx_word' id='word_1_86' title='bbox 712 1192 876 1230; x_wconf 81' lang='lat' dir='ltr'><strong>ordonne</strong></span> <span class='ocrx_word' id='word_1_87' title='bbox 893 1193 929 1229; x_wconf 83' lang='lat' dir='ltr'><strong>la</strong></span> <span class='ocrx_word' id='word_1_88' title='bbox 953 1192 1045 1229; x_wconf 81' lang='lat' dir='ltr'><strong>leve&#39;e</strong></span> <span class='ocrx_word' id='word_1_89' title='bbox 1066 1192 1110 1229; x_wconf 84' lang='lat' dir='ltr'><strong>de</strong></span> <span class='ocrx_word' id='word_1_90' title='bbox 1134 1194 1310 1229; x_wconf 78' lang='lat' dir='ltr'><strong>certaines</strong></span> <span class='ocrx_word' id='word_1_91' title='bbox 1335 1199 1436 1230; x_wconf 75' lang='lat' dir='ltr'><strong>laxes</strong></span> <span class='ocrx_word' id='word_1_92' title='bbox 1458 1193 1741 1244; x_wconf 61' lang='lat' dir='ltr'><strong>ecclesiaseiques</strong></span> 
     </span>
     <span class='ocr_line' id='line_1_13' title="bbox 240 1250 1739 1301; baseline 0.001 -15"><span class='ocrx_word' id='word_1_93' title='bbox 240 1261 341 1298; x_wconf 81' lang='lat' dir='ltr'><strong>pour</strong></span> <span class='ocrx_word' id='word_1_94' title='bbox 356 1250 455 1299; x_wconf 77' lang='lat' dir='ltr'><strong>faire</strong></span> <span class='ocrx_word' id='word_1_95' title='bbox 472 1250 552 1300; x_wconf 82' lang='lat' dir='ltr'><strong>face</strong></span> <span class='ocrx_word' id='word_1_96' title='bbox 574 1264 651 1287; x_wconf 77' lang='lat' dir='ltr'><strong>aux</strong></span> <span class='ocrx_word' id='word_1_97' title='bbox 670 1250 840 1300; x_wconf 80' lang='lat' dir='ltr'><strong>de&#39;penses</strong></span> <span class='ocrx_word' id='word_1_98' title='bbox 858 1252 923 1301; x_wconf 71' lang='grc' dir='ltr'><strong>(μα’</strong></span> <span class='ocrx_word' id='word_1_99' title='bbox 941 1250 1162 1287; x_wconf 68' lang='lat' dir='ltr'><strong>re&#39;sulteramc</strong></span> <span class='ocrx_word' id='word_1_100' title='bbox 1191 1251 1240 1286; x_wconf 72' lang='lat' dir='ltr'><strong>clu</strong></span> <span class='ocrx_word' id='word_1_101' title='bbox 1262 1252 1390 1300; x_wconf 69' lang='lat' dir='ltr'><strong>proces</strong></span> <span class='ocrx_word' id='word_1_102' title='bbox 1412 1257 1563 1287; x_wconf 67' lang='lat' dir='ltr'><strong>sontem«</strong></span> <span class='ocrx_word' id='word_1_103' title='bbox 1589 1252 1612 1287; x_wconf 85' lang='grc' dir='ltr'><em>ἁ</em></span> <span class='ocrx_word' id='word_1_104' title='bbox 1631 1252 1739 1288; x_wconf 83' lang='lat' dir='ltr'><strong>Rome</strong></span> 
     </span>
     <span class='ocr_line' id='line_1_14' title="bbox 245 1308 787 1346; baseline 0.002 -2"><span class='ocrx_word' id='word_1_105' title='bbox 245 1314 367 1345; x_wconf 79' lang='lat' dir='ltr'><strong>contre</strong></span> <span class='ocrx_word' id='word_1_106' title='bbox 387 1308 436 1345; x_wconf 81' lang='lat' dir='ltr'><strong>les</strong></span> <span class='ocrx_word' id='word_1_107' title='bbox 454 1310 588 1346; x_wconf 60' lang='lat' dir='ltr'><strong>Frbres</strong></span> <span class='ocrx_word' id='word_1_108' title='bbox 609 1310 787 1346; x_wconf 74' lang='lat' dir='ltr'><strong>Mineews.</strong></span> 
     </span>
    </p>
   </div>
   <div class='ocr_carea' id='block_1_6' title="bbox 195 1483 1741 2360">
    <p class='ocr_par' dir='ltr' id='par_1_6' title="bbox 198 1483 1740 1594">
     <span class='ocr_line' id='line_1_15' title="bbox 245 1483 1740 1535; baseline 0 -15"><span class='ocrx_word' id='word_1_109' title='bbox 245 1483 284 1520; x_wconf 90' lang='lat' dir='ltr'><strong>P.</strong></span> <span class='ocrx_word' id='word_1_110' title='bbox 304 1484 372 1521; x_wconf 86' lang='lat' dir='ltr'><strong>Dei</strong></span> <span class='ocrx_word' id='word_1_111' title='bbox 390 1485 504 1535; x_wconf 81' lang='lat' dir='ltr'><strong>gratia</strong></span> <span class='ocrx_word' id='word_1_112' title='bbox 526 1485 717 1523; x_wconf 83' lang='lat' dir='ltr'><strong>Remensis</strong></span> <span class='ocrx_word' id='word_1_113' title='bbox 735 1484 1036 1535; x_wconf 74' lang='lat' dir='ltr'><strong>archiepiscopus</strong></span> <span class='ocrx_word' id='word_1_114' title='bbox 1052 1489 1104 1520; x_wconf 87' lang='lat' dir='ltr'><strong>et.</strong></span> <span class='ocrx_word' id='word_1_115' title='bbox 1118 1513 1125 1520; x_wconf 93' lang='lat'><strong>.</strong></span> <span class='ocrx_word' id='word_1_116' title='bbox 1160 1513 1167 1520; x_wconf 90' lang='lat'><strong>.</strong></span> <span class='ocrx_word' id='word_1_117' title='bbox 1181 1514 1206 1519; x_wconf 95' lang='lat'><strong>..</strong></span> <span class='ocrx_word' id='word_1_118' title='bbox 1226 1497 1331 1535; x_wconf 86' lang='lat' dir='ltr'><strong>..per</strong></span> <span class='ocrx_word' id='word_1_119' title='bbox 1348 1484 1512 1533; x_wconf 84' lang='lat' dir='ltr'><strong>ejusdem</strong></span> <span class='ocrx_word' id='word_1_120' title='bbox 1533 1483 1740 1534; x_wconf 83' lang='lat' dir='ltr'><strong>permissio-</strong></span> 
     </span>
     <span class='ocr_line' id='line_1_16' title="bbox 198 1540 748 1594; baseline 0.002 -14"><span class='ocrx_word' id='word_1_121' title='bbox 198 1555 281 1580; x_wconf 89' lang='lat' dir='ltr'><strong>nem</strong></span> <span class='ocrx_word' id='word_1_122' title='bbox 303 1543 467 1594; x_wconf 85' lang='lat' dir='ltr'><strong>episcopi</strong></span> <span class='ocrx_word' id='word_1_123' title='bbox 489 1540 662 1589; x_wconf 73' lang='lat' dir='ltr'><strong>salufem,</strong></span> <span class='ocrx_word' id='word_1_124' title='bbox 678 1548 748 1581; x_wconf 85' lang='lat' dir='ltr'><strong>etc.</strong></span> 
     </span>
    </p>

    <p class='ocr_par' dir='ltr' id='par_1_7' title="bbox 195 1600 1741 2360">
     <span class='ocr_line' id='line_1_17' title="bbox 244 1600 1740 1653; baseline -0.002 -14"><span class='ocrx_word' id='word_1_125' title='bbox 244 1602 301 1639; x_wconf 88' lang='lat' dir='ltr'><strong>Ad</strong></span> <span class='ocrx_word' id='word_1_126' title='bbox 320 1602 621 1640; x_wconf 81' lang='lat' dir='ltr'><strong>fructificandum</strong></span> <span class='ocrx_word' id='word_1_127' title='bbox 642 1603 679 1639; x_wconf 91' lang='lat' dir='ltr'><strong>in</strong></span> <span class='ocrx_word' id='word_1_128' title='bbox 699 1603 850 1640; x_wconf 79' lang='lat' dir='ltr'><strong>ecclesia</strong></span> <span class='ocrx_word' id='word_1_129' title='bbox 871 1616 967 1653; x_wconf 84' lang='lat' dir='ltr'><strong>quae</strong></span> <span class='ocrx_word' id='word_1_130' title='bbox 994 1616 1081 1652; x_wconf 76' lang='lat' dir='ltr'><strong>ager</strong></span> <span class='ocrx_word' id='word_1_131' title='bbox 1098 1602 1249 1638; x_wconf 90' lang='lat' dir='ltr'><strong>divinus</strong></span> <span class='ocrx_word' id='word_1_132' title='bbox 1267 1600 1406 1637; x_wconf 84' lang='lat' dir='ltr'><strong>dicitur</strong></span> <span class='ocrx_word' id='word_1_133' title='bbox 1424 1600 1480 1637; x_wconf 74' lang='lat' dir='ltr'><strong>vei</strong></span> <span class='ocrx_word' id='word_1_134' title='bbox 1501 1605 1740 1651; x_wconf 79' lang='lat' dir='ltr'><strong>nuncupatur</strong></span> 
     </span>
     <span class='ocr_line' id='line_1_18' title="bbox 195 1659 1739 1709; baseline -0.003 -11"><span class='ocrx_word' id='word_1_135' title='bbox 195 1660 366 1698; x_wconf 87' lang='lat' dir='ltr'><strong>sensibus</strong></span> <span class='ocrx_word' id='word_1_136' title='bbox 395 1661 530 1698; x_wconf 83' lang='lat' dir='ltr'><strong>nostris</strong></span> <span class='ocrx_word' id='word_1_137' title='bbox 557 1661 675 1698; x_wconf 85' lang='lat' dir='ltr'><strong>inesse</strong></span> <span class='ocrx_word' id='word_1_138' title='bbox 699 1661 832 1698; x_wconf 79' lang='lat' dir='ltr'><strong>debeat</strong></span> <span class='ocrx_word' id='word_1_139' title='bbox 859 1661 919 1698; x_wconf 77' lang='lat' dir='ltr'><strong>illa</strong></span> <span class='ocrx_word' id='word_1_140' title='bbox 948 1660 1162 1698; x_wconf 78' lang='lat' dir='ltr'><strong>sollicitudo</strong></span> <span class='ocrx_word' id='word_1_141' title='bbox 1195 1659 1372 1696; x_wconf 80' lang='lat' dir='ltr'><strong>continua</strong></span> <span class='ocrx_word' id='word_1_142' title='bbox 1400 1663 1739 1709; x_wconf 83' lang='lat' dir='ltr'><strong>quantumcunque</strong></span> 
     </span>
     <span class='ocr_line' id='line_1_19' title="bbox 196 1717 1739 1770; baseline -0.001 -14"><span class='ocrx_word' id='word_1_143' title='bbox 196 1719 341 1756; x_wconf 80' lang='lat' dir='ltr'><strong>diversa</strong></span> <span class='ocrx_word' id='word_1_144' title='bbox 365 1719 509 1770; x_wconf 80' lang='lat' dir='ltr'><strong>negotia</strong></span> <span class='ocrx_word' id='word_1_145' title='bbox 535 1732 631 1770; x_wconf 82' lang='lat' dir='ltr'><strong>quae</strong></span> <span class='ocrx_word' id='word_1_146' title='bbox 650 1719 759 1756; x_wconf 90' lang='lat' dir='ltr'><strong>nobis</strong></span> <span class='ocrx_word' id='word_1_147' title='bbox 783 1719 1006 1757; x_wconf 73' lang='lat' dir='ltr'><strong>incombunt</strong></span> <span class='ocrx_word' id='word_1_148' title='bbox 1023 1733 1067 1756; x_wconf 88' lang='lat' dir='ltr'><strong>cx</strong></span> <span class='ocrx_word' id='word_1_149' title='bbox 1094 1719 1218 1756; x_wconf 85' lang='lat' dir='ltr'><strong>officio</strong></span> <span class='ocrx_word' id='word_1_150' title='bbox 1241 1718 1369 1755; x_wconf 80' lang='lat' dir='ltr'><strong>debito</strong></span> <span class='ocrx_word' id='word_1_151' title='bbox 1387 1717 1637 1754; x_wconf 85' lang='lat' dir='ltr'><strong>diversimode</strong></span> <span class='ocrx_word' id='word_1_152' title='bbox 1661 1718 1739 1755; x_wconf 88' lang='lat' dir='ltr'><strong>dis-</strong></span> 
     </span>
     <span class='ocr_line' id='line_1_20' title="bbox 198 1776 1739 1829; baseline 0 -15"><span class='ocrx_word' id='word_1_153' title='bbox 198 1777 346 1815; x_wconf 74' lang='lat' dir='ltr'><strong>trahant</strong></span> <span class='ocrx_word' id='word_1_154' title='bbox 364 1782 504 1815; x_wconf 87' lang='lat' dir='ltr'><strong>mentes</strong></span> <span class='ocrx_word' id='word_1_155' title='bbox 532 1781 695 1823; x_wconf 74' lang='lat' dir='ltr'><strong>nostras,</strong></span> <span class='ocrx_word' id='word_1_156' title='bbox 720 1777 766 1815; x_wconf 80' lang='lat' dir='ltr'><strong>ad</strong></span> <span class='ocrx_word' id='word_1_157' title='bbox 795 1778 856 1815; x_wconf 80' lang='lat' dir='ltr'><strong>illa</strong></span> <span class='ocrx_word' id='word_1_158' title='bbox 885 1784 1007 1815; x_wconf 81' lang='lat' dir='ltr'><strong>tumen</strong></span> <span class='ocrx_word' id='word_1_159' title='bbox 1033 1778 1233 1829; x_wconf 79' lang='lat' dir='ltr'><strong>praecipue</strong></span> <span class='ocrx_word' id='word_1_160' title='bbox 1257 1777 1410 1814; x_wconf 82' lang='lat' dir='ltr'><strong>intimae</strong></span> <span class='ocrx_word' id='word_1_161' title='bbox 1433 1776 1739 1814; x_wconf 79' lang='lat' dir='ltr'><strong>considerationis</strong></span> 
     </span>
     <span class='ocr_line' id='line_1_21' title="bbox 197 1834 1741 1888; baseline -0.001 -14"><span class='ocrx_word' id='word_1_162' title='bbox 197 1836 324 1874; x_wconf 80' lang='lat' dir='ltr'><strong>oculos</strong></span> <span class='ocrx_word' id='word_1_163' title='bbox 342 1835 546 1887; x_wconf 77' lang='lat' dir='ltr'><strong>dirigamus</strong></span> <span class='ocrx_word' id='word_1_164' title='bbox 564 1850 632 1887; x_wconf 83' lang='lat' dir='ltr'><strong>per</strong></span> <span class='ocrx_word' id='word_1_165' title='bbox 648 1850 743 1888; x_wconf 84' lang='lat' dir='ltr'><strong>quae</strong></span> <span class='ocrx_word' id='word_1_166' title='bbox 761 1837 898 1874; x_wconf 88' lang='lat' dir='ltr'><strong>vitetur</strong></span> <span class='ocrx_word' id='word_1_167' title='bbox 916 1834 1125 1888; x_wconf 85' lang='lat' dir='ltr'><strong>periculum</strong></span> <span class='ocrx_word' id='word_1_168' title='bbox 1144 1836 1367 1873; x_wconf 80' lang='lat' dir='ltr'><strong>animarum.</strong></span> <span class='ocrx_word' id='word_1_169' title='bbox 1387 1836 1479 1873; x_wconf 90' lang='lat' dir='ltr'><strong>Cum</strong></span> <span class='ocrx_word' id='word_1_170' title='bbox 1501 1835 1626 1886; x_wconf 82' lang='lat' dir='ltr'><strong>itaque</strong></span> <span class='ocrx_word' id='word_1_171' title='bbox 1645 1836 1741 1873; x_wconf 87' lang='lat' dir='ltr'><strong>inter</strong></span> 
     </span>
     <span class='ocr_line' id='line_1_22' title="bbox 198 1897 1736 1949; baseline 0 -16"><span class='ocrx_word' id='word_1_172' title='bbox 198 1909 264 1934; x_wconf 91' lang='lat' dir='ltr'><strong>nos</strong></span> <span class='ocrx_word' id='word_1_173' title='bbox 283 1901 319 1934; x_wconf 85' lang='lat' dir='ltr'><strong>et</strong></span> <span class='ocrx_word' id='word_1_174' title='bbox 338 1897 438 1934; x_wconf 87' lang='lat' dir='ltr'><strong>viros</strong></span> <span class='ocrx_word' id='word_1_175' title='bbox 458 1897 649 1948; x_wconf 76' lang='lat' dir='ltr'><strong>religiosos</strong></span> <span class='ocrx_word' id='word_1_176' title='bbox 669 1898 798 1935; x_wconf 83' lang='lat' dir='ltr'><strong>fratres</strong></span> <span class='ocrx_word' id='word_1_177' title='bbox 820 1898 1028 1949; x_wconf 76' lang='lat' dir='ltr'><strong>praedictos</strong></span> <span class='ocrx_word' id='word_1_178' title='bbox 1054 1903 1090 1935; x_wconf 83' lang='lat' dir='ltr'><strong>et</strong></span> <span class='ocrx_word' id='word_1_179' title='bbox 1113 1898 1291 1943; x_wconf 68' lang='lat' dir='ltr'><strong>minores,</strong></span> <span class='ocrx_word' id='word_1_180' title='bbox 1321 1897 1514 1934; x_wconf 79' lang='lat' dir='ltr'><strong>occasione</strong></span> <span class='ocrx_word' id='word_1_181' title='bbox 1543 1897 1736 1946; x_wconf 82' lang='lat' dir='ltr'><strong>cujusdam</strong></span> 
     </span>
     <span class='ocr_line' id='line_1_23' title="bbox 197 1955 1740 2007; baseline 0 -16"><span class='ocrx_word' id='word_1_182' title='bbox 197 1955 445 1992; x_wconf 88' lang='lat' dir='ltr'><strong>concessionis</strong></span> <span class='ocrx_word' id='word_1_183' title='bbox 471 1968 491 1992; x_wconf 82' lang='lat' dir='ltr'><strong>a</strong></span> <span class='ocrx_word' id='word_1_184' title='bbox 522 1955 638 1993; x_wconf 84' lang='lat' dir='ltr'><strong>felicis</strong></span> <span class='ocrx_word' id='word_1_185' title='bbox 670 1955 938 1994; x_wconf 80' lang='lat' dir='ltr'><strong>recordationis</strong></span> <span class='ocrx_word' id='word_1_186' title='bbox 968 1956 1122 2007; x_wconf 82' lang='lat' dir='ltr'><strong>domino</strong></span> <span class='ocrx_word' id='word_1_187' title='bbox 1151 1955 1309 1993; x_wconf 77' lang='lat' dir='ltr'><strong>Mart-ino</strong></span> <span class='ocrx_word' id='word_1_188' title='bbox 1342 1968 1436 2006; x_wconf 81' lang='lat' dir='ltr'><strong>papa</strong></span> <span class='ocrx_word' id='word_1_189' title='bbox 1465 1959 1598 2005; x_wconf 81' lang='lat' dir='ltr'><strong>quarto</strong></span> <span class='ocrx_word' id='word_1_190' title='bbox 1627 1968 1740 2005; x_wconf 87' lang='lat' dir='ltr'><strong>super</strong></span> 
     </span>
     <span class='ocr_line' id='line_1_24' title="bbox 197 2013 1738 2067; baseline 0.001 -17"><span class='ocrx_word' id='word_1_191' title='bbox 197 2013 491 2051; x_wconf 84' lang='lat' dir='ltr'><strong>confessionibus</strong></span> <span class='ocrx_word' id='word_1_192' title='bbox 522 2013 717 2052; x_wconf 82' lang='lat' dir='ltr'><strong>audiendis</strong></span> <span class='ocrx_word' id='word_1_193' title='bbox 745 2019 781 2052; x_wconf 88' lang='lat' dir='ltr'><strong>et</strong></span> <span class='ocrx_word' id='word_1_194' title='bbox 816 2015 1055 2066; x_wconf 82' lang='lat' dir='ltr'><strong>injungendis</strong></span> <span class='ocrx_word' id='word_1_195' title='bbox 1084 2015 1322 2067; x_wconf 79' lang='lat' dir='ltr'><strong>poenitentiis</strong></span> <span class='ocrx_word' id='word_1_196' title='bbox 1354 2014 1425 2051; x_wconf 85' lang='lat' dir='ltr'><strong>sibi</strong></span> <span class='ocrx_word' id='word_1_197' title='bbox 1455 2015 1583 2057; x_wconf 58' lang='lat' dir='ltr'><strong>factam</strong></span> <span class='ocrx_word' id='word_1_198' title='bbox 1616 2014 1738 2063; x_wconf 81' lang='lat' dir='ltr'><strong>gravis</strong></span> 
     </span>
     <span class='ocr_line' id='line_1_25' title="bbox 197 2072 1737 2121; baseline 0.001 -14"><span class='ocrx_word' id='word_1_199' title='bbox 197 2075 290 2108; x_wconf 87' lang='lat' dir='ltr'><strong>esset</strong></span> <span class='ocrx_word' id='word_1_200' title='bbox 311 2075 391 2109; x_wconf 80' lang='lat' dir='ltr'><strong>orta</strong></span> <span class='ocrx_word' id='word_1_201' title='bbox 417 2072 595 2110; x_wconf 87' lang='lat' dir='ltr'><strong>dissentio</strong></span> <span class='ocrx_word' id='word_1_202' title='bbox 622 2078 658 2110; x_wconf 84' lang='lat' dir='ltr'><strong>et</strong></span> <span class='ocrx_word' id='word_1_203' title='bbox 683 2073 921 2112; x_wconf 80' lang='lat' dir='ltr'><strong>dissentionis</strong></span> <span class='ocrx_word' id='word_1_204' title='bbox 946 2075 1117 2121; x_wconf 64' lang='lat' dir='ltr'><strong>materia,</strong></span> <span class='ocrx_word' id='word_1_205' title='bbox 1145 2075 1241 2111; x_wconf 88' lang='lat' dir='ltr'><strong>sicut</strong></span> <span class='ocrx_word' id='word_1_206' title='bbox 1271 2072 1548 2110; x_wconf 78' lang='lat' dir='ltr'><strong>universitatem</strong></span> <span class='ocrx_word' id='word_1_207' title='bbox 1580 2077 1737 2109; x_wconf 80' lang='lat' dir='ltr'><strong>vestram</strong></span> 
     </span>
     <span class='ocr_line' id='line_1_26' title="bbox 198 2129 1740 2184; baseline 0 -18"><span class='ocrx_word' id='word_1_208' title='bbox 198 2129 384 2168; x_wconf 85' lang='lat' dir='ltr'><strong>credimus</strong></span> <span class='ocrx_word' id='word_1_209' title='bbox 403 2144 477 2168; x_wconf 93' lang='lat' dir='ltr'><strong>non</strong></span> <span class='ocrx_word' id='word_1_210' title='bbox 498 2132 624 2179; x_wconf 77' lang='lat' dir='ltr'><strong>latere⁷</strong></span> <span class='ocrx_word' id='word_1_211' title='bbox 643 2146 711 2183; x_wconf 83' lang='lat' dir='ltr'><strong>pro</strong></span> <span class='ocrx_word' id='word_1_212' title='bbox 732 2145 775 2170; x_wconf 87' lang='lat' dir='ltr'><strong>eo</strong></span> <span class='ocrx_word' id='word_1_213' title='bbox 793 2132 965 2170; x_wconf 83' lang='lat' dir='ltr'><strong>videlicet.</strong></span> <span class='ocrx_word' id='word_1_214' title='bbox 982 2133 1084 2184; x_wconf 89' lang='lat' dir='ltr'><strong>quod</strong></span> <span class='ocrx_word' id='word_1_215' title='bbox 1106 2133 1202 2170; x_wconf 90' lang='lat' dir='ltr'><strong>idem</strong></span> <span class='ocrx_word' id='word_1_216' title='bbox 1223 2132 1352 2168; x_wconf 83' lang='lat' dir='ltr'><strong>fratres</strong></span> <span class='ocrx_word' id='word_1_217' title='bbox 1373 2130 1502 2167; x_wconf 85' lang='lat' dir='ltr'><strong>dicunt</strong></span> <span class='ocrx_word' id='word_1_218' title='bbox 1521 2135 1556 2167; x_wconf 86' lang='lat' dir='ltr'><strong>et</strong></span> <span class='ocrx_word' id='word_1_219' title='bbox 1573 2135 1740 2167; x_wconf 81' lang='lat' dir='ltr'><strong>asserunt</strong></span> 
     </span>
     <span class='ocr_line' id='line_1_27' title="bbox 198 2187 1737 2242; baseline 0.001 -18"><span class='ocrx_word' id='word_1_220' title='bbox 198 2201 236 2224; x_wconf 86' lang='lat' dir='ltr'><strong>se</strong></span> <span class='ocrx_word' id='word_1_221' title='bbox 255 2187 460 2239; x_wconf 82' lang='lat' dir='ltr'><strong>intelligere</strong></span> <span class='ocrx_word' id='word_1_222' title='bbox 481 2202 522 2226; x_wconf 92' lang='lat' dir='ltr'><strong>eo</strong></span> <span class='ocrx_word' id='word_1_223' title='bbox 540 2190 652 2227; x_wconf 88' lang='lat' dir='ltr'><strong>modo</strong></span> <span class='ocrx_word' id='word_1_224' title='bbox 678 2191 780 2242; x_wconf 90' lang='lat' dir='ltr'><strong>quod</strong></span> <span class='ocrx_word' id='word_1_225' title='bbox 800 2191 965 2228; x_wconf 81' lang='lat' dir='ltr'><strong>dilucide</strong></span> <span class='ocrx_word' id='word_1_226' title='bbox 989 2191 1142 2228; x_wconf 81' lang='lat' dir='ltr'><strong>obviant</strong></span> <span class='ocrx_word' id='word_1_227' title='bbox 1155 2190 1231 2241; x_wconf 86' lang='lat' dir='ltr'><strong>juri</strong></span> <span class='ocrx_word' id='word_1_228' title='bbox 1253 2189 1442 2226; x_wconf 69' lang='lat' dir='ltr'><strong>communi</strong></span> <span class='ocrx_word' id='word_1_229' title='bbox 1468 2193 1502 2225; x_wconf 89' lang='lat' dir='ltr'><strong>et</strong></span> <span class='ocrx_word' id='word_1_230' title='bbox 1519 2188 1684 2226; x_wconf 80' lang='lat' dir='ltr'><strong>consiliis</strong></span> <span class='ocrx_word' id='word_1_231' title='bbox 1701 2193 1737 2225; x_wconf 84' lang='lat' dir='ltr'><strong>et</strong></span> 
     </span>
     <span class='ocr_line' id='line_1_28' title="bbox 198 2247 1737 2300; baseline 0.001 -17"><span class='ocrx_word' id='word_1_232' title='bbox 198 2247 454 2284; x_wconf 85' lang='lat' dir='ltr'><strong>constitutioni</strong></span> <span class='ocrx_word' id='word_1_233' title='bbox 477 2247 634 2286; x_wconf 81' lang='lat' dir='ltr'><strong>Romani</strong></span> <span class='ocrx_word' id='word_1_234' title='bbox 660 2249 847 2300; x_wconf 80' lang='lat' dir='ltr'><strong>pontificis</strong></span> <span class='ocrx_word' id='word_1_235' title='bbox 874 2254 909 2287; x_wconf 89' lang='lat' dir='ltr'><strong>et</strong></span> <span class='ocrx_word' id='word_1_236' title='bbox 934 2250 1146 2296; x_wconf 74' lang='lat' dir='ltr'><strong>intentioni,</strong></span> <span class='ocrx_word' id='word_1_237' title='bbox 1168 2278 1298 2286; x_wconf 90' lang='grc'><strong>......</strong></span> <span class='ocrx_word' id='word_1_238' title='bbox 1327 2262 1371 2284; x_wconf 80' lang='lat' dir='ltr'><strong>ex</strong></span> <span class='ocrx_word' id='word_1_239' title='bbox 1399 2247 1538 2298; x_wconf 87' lang='lat' dir='ltr'><strong>quibus</strong></span> <span class='ocrx_word' id='word_1_240' title='bbox 1561 2247 1737 2284; x_wconf 78' lang='lat' dir='ltr'><strong>assertio-</strong></span> 
     </span>
     <span class='ocr_line' id='line_1_29' title="bbox 200 2306 1736 2360; baseline -0.001 -17"><span class='ocrx_word' id='word_1_241' title='bbox 200 2306 310 2344; x_wconf 90' lang='lat' dir='ltr'><strong>nibus</strong></span> <span class='ocrx_word' id='word_1_242' title='bbox 344 2308 662 2357; x_wconf 79' lang='lat' dir='ltr'><strong>praesumptuosis</strong></span> <span class='ocrx_word' id='word_1_243' title='bbox 696 2309 995 2360; x_wconf 78' lang='lat' dir='ltr'><strong>temerariisquc,</strong></span> <span class='ocrx_word' id='word_1_244' title='bbox 1033 2309 1134 2359; x_wconf 87' lang='lat' dir='ltr'><strong>quod</strong></span> <span class='ocrx_word' id='word_1_245' title='bbox 1171 2308 1337 2345; x_wconf 76' lang='lat' dir='ltr'><strong>dolentes</strong></span> <span class='ocrx_word' id='word_1_246' title='bbox 1373 2306 1583 2351; x_wconf 70' lang='lat' dir='ltr'><strong>referimus,</strong></span> <span class='ocrx_word' id='word_1_247' title='bbox 1620 2307 1736 2343; x_wconf 80' lang='lat' dir='ltr'><strong>muita</strong></span> 
     </span>
    </p>
   </div>
   <div class='ocr_carea' id='block_1_7' title="bbox 241 2415 1086 2450">
    <p class='ocr_par' dir='ltr' id='par_1_8' title="bbox 241 2415 1086 2450">
     <span class='ocr_line' id='line_1_30' title="bbox 241 2415 1086 2450; baseline -0.001 -8"><span class='ocrx_word' id='word_1_248' title='bbox 241 2419 250 2432; x_wconf 81' lang='lat'><strong>¹</strong></span> <span class='ocrx_word' id='word_1_249' title='bbox 272 2417 362 2442; x_wconf 75' lang='lat' dir='ltr'><strong>l‘ierre</strong></span> <span class='ocrx_word' id='word_1_250' title='bbox 377 2416 487 2448; x_wconf 81' lang='lat' dir='ltr'><strong>Barbet,</strong></span> <span class='ocrx_word' id='word_1_251' title='bbox 501 2416 667 2450; x_wconf 75' lang='lat' dir='ltr'><strong>nrchcchuc</strong></span> <span class='ocrx_word' id='word_1_252' title='bbox 680 2416 712 2442; x_wconf 88' lang='lat' dir='ltr'><strong>dc</strong></span> <span class='ocrx_word' id='word_1_253' title='bbox 729 2416 830 2448; x_wconf 79' lang='lat' dir='ltr'><strong>Reims,</strong></span> <span class='ocrx_word' id='word_1_254' title='bbox 845 2416 878 2442; x_wconf 87' lang='lat' dir='ltr'><strong>de</strong></span> <span class='ocrx_word' id='word_1_255' title='bbox 893 2415 962 2442; x_wconf 68' lang='lat'><strong>¹274</strong></span> <span class='ocrx_word' id='word_1_256' title='bbox 977 2416 990 2442; x_wconf 79' lang='grc' dir='ltr'><strong>Ξι</strong></span> <span class='ocrx_word' id='word_1_257' title='bbox 1010 2415 1086 2442; x_wconf 62' lang='grc' dir='ltr'><strong>ΝΩΒ.</strong></span> 
     </span>
    </p>
   </div>
  </div>
 </body>
</html>
