2184 3074
458 367 505 404 66
1010 362 1170 400 CODEX
1197 361 1356 399 DUNEN
1362 360 1440 398 SlS.

461 483 664 534 impetratis
678 483 734 519 vel
750 481 991 532 impetrandis
1003 509 1012 524 ,
1029 478 1210 516 beneficio
1229 476 1473 515 restitutionis
1493 477 1532 513 in
1555 477 1739 527 integrum
1761 481 1797 514 et
1816 477 1992 514 omnibus

461 542 542 578 aliis
569 554 664 591 quae
691 539 879 590 praedicto
907 538 1060 575 domino
1090 565 1248 573 .......
1275 539 1311 572 et
1336 534 1505 586 personis
1532 534 1732 571 nominatis
1756 534 1928 585 superius
1955 535 1992 571 in

462 599 672 652 praemissis
691 599 818 636 obesse
835 602 985 648 possent
1001 601 1037 633 et
1054 596 1163 632 nobis
1179 594 1364 645 prodesse.
1382 594 1424 630 In
1442 593 1548 643 cujus
1565 593 1617 630 rei
1629 622 1638 639 ‚
1658 597 1726 630 ete.

1169 709 1289 720 -ae-o-oe—

1192 841 1263 878 Lll.

500 958 756 995 Αιιίονίεαιὶοη
775 955 946 993 accorde'e
963 967 1041 992 aum
1059 954 1241 1005 reliyieuae
1258 954 1321 991 des
1338 955 1467 992 Dunes
1486 955 1530 992 de
1547 968 1584 992 se
1601 955 1721 992 servir
1739 954 1801 992 des
1817 953 1953 991 &clusas

1124 1012 1168 1049 de
1193 1012 1324 1049 Grode.

507 1208 690 1245 Noveritis
708 1207 811 1258 quod
830 1220 897 1244 nos
916 1206 1165 1243 concessimus
1187 1210 1222 1242 et
1247 1205 1485 1255 permisimus
1511 1203 1786 1241 venerabilibus
1810 1203 1900 1241 viris
1925 1204 1995 1241 do-

458 1266 561 1302 mino
579 1266 703 1302 abbati
721 1270 756 1302 et
773 1265 972 1302 conventui
991 1264 1038 1301 de
1056 1264 1178 1301 Dunis
1198 1268 1238 1300 ut
1252 1276 1319 1314 per
1332 1267 1446 1299 terras
1465 1267 1500 1299 et
1517 1262 1634 1299 slusas
1653 1265 1796 1299 nostras
1810 1261 1856 1298 de
1870 1261 1994 1299 Groda

457 1324 627 1361 wastinas
642 1337 705 1361 seu
721 1328 834 1360 terras
848 1336 932 1360 suas
946 1323 992 1360 de
1007 1336 1112 1359 moro
1122 1323 1285 1372 jacentes
1303 1335 1415 1372 super
1433 1321 1583 1358 Lievam
1602 1320 1648 1356 ab
1667 1323 1793 1357 austro
1810 1331 1995 1370 exaquare

457 1382 615 1432 possint7
640 1395 759 1432 usque
784 1382 829 1418 ad
857 1386 1020 1419 nostram
1048 1381 1340 1426 revocationem,
1367 1380 1397 1416 si
1424 1380 1548 1416 forsan
1576 1391 1642 1415 nos
1670 1378 1708 1414 in
1734 1383 1924 1429 posterum
1950 1390 1995 1414 ex

457 1441 564 1490 aquis
589 1437 773 1478 dictarum
800 1445 981 1477 terrarum
1009 1453 1072 1476 seu
1094 1439 1250 1476 aliarum
1275 1450 1589 1489 quarumcunque
1607 1436 1804 1488 contigerit
1821 1449 1995 1487 praegra-

456 1500 550 1546 vari7
569 1500 619 1537 ita
638 1504 757 1537 tamen
779 1501 881 1551 quod
899 1513 965 1551 per
982 1500 1119 1536 dictam
1133 1499 1405 1537 revocationem
1420 1502 1584 1535 nostram
1600 1497 1639 1534 in
1654 1497 1812 1548 petenda
1831 1510 1995 1548 exaqua-

458 1559 557 1595 tione
575 1563 755 1595 terrarum
775 1558 1014 1608 hujusmodi,
1033 1558 1098 1594 ubi
1118 1557 1276 1608 petenda
1295 1556 1421 1604 fuerit7
1441 1557 1587 1593 nullum
1607 1555 1696 1606 ipsis
1719 1555 1992 1606 praejudicium

457 1621 661 1667 generetur.
690 1617 762 1653 Pro
789 1629 949 1666 quarum
976 1620 1156 1652 terrarum
1182 1615 1429 1666 exaquatione
1454 1627 1496 1651 ac
1521 1614 1705 1651 slusarum
1724 1617 1760 1650 et
1781 1612 1994 1664 aquaeduc-

458 1682 563 1713 tuum
583 1675 814 1725 reparatione
834 1679 959 1712 custus
978 1675 1202 1712 necessarios
1219 1687 1288 1725 pro
1309 1678 1386 1710 rata
1408 1673 1682 1724 praedictarum
1706 1677 1887 1709 terrarum
1907 1685 1994 1708 sua-

458 1747 540 1770 rum
565 1747 629 1770 seu
653 1734 893 1771 wastinarum
920 1746 1107 1784 apponere
1132 1733 1360 1770 tenebuntur
1383 1731 1558 1782 quotiens
1584 1743 1698 1781 super
1721 1729 1792 1767 hoc
1819 1743 1863 1766 ex
1891 1723 1994 1780 parte

458 1793 620 1842 magistri
640 1794 685 1828 de
699 1792 822 1829 Groda
842 1805 910 1842 pro
930 1796 1093 1842 tempore
1113 1791 1252 1828 fuerint
1269 1790 1451 1841 requisiti.
1470 1790 1511 1826 ln
1529 1789 1637 1838 cujus
1655 1789 1706 1825 rei
1720 1818 1729 1835 ,
1748 1792 1816 1825 etc.

1172 1907 1278 1915 ..-μ-

1186 2036 1275 2074 LIII.

460 2156 624 2193 Pluintes
642 2156 811 2193 relatives
831 2157 853 2193 ἀ
871 2156 906 2193 la
927 2156 1019 2193 leve'e
1036 2155 1098 2192 des
1116 2154 1236 2192 tailles
1253 2167 1323 2190 sm·
1342 2153 1391 2190 les
1412 2153 1512 2190 biens
1536 2151 1818 2201 ecclesiasliques
1839 2150 1933 2187 dans
1958 2149 1994 2186 Ia

665 2215 874 2252 cleatellenie
891 2215 934 2252 de
952 2216 1096 2265 Bruqes
1115 2214 1137 2250 ἁ
1157 2213 1316 2263 l’e'poque
1334 2212 1385 2249 du
1403 2212 1497 2262 sie'qe
1514 2211 1558 2247 de
1574 2208 1791 2248 Zierickzee.

510 2410 639 2447 Gravis
653 2417 688 2447 et
701 2410 828 2447 dolore
843 2423 917 2448 non
932 2424 1047 2448 vacua
1066 2410 1396 2447 ecclesiasticarum
1415 2420 1657 2459 personarum
1677 2411 1751 2443 tam
1769 2404 1992 2442 secularium

460 2481 571 2518 quam
592 2468 847 2518 religiosarum
867 2469 1067 2518 Brugensis
1088 2468 1320 2507 castellaniae
1343 2467 1451 2505 nobis
1473 2465 1677 2504 insinuatio
1698 2462 1871 2514 patefecit
1889 2462 1990 2512 quod
