2184 3074
449 358 522 395 552
1001 356 1163 394 CODEx
1188 356 1434 394 DUNENSIS.

450 475 634 512 tendentis
649 474 804 511 inferius
819 487 946 511 versus
960 473 1184 524 Aquilonem
1204 485 1323 523 usque
1337 473 1384 509 ad
1395 473 1494 510 viam
1510 473 1668 523 positam
1687 473 1725 510 in
1745 473 1903 511 wastina
1915 486 1981 511 seu

450 538 545 570 terra
560 546 655 583 quae
672 532 827 569 dicitur:
850 532 1094 569 Boneriorum
1109 531 1155 568 de
1174 544 1308 568 novem
1321 530 1445 577 libris,
1465 531 1563 568 inter
1578 530 1676 568 viam
1700 543 1797 581 quae
1816 530 1979 568 dicitur:

451 592 586 628 Droem
605 591 652 628 ab
667 590 858 628 occidente
877 595 913 627 et
929 590 1103 627 wastinas
1118 589 1286 640 Hugonis
1305 589 1503 635 Bruneels,
1523 588 1690 626 Nicholai
1706 589 1795 626 dicti
1810 589 1982 636 Brunen,

450 654 485 685 et
502 649 660 685 aliorum
678 649 725 685 ab
743 649 895 686 oriente.
910 648 1030 696 Quam
1048 648 1202 698 quidem
1217 647 1412 685 wastinam
1430 647 1508 685 sive
1523 652 1655 684 terram
1672 646 1851 684 incultam
1865 651 1979 684 totam

450 707 544 743 infra
567 707 773 758 praedictos
800 707 965 744 confines
986 705 1292 756 comprehensam
1307 706 1364 742 vel
1383 705 1492 751 alios,
1511 705 1541 743 si
1559 705 1624 756 qui
1643 705 1780 751 forent,
1798 705 1838 742 in
1863 705 1982 756 ipsam

449 771 592 816 portam
613 770 773 803 nostram
793 765 839 802 ad
858 778 952 816 opus
969 770 1005 801 et
1022 777 1131 802 usum
1146 764 1378 814 praedictum
1392 777 1477 801 cum
1493 764 1596 801 omui
1607 763 1692 813 jure
1706 768 1742 801 et
1755 763 1982 815 proprietate

450 824 551 875 quod
579 830 613 861 et
637 837 750 875 quam
776 825 813 861 in
841 837 881 860 ea
903 823 1103 860 habuimus
1129 823 1185 859 vel
1215 823 1351 860 habere
1378 822 1587 873 potuimus,
1613 822 1776 873 legitime
1802 827 1840 860 et
1855 822 1981 860 debite

450 883 801 933 recompensationis
833 882 984 920 nomine
1018 881 1275 919 transtulimus
1303 886 1340 919 et
1371 881 1626 919 transferimus
1652 895 1739 919 cum
1772 882 1901 919 effectu
1935 882 1983 920 ad

449 941 681 987 habendum,
710 940 912 978 tenendum
937 945 972 977 et
989 939 1258 991 possidendum
1284 939 1451 976 eamdem
1478 944 1591 977 totam
1624 940 1662 976 in
1681 945 1924 990 perpetuum,
1947 944 1984 977 et

448 1000 630 1051 quicquid
660 999 731 1036 sibi
764 999 945 1050 placuerit
971 999 1145 1049 deinceps
1176 998 1387 1035 faciendum
1417 998 1692 1049 garandizaturi
1722 1004 1759 1036 et
1789 998 1987 1036 liberaturi

448 1059 614 1096 eamdem
633 1058 795 1108 legitime
818 1062 945 1094 contra
965 1070 1112 1103 omnes,
1130 1057 1333 1094 reverendo
1351 1057 1447 1107 patri
1470 1056 1626 1094 domino
1642 1056 1768 1094 abbati
1785 1057 1833 1094 de
1851 1057 1982 1094 Dunis.

447 1117 649 1154 venerabili
676 1117 770 1167 patri
794 1116 920 1153 abbati
944 1122 1070 1153 nostro
1089 1115 1280 1166 praedicto
1298 1115 1549 1166 supplicantes
1567 1120 1751 1165 quatenus
1773 1115 1984 1165 praemissis

448 1176 648 1214 assentiens
667 1189 707 1212 ea
731 1174 870 1220 laudet,
890 1174 1072 1225 approbet
1093 1179 1127 1210 et
1145 1173 1340 1210 confirmet
1357 1186 1399 1210 ac
1422 1173 1665 1210 corroborare
1687 1186 1763 1210 una
1783 1174 1983 1212 nobiscum

448 1235 504 1272 sui
533 1233 643 1283 sigilli
669 1233 878 1269 munimine
895 1232 1052 1283 dignum
1072 1231 1194 1268 ducat.
1218 1231 1292 1269 Nos
1313 1243 1400 1267 vero
1425 1231 1540 1268 abbas
1562 1231 1609 1268 de
1633 1231 1752 1268 Dunis
1773 1232 1984 1281 praedictus

448 1297 552 1342 pater
569 1291 683 1328 abbas
702 1291 915 1328 monasterii
930 1290 1154 1341 supradicti,
1172 1289 1218 1326 ad
1244 1289 1524 1340 requisitionem
1545 1294 1581 1327 et
1603 1289 1818 1327 instantiam
1839 1290 1983 1328 domini

448 1350 592 1388 abbatis
618 1354 654 1386 et
680 1354 884 1386 conventus
911 1349 1206 1399 praedictorum,
1238 1348 1449 1398 praemissis
1480 1348 1697 1385 benivolum
1730 1349 1983 1399 impartientes

448 1422 650 1455 assensum,
660 1422 700 1445 ea
711 1408 917 1454 laudamus,
926 1408 1212 1445 corroboramus
1226 1413 1261 1444 et
1275 1408 1526 1458 approbamus
1541 1421 1583 1444 ac
1599 1408 1816 1446 auctoritate
1831 1414 1983 1459 paterna

448 1469 726 1514 confirmamus„
748 1468 911 1519 sigillum
928 1472 1096 1505 nostrum
1115 1481 1191 1504 una
1211 1481 1295 1504 cum
1315 1467 1436 1518 sigillo
1455 1467 1641 1504 dictorum
1665 1466 1808 1504 domini
1837 1467 1983 1504 abbatis

448 1533 484 1565 et
500 1532 704 1565 conventus
717 1527 974 1578 praesentibus
992 1527 1122 1564 litteris
1139 1527 1372 1578 apponendo.
1391 1529 1525 1564 Actum
1540 1540 1639 1564 anno
1653 1527 1804 1564 Domini
1821 1528 1872 1577 Μ0
1880 1528 1982 1566 CCC⁰

449 1591 600 1637 quarto,
618 1599 744 1623 mense
758 1599 880 1636 mayo.

1170 1691 1259 1700 ,Μ

1111 1842 1329 1881 CCCLXXl.

456 1961 660 1998 Testament
689 1961 732 1998 de
757 1960 949 2010 Philippe,
975 1960 1031 1997 dit
1054 1960 1109 1997 W
1108 1971 1330 2009 arreqaren,
1353 1958 1542 2009 bourqeot's
1568 1958 1611 1996 de
1638 1959 1783 2009 Bruyes
1805 1963 1839 1995 et
1859 1957 1985 1994 ονοίεέ.

502 2167 544 2203 1η
563 2166 714 2203 nomine
732 2165 850 2203 Patris
868 2170 904 2202 et
921 2165 1006 2202 Filii
1026 2170 1061 2202 et
1079 2165 1240 2215 Spiritus
1258 2165 1382 2203 Sancti
1400 2177 1520 2202 amen.
1538 2164 1616 2214 Ego
1642 2162 1840 2213 Philippus
1863 2161 1987 2199 dictus

453 2224 718 2275 Warregaren7
736 2224 880 2273 laycus,
898 2222 1110 2274 oppidanus
1125 2223 1346 2274 Brugensis,
1364 2223 1640 2274 crucesignatus
1658 2235 1700 2258 ac
1719 2225 1856 2258 terram
1879 2232 1988 2257 sanc-

453 2289 526 2320 tam
550 2282 914 2321 Jherosolimitanam
933 2281 1081 2319 visitare
1103 2287 1269 2332 paratus,
1289 2282 1328 2318 in
1347 2281 1554 2332 praesentia
1583 2280 1733 2318 testium
1766 2278 1989 2329 infrascrip-

454 2347 576 2379 torum
591 2342 638 2378 ad
654 2342 725 2379 hoc
739 2341 947 2391 specialiter
960 2346 1265 2388 convocatorum,
1283 2341 1332 2379 ob
1347 2340 1553 2378 remedium
1568 2343 1804 2391 peccatorum
1819 2349 1987 2375 meorum

455 2413 578 2437 meum
598 2403 857 2437 testamentum
879 2413 944 2437 seu
970 2413 1090 2437 meam
1116 2400 1286 2437 ultimam
1307 2399 1558 2446 voluntatem,
1583 2410 1812 2450 quocunque
1837 2395 1988 2434 nomine

455 2462 657 2504 censeatur,
675 2458 796 2495 condo
815 2463 850 2495 et
871 2458 1005 2495 ordino
1025 2458 1063 2495 in
1092 2458 1192 2496 hunc
1218 2458 1384 2496 modum.
1403 2459 1445 2496 In
1464 2457 1596 2508 primis
1617 2457 1752 2495 ordino
1771 2460 1807 2492 et
1827 2454 1986 2505 dispono

2177 2597 2184 2636 ,ατ
2177 2485 2184 2586 nan-un.
2176 2340 2184 2472 .-.—«-—
2175 2167 2184 2331 --—-—«⁴-
