2184 3074
435 277 508 314 220
834 326 841 331 Α
988 275 1148 313 CODEX
1174 276 1420 315 DUNENSIS.

1105 450 1301 488 CXXXVII
1306 479 1313 487 .

441 567 677 605 Declaration
694 567 756 604 cles
769 566 1001 616 professeurs
1019 567 1062 604 de
1080 566 1179 603 droit
1194 566 1393 604 d'Orleans
1406 579 1451 604 en
1463 567 1600 617 savem*
1612 567 1704 605 d'un
1712 569 1979 618 juri-§consulte

767 625 878 675 qu’ils
905 626 1175 662 reconnaissent
1198 625 1345 674 capable
1369 625 1599 676 d’enseiqner
1627 630 1648 662 ⁴.

490 820 678 858 Universis
710 824 918 870 praesentes
942 819 1080 857 litteras
1106 813 1328 871 inspecturis
1355 821 1508 871 Helyas,
1534 822 1812 860 Aurelianensis
1841 825 1979 861 scolas-

439 878 550 924 ticus³
569 878 724 915 salutem
745 878 783 914 in
801 878 854 915 Eo
874 877 940 928 qui
958 882 1012 915 est
1029 879 1199 915 omnium
1218 892 1302 916 vera
1322 880 1432 917 salus.

489 936 676 974 Virtutum
700 936 863 986 praemia
895 937 1148 974 moerentibus
1177 937 1291 974 tribui
1323 938 1514 984 convenit,
1539 943 1575 975 et
1597 943 1639 976 ut
1665 939 1840 977 laboriosi
1865 939 1979 977 studii

439 995 676 1031 laudabiliter
708 995 960 1032 conversantis
992 996 1176 1046 condigna
1208 997 1458 1034 remuneratio
1490 998 1642 1035 caeteris
1673 998 1721 1036 sit
1749 999 1981 1049 exemplum,

438 1058 621 1103 quatenus
636 1054 767 1090 caeteri
782 1054 828 1090 ad
843 1054 1008 1091 studium
1022 1084 1031 1101 ,
1045 1060 1262 1106 caeteraque
1277 1056 1456 1093 virtutum
1472 1069 1583 1107 opera
1598 1057 1731 1094 fortius
1750 1057 1981 1094 invalescen-

439 1115 508 1156 tes,
530 1124 626 1161 quae
644 1111 756 1161 digne
774 1113 980 1162 postulant,
1002 1118 1257 1163 assequantur.
1277 1114 1369 1150 Cum
1390 1114 1503 1163 igitur
1521 1114 1580 1151 vir
1597 1114 1777 1152 discretus
1796 1115 1896 1162 talis,
1915 1114 1981 1152 diu

439 1169 675 1207 laudabiliter
695 1171 966 1218 conversando⁷
990 1172 1175 1208 studendo
1202 1173 1385 1209 ferventer
1403 1185 1445 1209 ac
1464 1185 1549 1209 cum
1569 1173 1696 1210 labore
1713 1186 1860 1210 summo
1882 1172 1982 1210 mul-

438 1227 560 1277 tisque
593 1229 824 1281 temporibus
859 1229 1065 1275 audiendo,
1094 1230 1249 1281 legendo
1278 1230 1468 1267 Aureliani
1494 1244 1561 1281 per
1591 1231 1761 1268 ordinem
1789 1231 1981 1268 volumina

439 1285 586 1336 legalia,
612 1299 757 1337 semper
781 1300 866 1323 cum
891 1289 1093 1325 venerabili
1119 1289 1330 1325 comitativa
1353 1289 1552 1339 profecerit
1578 1302 1663 1326 cum
1688 1289 1840 1335 effectu,
1867 1301 1980 1340 quem

434 1344 511 1393 jam
532 1345 628 1381 sama
648 1349 801 1381 testatur
817 1346 969 1396 publica
988 1346 1192 1383 litterarum
1206 1347 1338 1397 peritia
1357 1351 1393 1383 et
1407 1348 1587 1384 sactorum
1603 1348 1831 1398 experientia
1849 1347 1980 1384 multi-

438 1402 584 1452 pliciter
601 1404 733 1440 merito
751 1404 1089 1442 commendandum
1103 1434 1111 1451 ‚
1126 1410 1249 1456 prout,
1264 1410 1305 1442 ut
1318 1406 1428 1442 etiam
1443 1406 1593 1452 dicitur,
1607 1406 1764 1444 districti
1779 1406 1880 1456 rigor
1893 1419 1981 1443 exa-

438 1461 550 1498 minis
568 1462 738 1499 omnium
759 1464 1011 1513 professorum
1040 1465 1162 1514 legum
1183 1465 1374 1502 Aureliani
1406 1465 1595 1502 ordinarie
1625 1465 1843 1516 legentium,
1867 1478 1978 1515 quem

438 1520 675 1557 laudabiliter
704 1521 850 1558 transiit
873 1522 1047 1572 privatim
1073 1526 1109 1559 et
1133 1523 1283 1573 publice
1313 1536 1398 1559 cum
1430 1523 1587 1569 honore,
1614 1524 1722 1560 nobis
1750 1523 1820 1560 hoc
1844 1523 1980 1560 certius

439 1579 620 1629 patefecit„
635 1584 756 1627 restat,
767 1580 882 1618 immo
896 1581 994 1632 cogit
1010 1582 1204 1619 necessitas
1225 1595 1298 1619 non
1314 1582 1464 1632 quantis
1479 1582 1624 1618 deceret
1637 1582 1747 1618 talem
1762 1576 1823 1618 sed
1840 1581 1980 1632 quibus

441 1650 637 1687 possumus
656 1639 830 1688 praemiis
848 1640 1070 1677 attollamus.
1085 1640 1215 1677 Eidem
1235 1640 1349 1691 igitur
1366 1645 1598 1690 praesentato
1626 1640 1735 1677 nobis
1753 1653 1819 1690 per
1835 1639 1980 1677 Johan-

441 1709 525 1732 nem
546 1696 592 1732 de
611 1697 749 1743 Busco7
768 1702 975 1745 cantorem7
990 1698 1179 1735 Aureliani
1202 1699 1325 1748 legum
1347 1698 1596 1735 venerabilem
1622 1699 1887 1749 professorem,
1911 1710 1979 1748 pro

442 1754 589 1791 licentia
609 1755 753 1805 legendi
777 1756 999 1802 obtinenda7
1020 1757 1057 1793 in
1078 1756 1228 1793 nomine
1248 1756 1402 1794 Sanctae
1426 1761 1462 1793 et
1482 1756 1703 1793 lndividuae
1726 1756 1917 1794 Trinitatis
1937 1769 1980 1793 ac

441 1812 732 1850 victoriossimae
755 1819 901 1851 sanctae
930 1815 1050 1852 crucis
1076 1815 1208 1852 damus
1234 1819 1270 1852 et
1294 1815 1533 1853 concedimus
1560 1814 1746 1852 licentiam
1773 1815 1918 1866 legendi
1945 1819 1980 1852 et

442 1870 592 1920 regendi
608 1871 795 1908 ordinarie
810 1873 847 1908 in
865 1873 1008 1923 legibus
1024 1878 1060 1910 et
1071 1878 1212 1910 caetera
1226 1874 1352 1911 omnia
1370 1873 1529 1910 faciendi
1544 1887 1641 1924 quae
1653 1873 1699 1910 ad
1717 1873 1976 1924 professoriam

441 1929 628 1980 pertinent
652 1930 868 1980 dignitatem
890 1932 1079 1968 Aureliani
1099 1937 1135 1969 et
1152 1945 1379 1983 quocunque
1398 1937 1579 1969 terrarum
1598 1945 1636 1969 se
1653 1931 1803 1968 duxerit
1819 1931 1979 1968 transfe-

441 1987 614 2034 rendum,
643 1993 781 2026 retenta
806 1990 914 2026 nobis
941 1990 1188 2040 assignatione
1218 1990 1314 2027 sedis
1340 1995 1375 2027 et
1402 1990 1492 2036 loci,
1516 1989 1545 2027 si
1574 1989 1764 2027 Aureliani
1790 1989 1979 2026 ordinarie

442 2046 560 2096 legere
578 2047 649 2083 sibi
668 2047 789 2084 visum
809 2049 920 2085 fuerit
937 2049 1122 2099 expedire.
1141 2049 1182 2086 In
1202 2050 1309 2098 cujus
1328 2050 1380 2086 rei
1401 2049 1673 2094 testimonium,
1693 2054 1759 2085 etc.

482 2166 488 2181 ¹
513 2166 650 2192 Pom-etro
664 2166 816 2192 Guillaume
829 2167 861 2192 de
877 2168 971 2193 Lccuw
986 2166 1141 2193 mentionne
1155 2168 1215 2202 plus
1229 2167 1307 2200 liant,
1327 2176 1352 2202 p.
1367 2167 1430 2193 216,
