2184 3074
0 758 13 854 „vqs—..-
0 679 7 749 -=-—
0 651 9 667 ,κ
5 623 8 626 .
0 590 1 594 Α
0 543 9 554 .-

751 277 912 317 CODEX
937 279 1184 318 DUNENSIS.
1657 283 1723 322 441

201 409 276 435 non
291 397 436 435 modica
450 397 647 449 petierunt.
668 397 741 448 lpsi
759 410 848 434 vero
865 397 1087 444 cardinales,
1102 398 1191 449 quia
1209 398 1370 436 Ecclesia
1389 412 1464 436 non
1488 400 1628 437 claudit
1644 412 1728 451 gre-

200 456 318 493 mium
344 455 535 503 redeunti,
562 456 609 493 ab
634 455 772 493 eisdem
798 454 974 506 magistro
997 460 1034 492 et
1055 456 1373 507 praeceptoribus,
1397 457 1537 496 haeresi
1559 458 1726 508 abjurata

197 527 386 565 expresse,
401 514 491 565 ipsis
514 513 719 552 secundum
738 514 894 551 formam
913 513 1097 551 Ecclesiae
1111 514 1327 556 auctoritate
1342 520 1465 553 nostra
1484 515 1729 554 absolutionis

199 572 423 611 beneficium
451 572 732 624 impenderunt,
752 585 794 610 ac
815 572 950 610 deinde
974 572 1020 610 ad
1052 577 1215 611 nostram
1242 574 1486 624 praesentiam
1515 574 1726 619 redeuntes,

198 631 447 670 confessiones
475 636 512 669 et
540 631 789 682 depositiones
814 631 1086 682 praedictorum
1118 632 1282 683 magistri
1314 637 1350 669 et
1376 637 1655 684 praeceptorum
1687 632 1725 669 in

198 689 420 740 scripturam
448 689 637 741 publicam
663 702 731 740 per
761 702 893 727 manus
918 689 1105 741 publicas,
1122 694 1165 726 ut
1181 694 1235 727 est
1251 690 1411 736 dictum,
1433 690 1597 728 redactas
1616 690 1726 728 nobis

197 751 496 799 praesentarunt,
526 751 562 784 et
584 760 680 798 quae
708 760 792 784 cum
817 746 926 784 dictis
951 747 1125 797 magistro
1150 752 1186 785 et
1215 748 1516 799 praeceptoribus
1547 749 1724 794 fecerant,

197 805 420 852 retulerunt,
445 819 491 843 ex
516 806 656 857 quibus
688 806 987 844 confessionibus
1014 810 1050 843 et
1070 806 1367 857 depositionibus
1392 812 1428 845 et
1452 808 1628 845 relatione
1653 807 1725 845 sci-

197 864 319 902 vimus
331 864 535 915 saepefatos
550 864 767 915 magistrum
781 868 817 901 et
829 864 958 902 fratres
975 864 1013 901 in
1029 861 1238 914 praemissis
1253 869 1288 901 et
1302 865 1398 902 circa
1414 865 1626 916 praemissa,
1642 865 1726 902 licet

196 922 378 974 quosdam
405 935 449 960 ex
476 922 528 960 eis
555 922 592 960 in
618 922 791 973 pluribus
821 927 857 959 et
880 922 971 959 alios
995 922 1032 958 in
1054 922 1312 972 paucioribus,
1331 923 1490 973 graviter
1514 923 1725 974 deliquisse.

196 980 435 1019 Attendentes
460 985 582 1018 autem
608 980 711 1031 quod
733 980 868 1018 scelera
886 984 960 1017 tam
981 979 1166 1017 horrenda
1192 980 1346 1017 transire
1363 980 1565 1018 incorrecta
1586 981 1726 1031 absque

195 1039 264 1078 Dei
282 1039 548 1090 omnipotentis
561 1044 596 1077 et
609 1039 779 1076 omnium
796 1038 1064 1076 catholicorum
1085 1038 1220 1088 injuria
1238 1052 1312 1076 non
1331 1043 1516 1090 poterant,
1533 1052 1600 1076 nec
1618 1039 1725 1076 debe-

195 1097 305 1150 bant,
321 1097 554 1135 decrevimus
579 1097 626 1134 de
654 1097 810 1134 fratrum
835 1100 1046 1134 nostrorum
1068 1095 1225 1133 consilio
1243 1110 1309 1147 per
1325 1096 1532 1134 ordinarios
1557 1097 1723 1134 locorum

197 1168 240 1193 ac
261 1168 328 1207 per
353 1155 444 1193 alios
462 1155 588 1192 fideles
611 1159 647 1192 et
669 1155 852 1205 sapientes
877 1154 977 1192 viros
1004 1153 1050 1190 ad
1078 1153 1148 1191 hoc
1174 1154 1405 1205 deputandos
1423 1167 1444 1191 a
1463 1154 1570 1191 nobis
1598 1160 1724 1191 contra

195 1214 401 1266 singulares
423 1226 597 1265 personas
619 1213 736 1264 ipsius
762 1212 921 1258 ordinis,
943 1224 1087 1250 necnon
1106 1216 1142 1249 et
1157 1216 1285 1249 contra
1307 1211 1447 1249 dictum
1471 1212 1639 1249 ordinem
1659 1225 1725 1263 per

194 1277 311 1310 certas
331 1275 366 1309 et
383 1271 559 1309 discretas
577 1283 752 1322 personas
770 1283 862 1321 quas
876 1270 922 1307 ad
937 1270 1007 1307 hoc
1025 1269 1202 1307 duximus
1219 1269 1466 1320 deputandas,
1487 1283 1598 1320 super
1616 1272 1724 1320 prae-

193 1329 315 1368 missis
328 1329 548 1367 criminibus
561 1334 598 1367 et
609 1328 820 1366 excessibus
842 1327 1121 1379 inquirendum.
1139 1327 1217 1365 Hiis
1235 1340 1368 1378 nempe
1386 1340 1481 1378 quae
1502 1327 1618 1378 magis
1637 1327 1723 1364 llere

193 1392 331 1440 cogunt
346 1401 459 1439 quam
477 1400 643 1431 narrare,
661 1399 727 1424 cor
743 1390 912 1424 nostrum
926 1385 1095 1436 passione
1114 1385 1236 1422 nimia'
1247 1385 1448 1431 cruciatur,
1467 1389 1601 1422 etcum
1622 1389 1720 1422 tauta

194 1447 302 1485 nobis
323 1446 518 1498 providere
541 1445 732 1483 immineat
751 1444 922 1495 gemendi
946 1444 1113 1490 materia,
1131 1443 1256 1481 fletum
1283 1456 1358 1480 non
1385 1456 1582 1494 possumus
1605 1443 1726 1480 decli-

194 1519 293 1544 nare.
313 1505 492 1554 Quisnam
518 1505 722 1543 catholicus
741 1503 830 1541 haec
847 1503 1001 1541 audiens
1020 1503 1129 1541 nimis
1157 1516 1230 1540 non
1249 1503 1371 1540 doleat
1388 1507 1423 1540 et
1440 1507 1659 1553 prorumpat
1680 1502 1717 1539 in

195 1564 362 1602 luctum?
378 1563 470 1613 Quis
488 1563 607 1601 fidelis
624 1562 840 1612 hujusmodi
863 1562 1056 1599 sinistrum
1078 1566 1250 1598 eventum
1274 1561 1481 1612 intelligens
1501 1573 1623 1597 amara
1646 1573 1722 1597 non

195 1622 338 1659 emittat
368 1621 543 1672 suspiria,
568 1620 755 1671 verbaque
785 1619 1056 1657 lamentationis
1087 1623 1123 1656 et
1152 1618 1425 1656 moestitudinis
1457 1631 1531 1655 non
1563 1621 1724 1663 eructet,

194 1693 279 1718 cum
300 1685 375 1718 tota
393 1679 640 1718 christianitas
663 1678 878 1729 hujusmodi
902 1677 1042 1715 doloris
1065 1677 1112 1715 sit
1131 1677 1313 1728 particeps
1337 1682 1372 1714 et
1394 1677 1455 1714 hic
1476 1690 1582 1714 casus
1601 1676 1725 1712 fideles

194 1739 377 1790 percutiat
391 1738 607 1776 universos?
622 1738 676 1776 Ex
694 1736 766 1774 hiis
784 1736 906 1782 etiam,
925 1735 1015 1772 dum
1035 1735 1240 1772 ministerio
1258 1735 1404 1772 debitae
1418 1733 1722 1771 considerationis

194 1801 340 1834 nostrae
372 1796 506 1833 mentis
535 1798 791 1846 praesentatur
816 1793 1028 1838 obtutibus,
1052 1792 1147 1843 ignis
1179 1792 1217 1829 in
1250 1792 1384 1829 nostris
1414 1790 1723 1828 medicationibus

193 1858 409 1905 exardescit,
425 1862 461 1895 et
479 1858 524 1894 ad
544 1862 643 1895 tanta
661 1856 876 1894 discrimina
892 1855 1087 1892 relevanda
1107 1855 1269 1905 suspirat
1286 1854 1453 1900 affectus,
1471 1854 1572 1890 zelus
1589 1865 1721 1889 accen-

191 1917 294 1955 ditur
310 1921 345 1954 et
358 1916 510 1967 spiritus
528 1916 710 1953 anxiatur.
730 1914 786 1952 Ad
803 1914 923 1965 quod,
937 1927 1022 1951 cum
1038 1927 1104 1951 nos
1123 1913 1291 1951 sufficere
1305 1913 1499 1950 commode
1517 1924 1592 1949 non
1614 1923 1721 1961 posse

194 1976 369 2022 sciamus,
380 1975 544 2012 levamus
557 1975 684 2011 oeulos
698 1978 844 2011 nostros
857 1972 902 2009 ad
916 1977 1098 2017 montem,
1112 1977 1274 2009 montem
1293 1971 1444 2022 quidem
1459 1971 1544 2016 Dei,
1560 1975 1722 2008 montem

195 2034 348 2071 uberem
367 2038 402 2071 et
415 2034 606 2084 pinguem,
625 2033 725 2070 unde
742 2036 969 2083 oportunum
992 2031 1187 2082 provenire
1208 2031 1316 2068 nobis
1333 2030 1513 2067 auxilium
1535 2030 1724 2067 humiliter

194 2092 354 2143 petimus
378 2095 414 2128 et
435 2091 565 2128 devote
589 2104 790 2142 speramus.
811 2090 856 2127 Et
879 2089 968 2140 quia
994 2090 1142 2127 salubre
1165 2090 1201 2126 in
1229 2089 1299 2126 hiis
1323 2088 1491 2125 adhiberi
1517 2088 1720 2134 remedium

194 2149 344 2187 interest
367 2150 586 2200 generaliter
606 2150 793 2194 omnium,
814 2161 900 2193 nos,
923 2161 1007 2184 cum
1030 2148 1167 2185 eisdem
1194 2147 1369 2184 fratribus
1395 2147 1544 2192 nostris,
1566 2147 1723 2197 aliisque

192 2207 280 2246 viris
298 2207 546 2259 prudentibus
568 2213 694 2245 exacto
712 2213 746 2245 et
772 2206 955 2257 frequenti
979 2211 1132 2244 tractatu
1157 2206 1391 2258 praehabito,
1409 2211 1445 2243 et
1467 2210 1579 2256 prout
1603 2209 1723 2241 tantae

164 2288 166 2290 v
193 2265 418 2303 necessitatis
449 2266 622 2303 instantia
652 2265 842 2315 exigebat,
871 2264 917 2301 de
950 2264 1115 2315 ipsorum
1145 2265 1298 2301 fratrum
1325 2269 1536 2301 nostrorum
1568 2262 1724 2299 consilio

194 2324 402 2361 universale
414 2324 627 2370 concilium,
646 2324 742 2361 sicut
760 2323 966 2360 imitatione
982 2323 1094 2374 digna
1107 2328 1319 2360 sanctorum
1334 2327 1480 2372 patrum
1495 2321 1724 2358 consuetudo

195 2381 393 2420 laudabilis
416 2383 614 2432 longaevae
632 2381 900 2420 observationis
919 2382 1090 2432 exemplo
1109 2394 1176 2419 nos
1195 2380 1358 2426 instruit,
1375 2379 1460 2416 inde
1479 2379 1525 2416 ad
1546 2378 1721 2416 kalendas

1527 2436 1575 2474 56
