2184 3074
736 334 896 372 CODEX
923 335 1168 392 DJJNENfflS.
1671 341 1719 378 45
1748 392 1755 398 δ

186 454 381 492 utilitatem
401 454 679 492 infirmitorium
701 467 786 492 cum
810 455 1061 494 testudinibus
1083 461 1295 495 construere
1322 458 1562 510 incipiamus,
1589 465 1630 497 ut
1655 473 1719 496 ve-

187 515 328 552 nientes
342 515 493 552 abbates
508 514 553 551 ad
569 514 772 565 capitulum
789 514 927 551 ibidem
944 514 1148 553 honorifice
1162 517 1400 568 recipiantur,
1414 532 1508 570 opus
1522 525 1719 571 sumptuo-

186 587 267 611 sum
283 578 319 610 et
333 573 553 624 pergrande,
568 573 614 609 ad
629 585 694 610 vos
709 586 853 610 summa
869 586 954 610 eum
975 573 1111 611 fiducia
1129 576 1257 613 oculos
1275 576 1475 626 dirigentes
1492 578 1538 614 de
1556 591 1716 628 quorum

186 632 326 670 auxilio
344 631 481 683 pendet
497 631 619 682 operis
638 631 813 682 perfectio
831 633 1023 669 memorati
1036 662 1044 678 a
1065 633 1186 684 ipsum
1213 636 1508 685 promovendum
1536 637 1719 687 relinqui—

188 703 272 744 mus
285 690 562 727 munificentiae
577 690 737 735 liberali,
752 695 808 736 ut2
824 691 1065 728 consideratis
1079 692 1236 730 utilitate
1250 695 1440 731 communi
1459 700 1494 731 et
1511 695 1719 732 sinceritate

186 762 260 799 qua
278 748 315 785 id
337 761 411 786 non
431 762 476 785 ex
495 749 621 786 debito
636 749 700 786 sed
720 762 765 785 ex
781 762 879 785 mera
897 749 1012 799 gratia
1028 750 1106 787 lieri
1123 752 1367 801 postulamus,
1382 753 1427 789 ad
1442 766 1535 804 opus
1549 753 1719 803 praedic-

187 812 265 845 tum
280 812 353 844 tam
368 807 543 858 gratiose„
560 813 710 857 tamque
724 806 924 844 liberaliter
944 821 1095 845 manum
1115 809 1235 846 velitis
1252 811 1448 848 extendere
1466 811 1660 861 largitatis„
1681 816 1717 847 ut

186 866 225 903 in
247 869 447 916 conspeetu
465 865 626 903 sedentis
647 865 682 901 in
705 864 840 902 throno
859 866 991 902 merito
1011 867 1058 903 sit
1075 873 1284 918 acceptum,
1304 874 1339 905 et
1356 874 1473 906 mater
1491 869 1720 907 liberalitatis

185 928 222 961 et
238 923 446 961 devotionis
464 923 560 960 filios
578 936 616 960 se
635 923 820 960 invenisse
836 923 994 973 gaudeat
1012 929 1048 961 et
1064 925 1227 962 laetetur.
1248 927 1440 964 Caeterum
1461 928 1624 964 nolentes
1643 941 1720 964 esse

186 981 420 1019 immemores
438 982 495 1018 vel
515 981 648 1032 ingrati
669 981 818 1018 illorum
837 982 902 1032 qui
923 982 1031 1020 nobis
1051 983 1087 1019 in
1108 983 1176 1020 liae
1194 990 1297 1035 parte
1314 999 1466 1023 manum
1488 986 1717 1037 porrexerint

185 1040 421 1090 adjutricem,
440 1040 543 1077 fratri
561 1040 625 1086 D„
643 1039 894 1090 praesentium
915 1041 1084 1091 portitori
1095 1071 1103 1087 .,
1122 1042 1287 1079 districtc
1305 1044 1536 1094 injungimus
1554 1049 1596 1080 ut
1612 1044 1720 1094 quic-

185 1098 277 1150 quid
299 1098 419 1135 eidem
441 1098 487 1135 ad
509 1098 651 1135 dictum
673 1111 766 1149 opus
787 1111 807 1135 a
828 1098 978 1135 caritate
997 1105 1116 1137 vestra
1137 1101 1274 1150 gratiae
1291 1106 1326 1139 et
1344 1102 1500 1139 subsidii
1522 1103 1630 1139 fuerit
1648 1103 1719 1139 im-

185 1156 378 1208 partitum,
405 1156 558 1193 nomina
585 1156 857 1193 conferentium
884 1161 919 1194 et
943 1158 1186 1208 quantitatem
1212 1160 1320 1197 nobis
1350 1160 1547 1211 diligenter
1576 1161 1719 1198 studeat

186 1215 372 1262 intimare,
398 1220 441 1252 ut
465 1229 534 1253 suo
557 1216 638 1253 loco
660 1220 696 1252 et
721 1220 886 1266 tempore
910 1217 1112 1267 gratiarum
1138 1218 1244 1256 vobis
1269 1220 1470 1256 reseramus
1493 1219 1718 1269 gratissimas

185 1274 280 1312 aetio
299 1287 374 1312 nes.
396 1275 553 1321 Datum,
576 1278 643 1312 etc.

896 1350 1017 1361 —QQQ—

887 1484 1017 1521 XXXI.

187 1600 306 1637 Lellre
329 1599 372 1636 de
397 1598 552 1649 l’e'veque
576 1598 621 1636 de
647 1599 823 1649 Tournay
848 1612 924 1648 par
946 1599 1102 1650 laquelle
1124 1600 1154 1637 il
1173 1613 1309 1652 enyaqe
1333 1600 1363 1637 le
1381 1600 1498 1650 cler-qe'
1518 1600 1568 1637 du
1586 1600 1720 1637 diocese

232 1658 276 1695 de
303 1658 480 1706 Τοῖα-ηας]
501 1657 524 1693 ἀ
549 1657 729 1694 νέείανηον
754 1657 816 1694 des
843 1659 1017 1695 aumones
1032 1670 1131 1707 pour
1150 1658 1401 1696 l'aclzevemem
1417 1659 1461 1696 de
1480 1658 1614 1708 I'c'ylisc
1631 1658 1718 1695 d’tm

233 1717 437 1754 monastere
463 1715 508 1752 de
534 1715 672 1752 l’ordre
698 1716 741 1753 de
769 1716 923 1753 Citeauae
940 1719 962 1752 ⁸.

233 1946 339 1964 .....
359 1917 426 1954 Dei
442 1917 558 1968 gratia
576 1917 818 1954 Tornacensis
837 1918 1049 1968 episcopus,
1068 1918 1212 1956 dilectis
1231 1919 1268 1955 in
1287 1919 1433 1956 Christo
1451 1920 1536 1957 liliis
1555 1920 1713 1957 decanis.

182 1977 422 2028 presbyteris,
441 1977 668 2027 caeterisque
685 1977 922 2014 ecclesiarum
942 1978 1147 2015 rectoribus
1162 1978 1199 2014 in
1214 1978 1437 2015 Tornacensi
1457 1979 1604 2027 dyocesi
1624 1992 1715 2016 eon-

182 2035 318 2073 stitutis
337 2035 492 2072 salutem
514 2035 552 2072 in
570 2035 744 2072 Domino.

231 2093 434 2141 Quoniam,
452 2097 494 2130 ut
511 2093 562 2130 ait
579 2094 786 2144 apostolus,
804 2107 932 2131 omnes
952 2093 1132 2131 stabimus
1146 2098 1230 2131 ante
1245 2094 1407 2131 tribunal
1422 2094 1574 2140 Christi,
1589 2108 1717 2145 recep-

184 2150 273 2197 turi,
288 2155 400 2201 prout
412 2150 450 2188 in
466 2164 622 2202 corpore
635 2151 834 2202 gessimus,
848 2151 925 2189 sive
942 2151 1084 2188 bonum
1099 2151 1176 2188 sive
1195 2152 1349 2197 malum,
1367 2157 1512 2202 oportet
1531 2165 1598 2189 nos
1617 2152 1715 2189 diem

184 2208 378 2246 messionis
395 2215 580 2246 extremae
601 2209 878 2247 misericordiae
899 2209 1076 2260 operibus
1094 2209 1309 2259 praevenire
1331 2223 1372 2246 ae
1395 2215 1627 2249 aeternorum
1657 2211 1716 2247 in-

185 2267 281 2305 tuitu
305 2266 487 2304 seminare
505 2266 543 2303 in
566 2267 671 2304 terris
694 2267 797 2317 quod
824 2267 999 2304 reddente
1023 2267 1185 2304 Domino
1208 2280 1293 2304 cum
1320 2268 1566 2319 multiplicato
1591 2270 1711 2308 fructu

184 2325 397 2377 recolligere
414 2325 616 2363 debeamus
635 2326 673 2363 in
691 2327 821 2374 coelis⁷
838 2327 984 2364 firmam
1003 2340 1125 2377 spem,
1148 2327 1399 2378 fiduciamque
1417 2332 1595 2373 tenentem,
1617 2342 1714 2380 quo-

222 2452 230 2468 ¹
252 2452 272 2479 ll
286 2453 361 2488 s'agit
375 2454 422 2487 ici,
436 2462 646 2488 orcynus-nous,
662 2454 694 2480 de
707 2453 805 2488 l‘cgtlse
819 2454 852 2480 de
866 2454 1046 2482 Notrc-Dame
1059 2455 1105 2482 des
1120 2455 1219 2482 nunes.
