2184 3074
483 311 557 348 420
1037 310 1196 348 CODEX
1225 311 1467 348 DUNENSlS.

1126 474 1381 511 CCLxxxlx.

539 593 659 628 Lellre
677 591 728 628 du
747 591 834 628 cure
850 590 894 627 de
911 590 1161 627 Notre-Dame
1178 589 1222 626 de
1239 589 1333 626 Lille
1352 589 1430 639 afin
1448 589 1492 626 de
1509 589 1712 627 demander
1728 590 1789 627 des
1804 592 1960 640 pricres.

1229 690 1278 696 .—
1955 678 1975 700 l

535 784 721 823 Universis
741 784 893 821 Sanctae
906 783 1031 821 Matris
1050 784 1232 821 Ecclesiae
1250 783 1337 821 filiis
1354 789 1583 834 praesentem
1603 786 1775 837 paginam
1795 787 2016 838 inspecturis

484 844 515 880 H
520 872 676 880 .......
697 843 870 879 ecclesiae
887 844 1040 880 Sanctae
1057 843 1189 879 Mariae
1206 842 1253 879 de
1273 843 1427 890 lnsulis7
1447 844 1499 881 sic
1517 843 1556 880 in
1575 848 1682 881 nocte
1699 845 1901 896 praesentis
1919 846 2018 883 cala-

484 902 621 939 mitatis
641 902 833 939 militantis
844 902 979 946 *matris
997 901 1201 952 praeceptis
1218 901 1476 952 obtemperare
1489 907 1531 939 ut
1548 903 1697 940 tandem
1712 903 1752 940 in
1765 903 1826 940 die
1843 904 2027 955 sollemp-·

485 961 608 997 nitatis
633 966 669 996 et
696 960 854 997 laetitiae
879 960 1006 997 eadem
1035 964 1151 997 matre
1184 960 1438 1011 triumphante
1471 961 1691 1011 dyademate
1721 962 1860 1013 gloriae
1888 962 2020 1000 merito

484 1020 616 1057 debeat
634 1019 814 1056 coronari.

535 1078 695 1115 Domino
722 1078 852 1114 mundi
881 1077 1042 1120 hominev
1059 1078 1232 1115 videlicet
1258 1078 1297 1114 in
1324 1078 1405 1115 loco
1432 1078 1649 1115 deliciarum
1681 1079 1882 1116 constituto
1911 1084 1949 1116 et
1972 1079 2019 1116 ad

486 1137 736 1174 conservanda
761 1137 858 1173 bona
879 1150 975 1187 quae
999 1136 1160 1173 habebat
1179 1136 1305 1173 eadem
1330 1137 1396 1173 Dei
1418 1136 1809 1187 providentiarationi
1835 1137 2027 1175 humanae·

487 1197 682 1246 adjunctae
707 1196 859 1233 inimico
889 1200 1000 1247 atque
1025 1196 1072 1232 ad
1098 1196 1159 1232 illa
1185 1195 1282 1232 bona
1309 1208 1405 1246 quae
1430 1195 1626 1233 habiturus
1649 1200 1726 1232 erat
1748 1195 1959 1246 quaerenda
1984 1199 2020 1232 et

484 1254 687 1291 obtinenda
706 1258 900 1304 praecepto
919 1254 1150 1290 obedientiae
1167 1267 1211 1290 eo
1228 1253 1345 1304 gratia
1363 1257 1584 1304 cooperante
1604 1253 1795 1300 instructo,
1814 1253 1910 1290 vidit
1926 1253 2027 1304 dyau
2080 1282 2083 1284 >

485 1312 593 1349 bolus
620 1317 655 1348 et
682 1312 817 1348 invidit
843 1312 945 1362 quod
970 1312 1083 1348 homo
1109 1312 1198 1348 illuc
1222 1325 1288 1362 per
1311 1311 1562 1348 obedientiam
1586 1311 1801 1348 ascenderet
1821 1311 1922 1348 unde
1941 1312 2027 1362 ipae·

485 1384 551 1421 per
569 1370 781 1421 superbiam
801 1370 1010 1407 corruisset.
1029 1370 1125 1418 Quia
1144 1383 1230 1406 vero
1252 1370 1305 1406 illi
1325 1382 1391 1420 per
1409 1369 1622 1406 violentiam
1643 1382 1776 1406 nocere
1792 1382 1865 1406 non
1885 1369 2018 1419 potuit,

485 1429 531 1464 ad
553 1429 720 1465 fraudem
743 1442 781 1466 sc
804 1429 984 1465 convertit
999 1433 1041 1465 ut
1064 1428 1150 1464 dolo
1173 1428 1427 1479 supplantaret
1446 1441 1559 1479 quem
1586 1427 1722 1464 virtute
1748 1441 1922 1478 superare
1943 1441 2019 1465 non

485 1492 638 1537 poterat.
657 1487 764 1525 Venit
777 1500 864 1538 ergo
878 1487 924 1524 ad
940 1487 1130 1524 hominem
1145 1487 1183 1523 in
1202 1491 1372 1538 serpente
1390 1486 1546 1524 callidus
1561 1486 1694 1532 hostis,
1709 1492 1746 1523 et
1757 1499 1901 1523 veneno
1918 1499 2020 1524 mor-

486 1546 593 1582 tifero
613 1547 734 1597 ipsum
754 1547 819 1597 qui
839 1551 917 1583 erat
933 1547 1058 1592 radix,
1079 1547 1191 1597 stipes
1211 1551 1247 1583 et
1262 1546 1367 1597 origo
1386 1551 1532 1583 nostrae
1550 1550 1713 1591 naturae,
1731 1546 2021 1596 dampnabiliter

486 1606 621 1642 infecit.
650 1607 753 1643 Hanc
777 1607 925 1643 tandem
945 1607 1163 1657 originalem
1183 1607 1331 1657 culpam
1351 1611 1482 1642 natura
1501 1606 1664 1656 primum
1687 1605 1814 1642 vitiata
1837 1605 1884 1642 ad
1906 1610 2020 1642 totam

485 1665 734 1714 posteritatem
754 1665 972 1711 transmisit,
992 1665 1237 1716 ignorantiam
1263 1665 1426 1711 animae,
1451 1664 1572 1701 carnis
1596 1664 1934 1714 concupiscentiam
1948 1664 2021 1701 ‘ad-

486 1723 710 1760 ministrans.
739 1724 819 1760 Non
840 1724 938 1761 enim
959 1729 1078 1775 potest
1096 1724 1208 1761 arbor
1226 1725 1320 1760 mala
1341 1725 1482 1761 fructus
1507 1723 1626 1760 bonos
1650 1723 1789 1769 facere,
1816 1736 1884 1759 nec
1909 1723 2021 1773 stipes

485 1786 681 1831 corruptus
708 1795 829 1819 ramos
857 1783 1062 1832 producere
1085 1784 1181 1819 valet
1205 1783 1451 1832 incorruptos.
1472 1781 1609 1820 Videns
1627 1786 1732 1832 pater
1749 1781 2022 1818 misericordia-

485 1852 568 1875 rum
586 1839 703 1886 Deus7
721 1840 786 1890 qui
813 1840 997 1877 neminem
1017 1841 1098 1877 vult
1123 1841 1263 1891 perire,
1291 1840 1481 1876 hominem
1510 1839 1628 1876 aliena
1653 1839 1782 1876 fraude
1807 1839 2022 1890 deceptum,

485 1897 649 1934 decrevit
670 1898 773 1934 illum
802 1898 867 1948 qui
893 1912 959 1949 per
981 1899 1096 1935 alium
1115 1899 1315 1944 ceciderat7
1334 1911 1401 1948 per
1425 1898 1539 1934 alium
1564 1897 1774 1943 sublevare7
1800 1897 1900 1934 unde
1926 1898 2024 1934 inter

487 1956 557 1992 alia
572 1969 667 2006 quae
681 1957 863 1993 curationi
878 1957 957 2006 ejus
972 1957 1160 1994 ordinavit
1173 1957 1218 1993 ad
1234 1957 1455 1994 abolendam
1471 1956 1661 2006 originalis
1679 1956 1818 2006 peccati
1838 1956 2020 1993 maculam

489 2025 584 2064 quae
605 2029 671 2065 per
692 2021 813 2052 actum
837 2017 1084 2066 generationis
1108 2016 1351 2062 contrahitur,
1371 2017 1534 2067 primum
1553 2019 1588 2052 et
1605 2012 1810 2065 principale
1828 2028 2022 2066 regenera-

491 2073 601 2109 tionis
628 2074 812 2110 lavacrum
839 2074 999 2111 instituit
1019 2075 1189 2111 salutare.
1212 2076 1382 2111 Ceterum
1404 2074 1491 2124 quia
1517 2073 1714 2110 candorem
1733 2073 1967 2110 innocentiae
1982 2073 2020 2110 in

490 2131 674 2180 baptismo
701 2137 887 2182 receptum
917 2133 1070 2170 actualis
1098 2133 1236 2184 peccati
1262 2133 1431 2183 contagio
1458 2131 1641 2182 contingit
1657 2132 1803 2181 saepius
1828 2131 2021 2183 maculari,

491 2202 536 2225 ne
562 2189 687 2239 aliquo
710 2195 874 2241 tempore
895 2192 951 2228 vel
971 2197 1159 2228 momento
1187 2191 1254 2228 fili-i
1283 2191 1478 2228 hominum
1495 2190 1543 2227 ad
1560 2189 1864 2227 restaurationem
1892 2190 2021 2227 ruina-

491 2260 572 2282 rum
601 2260 782 2296 supernae
805 2249 1036 2286 Jherusalem
1063 2249 1312 2300 praeordinati
1338 2249 1479 2300 absque
1499 2248 1663 2285 remedio
1682 2247 1809 2284 salutis
1834 2247 2021 2298 periclita-

490 2310 618 2342 rentur
632 2336 640 2352 ‚
675 2308 876 2344 secundam
912 2314 996 2359 post
1026 2310 1260 2360 naufragium
1293 2308 1485 2345 constituit
1518 2307 1680 2344 tabulam
1714 2311 1755 2343 ut
1786 2306 1926 2344 scilicet
1954 2319 2021 2357 per

491 2363 653 2400 salubria
675 2365 924 2415 poenitentiae
948 2367 1107 2404 lamenta
1132 2368 1207 2404 vivi
1235 2367 1456 2404 delictorum
1485 2366 1635 2403 abluere
1659 2365 1779 2402 labem
1803 2365 1967 2412 valeant,
1985 2369 2020 2402 et

491 2421 654 2459 defuncti
678 2423 762 2472 qui7
781 2424 870 2460 dum
888 2425 1072 2472 viverent,
1088 2426 1232 2476 aliquos
1251 2425 1498 2476 poenitentiae
1517 2424 1657 2460 fructus
1676 2424 1934 2473 neglexerunt,
1953 2436 2020 2474 per
