2184 3074
729 326 891 364 GODEX
918 326 1160 366 DUNENSIS.
1639 333 1710 370 407

177 442 327 480 stitutus
353 443 528 480 dominus
554 443 744 481 lohannes
768 443 889 480 dictus
914 443 1052 488 Tobin,
1076 443 1200 490 mites,
1222 445 1435 495 recognovit
1460 451 1496 483 et
1521 447 1710 484 confessu„

178 501 248 539 fuit
264 515 303 539 se
322 502 416 540 bene
433 507 469 539 et
486 502 648 553 legitime
666 502 878 540 vendidisse
896 500 1096 540 venerabili
1116 503 1196 540 viro
1215 504 1389 555 magistro
1406 505 1556 555 AEgidio
1575 534 1708 543 ......

176 572 245 610 pro
262 564 359 597 certa
378 559 558 611 pecuniae
574 560 780 611 quantitate
799 560 869 610 ipsi
889 560 936 597 ab
954 560 1099 605 eodem,
1121 565 1160 598 ut
1173 562 1362 599 confessus
1378 563 1448 600 fuit
1461 576 1584 600 coram
1602 564 1709 601 nobis

175 617 296 656 dictus
312 617 433 664 mites,
452 617 592 668 integre
614 617 816 668 persoluta,
837 617 1038 669 quemdam
1056 619 1251 656 cumulum
1269 623 1402 666 terrae,
1422 621 1488 670 qui
1510 622 1711 672 vulgariter

175 674 313 712 dicitur
338 675 440 721 wal,
462 676 646 725 jacentem
677 676 755 712 sive
786 676 1046 715 consistentem
1075 677 1111 713 in
1138 677 1347 728 parrochia.
1361 678 1407 715 de
1431 679 1710 717 Riddervoordc

171 732 294 783 juxta,
312 738 392 779 etc.,
411 746 496 770 cum
515 733 617 770 omni
633 733 718 783 jure
736 733 808 770 sibi
826 739 1056 784 competente
1070 735 1182 772 modo
1195 737 1365 787 quolibet
1386 737 1424 773 in
1439 738 1596 786 eisdem,
1613 752 1709 790 qua(-

174 791 331 843 quidem.
358 792 456 830 bona
485 792 607 830 dictus
632 792 808 831 dominus
832 793 1023 831 lohannes
1050 794 1198 832 tenebat
1223 795 1262 832 in
1290 795 1439 833 feodum
1466 810 1486 834 a
1512 797 1707 834 domicella

174 849 314 896 AEffle„
332 850 407 888 filia
425 850 568 889 domini
589 851 774 891 Lamberti
793 851 840 888 de
859 852 1137 890 Riddervoordc
1152 854 1351 903 praedicti,
1371 868 1472 892 nunc
1494 869 1610 894 uxore
1628 857 1708 894 talis

175 935 381 947 ........
406 908 471 947 sed
489 909 536 946 ad
552 922 725 960 praesens
743 909 844 946 omni
861 909 946 958 jure
963 910 1096 948 feodati
1116 925 1182 961 per
1198 924 1260 949 eos
1277 913 1341 962 qui
1361 926 1475 963 super
1491 913 1563 951 hoc
1582 920 1708 964 potes-

174 970 284 1005 tatem
308 966 509 1013 habebant,
530 972 783 1018 competenter
798 972 835 1004 et
852 968 1015 1019 legitime
1033 969 1219 1016 absoluta,
1237 970 1284 1007 ad
1310 983 1404 1019 opus
1429 971 1518 1008 dicti
1540 973 1704 1023 magistri

173 1025 312 1076 AEgidii
331 1054 540 1064 ........
558 1027 598 1064 ἰη
626 1027 889 1078 proprietatem
917 1028 1174 1066 hereditariam
1202 1030 1401 1067 efficaciter
1427 1036 1515 1068 sunt
1540 1031 1706 1074 redactaq

173 1087 285 1134 prout
297 1083 396 1122 idem
411 1084 586 1122 dominus
599 1085 791 1124 lohannes
803 1086 993 1123 consessus
1006 1090 1061 1123 est
1073 1099 1196 1123 coram
1213 1087 1322 1124 nobis
1331 1116 1340 1129 ,
1355 1088 1573 1138 promittens
1586 1089 1704 1127 eidem

174 1140 349 1192 mafflstro
366 1142 550 1192 praesenti
569 1155 693 1180 coram
710 1143 818 1180 nobis
833 1148 869 1180 ct
881 1143 1072 1194 stipulanti
1090 1144 1275 1194 praedicta
1291 1145 1387 1182 bona
1403 1146 1578 1184 adversus
1592 1161 1706 1198 quas-

173 1210 322 1249 cunque
338 1213 514 1250 personas
535 1200 775 1251 garandizare
798 1206 835 1238 et
859 1201 1148 1252 incalumpniata
1173 1207 1350 1253 perpetuo
1371 1203 1588 1251 observare,
1613 1210 1650 1242 et
1675 1206 1703 1242 si

172 1257 427 1308 quaestionem
452 1259 509 1296 vel
534 1259 787 1310 calumpniam
810 1259 882 1296 sibi
907 1260 964 1297 vel
990 1260 1067 1297 suis
1093 1260 1293 1298 heredibus
1316 1261 1452 1298 antini
1476 1264 1533 1299 vel
1559 1263 1633 1301 inis
1659 1265 1705 1301 ad

172 1328 283 1366 quem
311 1317 366 1354 vel
393 1330 487 1367 quos
513 1331 667 1368 quoquo
692 1319 777 1367 jure
795 1318 942 1356 devolvi
968 1319 1179 1370 contigerit,
1205 1319 1303 1357 dicta
1330 1320 1429 1358 bona
1451 1321 1489 1357 in
1513 1327 1702 1372 posterum

173 1375 311 1412 moveri
338 1376 546 1426 contingat,
573 1376 674 1414 illam
703 1377 780 1415 suis
810 1377 1022 1427 sumptibus
1051 1378 1238 1416 amovebit
1268 1379 1416 1429 penitus
1446 1384 1482 1416 ct
1513 1379 1703 1422 defendet,

172 1434 299 1472 volens
315 1434 425 1472 etiam
442 1441 477 1473 et
492 1437 698 1474 concedens
712 1450 751 1474 se
764 1437 810 1474 ad
829 1437 867 1474 id
886 1451 906 1474 a
920 1437 1045 1484 vobis,
1060 1438 1089 1475 si
1114 1451 1260 1476 necesse
1279 1439 1406 1485 fuerit,
1423 1453 1488 1489 per
1503 1453 1700 1478 censuram

170 1492 451 1532 eeclesiasticam
465 1507 573 1544 posse
584 1495 776 1546 compelli,
791 1508 1005 1546 supponens
1018 1509 1057 1533 se
1073 1500 1110 1534 et
1125 1509 1191 1534 sua
1204 1502 1388 1548 quantum
1407 1498 1454 1535 ad
1472 1498 1543 1535 boc
1558 1504 1701 1536 vestrm·

167 1549 418 1600 jurisdictioni
437 1557 474 1589 et
490 1552 695 1590 cohertioni
711 1553 930 1604 ubic'unque
950 1567 1035 1591 eum
1056 1554 1094 1591 in
1115 1560 1302 1605 posterum
1321 1556 1516 1606 contigerit
1533 1570 1703 1594 commo-

169 1608 254 1645 rari.
280 1609 326 1646 Et
348 1610 540 1647 constituit
562 1611 788 1649 Wisselmum
813 1612 859 1649 de
879 1612 1107 1657 Wendunis,
1127 1613 1279 1650 latorem
1301 1614 1551 1663 praesentium
1572 1628 1700 1658 suun„

171 1663 296 1703 coram
311 1667 419 1705 nobis
436 1668 483 1704 ad
501 1669 771 1715 confitendum,
789 1671 1144 1720 recognoscendum,
1164 1671 1419 1709 innovandum
1439 1677 1475 1709 et
1493 1673 1700 1710 iterandum

171 1737 239 1774 pro
257 1723 338 1774 ipso
357 1725 473 1762 milite
491 1730 526 1762 et
543 1726 623 1775 ejus
642 1727 794 1764 nomine
811 1728 857 1764 ad
877 1741 972 1778 opus
989 1728 1079 1765 dicti
1106 1729 1271 1779 magistri
1291 1729 1492 1779 praemissa
1516 1731 1641 1768 onmia
1669 1738 1700 1767 ct

170 1781 315 1832 singula
341 1796 465 1820 coram
490 1784 609 1831 vobis,
633 1785 821 1837 quidquid
839 1786 936 1824 idem
962 1792 1180 1837 procurator
1195 1793 1379 1838 quantum
1397 1788 1444 1825 ad
1462 1802 1502 1826 ea
1521 1790 1646 1827 omnia
1668 1796 1700 1826 c!

170 1840 314 1890 singula
332 1841 469 1879 dixerit
485 1843 541 1879 vel
560 1843 704 1890 fecerit,
722 1858 845 1882 coram
865 1845 971 1882 vobis
988 1850 1109 1882 ratum
1135 1850 1169 1882 et
1194 1846 1343 1883 firmum
1365 1846 1572 1885 habiturus.
1593 1848 1700 1896 Quod

173 1899 278 1936 vobis
293 1905 330 1937 et
342 1901 517 1939 omnibus
530 1915 692 1952 quorum
709 1903 869 1948 interest„
886 1909 1011 1941 tenore
1024 1905 1275 1954 praesentium
1291 1906 1449 1955 patefiat.

220 1957 374 2005 Datum,
391 1963 458 1996 etc.
