2184 3074
717 283 879 322 CODEX
904 283 1150 323 DUNENSlS.
1628 286 1699 323 547

162 399 419 438 benevolentia
451 401 572 438 taliter
601 400 836 438 admittentes
867 401 970 452 quod
996 401 1112 439 abbas
1142 406 1179 438 et
1208 406 1413 439 conventus
1446 402 1623 453 praedicti
1652 402 1698 439 de

161 463 283 496 vestro
304 459 445 497 auxilio
472 459 678 510 plurimum
700 459 947 506 confidentes,
974 459 1232 498 subventionis
1251 466 1391 498 vestrae
1410 461 1597 512 fastigium
1626 460 1696 498 sibi

161 517 321 554 sentiant
347 517 506 555 affuisse.
534 517 659 555 Valeat
685 522 801 555 status
837 522 955 556 vester
983 523 1019 555 et
1052 518 1173 569 vigeat
1203 518 1241 555 in
1276 519 1438 556 Domino
1465 519 1697 570 temporibus

161 575 348 625 prosperis
365 580 400 613 et
417 570 606 624 jucundis.

885 651 962 662 ‹00—

847 795 1017 833 ccxxll.

159 912 461 969 Lettrepadressee
478 926 527 951 au
544 919 655 952 comte
672 913 825 959 Gltarles
842 914 1009 966 d'Anjou
1026 928 1070 952 en
1091 909 1227 966 faveu'r
1246 914 1338 952 d'un
1357 914 1459 965 frere
1479 943 1486 950 .
1508 944 1515 950 .
1537 943 1544 951 .
1561 914 1697 964 charqe‘

521 973 657 1022 aupre'ts
671 971 714 1009 de
732 971 788 1010 lm·
804 972 866 1010 des
884 972 1034 1022 affaires
1052 973 1103 1010 du
1119 975 1333 1011 monastere.

209 1168 462 1207 lllustrissimo
479 1169 560 1206 viro
580 1173 616 1207 et
637 1169 792 1206 domino
809 1182 878 1207 suo
895 1169 935 1206 in
954 1169 1102 1208 Christo
1121 1170 1315 1212 karissimo
1333 1171 1376 1209 N.
1395 1171 1522 1208 comiti
1540 1172 1695 1210 salutem

161 1232 298 1264 etcum
321 1227 538 1265 devotarum
557 1227 768 1265 orationum
791 1227 975 1279 suffragiis
993 1234 1158 1279 paratam
1178 1229 1216 1266 in
1243 1229 1420 1269 omnibus
1446 1231 1491 1268 ad
1517 1231 1696 1281 obsequia

160 1285 398 1323 voluntatem.

208 1344 311 1382 Licet
335 1358 401 1395 per
426 1344 592 1381 locorum
612 1344 825 1382 distantiam
850 1358 870 1381 a
894 1344 1000 1382 vobis
1021 1345 1137 1383 simus
1159 1346 1364 1396 plurimum
1384 1348 1559 1398 separati,
1587 1348 1697 1384 corde

160 1406 282 1441 tamen
297 1402 523 1440 visceraliter
538 1402 800 1449 adhaerentes,
819 1403 908 1453 quia
928 1403 1031 1454 regni
1052 1404 1228 1441 Franciae
1246 1405 1519 1455 promotionem
1542 1410 1578 1443 et
1594 1406 1696 1442 exal—

160 1461 336 1500 tationem
351 1466 387 1499 et
400 1461 641 1499 illustrissimi
661 1461 804 1499 domini
820 1462 916 1513 regis
930 1466 965 1499 et
979 1462 1184 1500 amicorum
1203 1476 1356 1500 suorum
1377 1463 1573 1510 honorem,
1593 1477 1698 1501 com-

158 1519 312 1558 modum
336 1525 371 1557 ct
397 1520 602 1570 profectum
622 1533 734 1570 super
752 1533 881 1557 omnes
899 1521 1087 1571 principes
1119 1525 1236 1559 terrae
1259 1522 1344 1559 totis
1363 1522 1567 1560 visceribus
1587 1523 1698 1560 affec-

159 1584 291 1624 tamus,
301 1578 545 1629 quamobrem
560 1579 808 1616 Excellentiae
816 1579 967 1617 Vestrae
981 1580 1130 1618 servitio
1144 1581 1326 1632 quicquid
1345 1587 1463 1632 potest
1479 1582 1698 1619 humilitatis

158 1642 305 1675 nostrae
327 1638 486 1688 parvitas
512 1642 584 1674 tam
614 1638 652 1675 in
677 1637 934 1688 spiritualibus
964 1652 1078 1689 quam
1107 1639 1144 1676 in
1172 1641 1439 1690 temporalibus
1465 1641 1699 1686 affectamus,

160 1701 196 1734 et
214 1697 366 1734 latorem
386 1697 635 1747 praesent-ium
659 1696 807 1734 fratrem
827 1697 907 1734 Ν....
929 1697 1154 1734 monachum
1182 1703 1350 1735 nostrum
1375 1699 1421 1736 ad
1442 1699 1606 1737 Vestram
1623 1701 1698 1737 Ex-

161 1755 368 1793 cellentiam
394 1758 546 1805 propter
569 1754 752 1805 quaedam
780 1755 915 1793 domus
935 1760 1080 1793 nostrae
1109 1757 1254 1807 negotia
1278 1757 1528 1803 destinamus7
1551 1771 1594 1795 eo
1621 1771 1696 1809 quo

160 1827 357 1865 possumus
377 1814 508 1851 affectu
524 1843 533 1861 ,
551 1814 726 1852 attentius
746 1814 936 1852 humiliter
962 1820 1152 1853 exorantes
1170 1820 1354 1866 quatenus
1373 1816 1493 1854 eidem
1514 1817 1696 1854 monacho

160 1877 286 1912 nostro
317 1886 430 1923 super
455 1872 611 1922 negotiis
633 1872 768 1911 domus
795 1877 941 1910 nostrae
967 1873 1116 1910 credere
1141 1873 1346 1925 dignemini
1375 1879 1550 1926 tanquam
1571 1875 1696 1913 nobis.

158 1937 194 1970 et
205 1932 334 1970 eadem
348 1931 509 1982 negotia,
527 1931 732 1974 secundum
747 1932 849 1982 quod
864 1932 993 1970 domui
1012 1938 1158 1970 nostrae
1172 1933 1346 1984 expedire
1360 1933 1538 1979 videritis,
1549 1934 1697 1971 divinae

159 1991 305 2042 pietatis
323 1991 462 2029 intuitu
478 1991 676 2028 efficaciter
691 2003 922 2042 promovere,
940 1991 986 2028 ad
1003 1992 1220 2029 memoriam
1239 1992 1455 2030 reducentes
1473 1993 1575 2043 quod
1591 1993 1698 2030 illus-

160 2050 320 2087 trissima
345 2049 497 2087 domina
525 2050 571 2098 B.
595 2054 604 2072 ¹
638 2049 758 2086 clarae
789 2049 1009 2095 memoriae,
1037 2050 1230 2101 quondam
1258 2055 1373 2087 mater
1404 2056 1542 2093 vestra,
1572 2051 1696 2101 regina

162 2109 411 2152 Francorum,
430 2108 584 2146 domum
614 2113 775 2146 nostram
802 2108 947 2146 sincero
981 2109 1112 2146 dilexit
1134 2123 1260 2147 amore
1283 2115 1318 2147 et
1344 2123 1430 2147 suae
1459 2110 1697 2161 benignitatis

161 2167 342 2204 auxilium
363 2166 471 2204 nobis
490 2167 720 2218 frequentius
742 2167 1000 2218 praesentavit,
1023 2168 1124 2218 quod
1144 2168 1176 2204 ei
1201 2169 1382 2206 retribuat
1396 2170 1434 2206 in
1453 2174 1598 2206 aeterna
1617 2169 1698 2206 bea-

163 2225 322 2262 titudine
339 2225 524 2262 bonorum
543 2226 712 2263 omnium
732 2226 943 2263 retributor.

203 2342 210 2356 ¹
233 2342 349 2368 Blnnche
362 2343 394 2369 de
409 2344 525 2370 Custille.
