2184 3074
723 349 888 387 conssx
915 350 1160 389 DUNENSlS.
1638 354 1709 392 417

174 469 468 520 supplicandum
500 482 647 507 summo
678 468 846 519 pontifici
877 473 919 506 ut
946 469 1040 506 serre
1069 469 1286 520 dignaretur
1314 471 1709 508 excommunicationis

181 529 380 566 sententias
393 529 433 565 in
447 541 576 565 omnes
597 540 659 565 eos
677 532 714 564 et
730 527 912 578 singulos,
931 532 966 564 et
984 527 1169 564 interdicti
1188 527 1227 565 in
1245 532 1358 566 terras
1375 533 1411 566 et
1429 530 1711 566 communitates

182 585 298 636 ipsas,
325 590 361 624 et
382 586 472 624 latas
495 591 532 624 et
553 586 722 624 ferendas
745 586 792 623 ab
814 585 946 622 ordine
971 599 1100 623 eorum
1126 587 1334 633 confirmet,
1352 587 1382 624 si
1401 587 1590 638 contingat
1612 588 1710 638 ipsos

181 649 245 681 aut
261 657 307 682 ex
325 644 376 682 eis
394 645 539 695 aliquos
557 645 732 682 articulos
751 644 852 695 pacis
870 650 906 681 et
923 644 1065 682 ratione
1080 645 1180 695 pacis
1201 658 1269 696 per
1291 650 1503 683 tractatores
1524 659 1652 683 eorum
1676 652 1709 683 et

183 707 327 740 nostros
344 702 586 740 concordatos
605 703 643 739 in
662 715 791 739 eorum
812 702 941 739 litteris
961 703 1107 752 plenius
1125 703 1411 753 comprehensos
1425 717 1498 741 non
1513 705 1709 755 complere,

183 773 257 797 non
284 765 408 798 tenere
433 766 611 812 perpetuo
635 766 699 798 aut
715 761 1000 811 quomodolibet
1016 761 1282 798 contravenire.
1307 762 1359 798 Ne
1377 775 1488 812 super
1507 762 1576 799 hiis
1596 763 1709 813 possit

182 832 250 870 pro
269 824 434 871 tempore
452 819 610 857 dubium
631 820 722 870 quid
742 819 849 862 oririq
871 819 1127 870 praesentibus
1145 820 1373 857 declaramus
1392 834 1466 857 non
1485 834 1562 858 esse
1587 820 1709 857 inten—

182 877 292 915 tionis
311 883 457 915 nostrae
476 891 739 929 quemcunque
756 891 801 914 ex
820 878 871 915 eis
890 891 958 928 pro
983 878 1133 915 alterius
1157 878 1292 915 delicto
1315 878 1711 915 excommunicationis

181 941 245 972 aut
270 936 432 987 aliquam
462 937 765 974 communitatem
792 949 859 987 pro
885 936 1035 973 alterius
1059 937 1337 974 communitatis
1362 938 1497 974 delicto
1525 936 1708 973 interdicti

181 994 379 1032 sententias
406 995 614 1041 incurrere7
641 995 730 1031 dum
760 999 880 1031 tamen
909 994 960 1031 hii
987 994 1052 1045 qui
1082 1008 1156 1031 non
1186 994 1411 1045 delinquunt
1432 995 1470 1031 in
1500 994 1586 1040 hiis,
1603 994 1710 1044 juxta

181 1051 334 1089 modum
353 1053 454 1103 pacis
476 1057 512 1090 et
536 1053 692 1090 formam
718 1065 785 1103 pro
810 1052 919 1090 nobis
937 1057 973 1089 et
991 1052 1126 1089 nostris
1145 1052 1366 1090 haeredibus
1384 1057 1420 1090 et
1437 1053 1711 1090 successoribus

180 1111 330 1162 regibus
347 1111 576 1148 Francorum
596 1123 744 1148 omnem
763 1115 952 1160 praestent
968 1123 1075 1161 opem
1095 1114 1131 1147 et
1149 1123 1299 1161 operam
1325 1115 1452 1148 contra
1478 1124 1605 1161 pacem
1635 1124 1708 1147 non

180 1174 366 1207 servantes
384 1169 609 1220 praedictam
630 1173 666 1206 et
683 1168 858 1206 articulos
876 1168 1018 1205 ratione
1035 1168 1136 1218 pacis
1155 1168 1288 1218 ipsius,
1311 1173 1353 1205 ut
1367 1168 1524 1215 dictum,
1547 1174 1602 1206 est
1619 1182 1710 1206 con-

180 1228 368 1274 cordatos,
394 1227 661 1274 cohercendos,
681 1232 716 1264 et
735 1227 842 1264 nobis
866 1231 901 1264 ct
923 1226 975 1264 eis
1001 1227 1065 1277 qui
1092 1226 1244 1263 stabunt
1266 1227 1304 1263 in
1326 1227 1583 1264 observatione
1610 1227 1709 1278 pacis

172 1286 389 1337 ‘praedictae
412 1299 481 1337 pro
507 1285 642 1323 talibus
663 1284 968 1335 delinquentibus
995 1284 1235 1322 cohercendis
1257 1284 1480 1322 adhaereant
1501 1285 1606 1334 juxta
1634 1285 1710 1323 sor-

173 1358 278 1383 *mam
297 1345 397 1395 pacis
414 1344 633 1395 praedictae.

893 1418 994 1430 ‹00›-

810 1550 1081 1590 CCLXXXVll.

301 1670 546 1708 Protestaeion
561 1675 682 1707 contre
701 1669 733 1706 le
749 1668 895 1706 subside
912 1668 1069 1706 reclame'
1081 1681 1158 1718 par
1175 1668 1206 1705 le
1223 1674 1333 1705 comte
1349 1668 1393 1705 de
1411 1668 1585 1706 Flandre.

228 1866 269 1903 ln
298 1866 448 1902 nomine
475 1864 623 1902 Domini
651 1877 777 1910 amen,
803 1876 920 1908 annoff
944 1868 1028 1909 etc„
1051 1863 1140 1900 tales
1166 1863 1318 1900 abbates
1343 1863 1379 1900 in
1409 1864 1611 1914 praesentia
1639 1877 1708 1900 mei

172 1924 314 1962 notarii
334 1923 492 1974 publici,
507 1923 731 1973 testiumque
750 1922 1045 1972 subscriptorum
1065 1921 1109 1958 ad
1131 1921 1199 1958 hoc
1217 1922 1424 1972 specialiter
1443 1926 1656 1959 vocatorum
1675 1927 1710 1958 et

171 1988 389 2035 rogatorum
413 1982 655 2033 personaliter
678 1981 867 2019 constituti
892 1981 1192 2032 protestabantur
1213 1980 1316 2031 quod
1343 1980 1427 2017 licet
1452 1981 1586 2017 virtute
1611 1980 1709 2017 litte-

180 2054 306 2079 rarum
323 2041 608 2091 apostolicarum
633 2040 680 2077 ad
702 2039 880 2077 discretos
898 2040 997 2076 viros
1015 2039 1231 2089 magistrum
1251 2068 1258 2075 .
1275 2068 1282 2075 .
1300 2068 1307 2075 .
1325 2067 1352 2083 .,
1370 2044 1454 2085 οἱα,
1472 2039 1707 2075 obtentarum

181 2112 292 2150 super
308 2098 476 2136 subsidio
494 2097 662 2135 faciendo
676 2097 810 2135 illustri
829 2102 865 2134 et
886 2097 1083 2147 magnifico
1102 2096 1262 2146 principi
1280 2096 1433 2133 domino
1451 2096 1576 2133 comiti
1595 2095 1708 2133 Flan-

170 2158 283 2195 -driae
300 2156 527 2208 quibusdam
555 2156 663 2194 certis
688 2169 733 2193 ex
758 2155 877 2193 causis
895 2168 991 2206 quae
1011 2156 1049 2192 in
1071 2155 1201 2192 litteris
1218 2155 1429 2205 apostolicis
1456 2155 1602 2205 plenius
1621 2159 1709 2192 sunt

179 2229 387 2267 expressae,
405 2215 458 2253 nil
484 2215 603 2252 facere
625 2220 795 2266 poterant
813 2215 869 2252 vel
894 2215 1082 2252 audebant
1099 2219 1250 2264 propter
1267 2214 1459 2264 privilegia
1486 2214 1551 2251 toti
1570 2214 1708 2251 Cister-

179 2274 293 2311 ciensi
318 2273 440 2311 ordini
466 2286 486 2310 a
512 2273 605 2311 Sede
626 2274 838 2324 Apostolica
866 2286 1056 2319 concessa,
1075 2285 1171 2323 quae
1190 2271 1403 2322 hujusmodi
1422 2272 1706 2323 praestationem

172 2332 336 2371 subsidii
356 2332 528 2369 inhibent
545 2332 623 2368 lieri
642 2345 709 2383 per
730 2332 867 2369 litteras
890 2331 1033 2381 aliquas
1055 2330 1111 2366 vel
1135 2329 1307 2366 mandata
1329 2330 1529 2380 apostolica
1548 2342 1643 2380 quae
1661 2329 1707 2365 de

172 2391 409 2443 indulgentia
428 2391 642 2440 hujusmodi
661 2395 697 2428 et
713 2391 759 2428 de
777 2389 1008 2428 Cisterciensi
1031 2389 1162 2426 ordine
1179 2389 1327 2439 plenam
1346 2394 1382 2426 et
1400 2402 1611 2440 expressam
1629 2402 1705 2426 non

172 2450 333 2488 >fecerint
362 2449 608 2495 mentionem7
639 2449 686 2486 ad
718 2463 813 2500 quae
843 2448 1050 2499 praedictae
1079 2447 1220 2485 litterae
1248 2461 1360 2498 super
1397 2448 1497 2485 dicto
1536 2447 1708 2485 obtentae

1513 2507 1561 2544 55
