2184 3074
712 299 874 338 conssx
898 299 1146 339 DUNENSIS.
1628 303 1696 341 371

169 418 397 470 requirimus
422 423 460 456 et
487 430 663 469 rogamus
683 418 860 468 quatinus
888 417 987 455 idem
1013 417 1056 456 N.
1082 418 1121 454 id
1151 418 1254 468 quod
1283 418 1330 455 de
1356 422 1498 457 vestrae
1523 419 1699 458 bonitatis

166 475 286 527 gratia
302 475 415 527 digne
431 476 578 526 assequi
595 475 797 521 desiderat,
818 475 1074 526 multiplicatis
1092 475 1399 514 intercessoribus
1417 477 1518 527 apud
1536 490 1601 515 vos
1619 478 1701 516 ossi-

170 534 304 572 caciter
326 538 594 585 consequatur,
623 533 836 579 tanturm-si
857 534 994 584 placet,
1013 533 1100 571 inde
1118 533 1292 572 facientes
1312 534 1415 585 quod
1439 540 1563 573 nostra
1585 535 1701 573 inter-

168 593 286 633 cessio
315 605 402 630 cum
431 593 514 631 aliis
536 605 606 643 pro
631 592 714 643 ipso
739 592 1045 630 intercessoribus
1075 592 1146 630 sibi
1178 592 1243 630 fiat
1273 593 1500 644 peramplius
1529 594 1699 644 gratiosa.

173 650 313 697 Valeat,
331 654 399 688 etc.

876 706 995 718 «Quo—»ff

847 841 1034 879 ccxmx.

481 953 602 990 Lettre
620 952 664 989 de
685 952 723 989 Ia
739 956 906 989 comtesse
928 950 973 988 de
990 951 1156 988 Flandre
1175 952 1197 988 ἀ
1218 965 1270 988 un
1291 950 1387 989 αόὸέ.

219 1129 320 1167 Licet
337 1142 463 1180 preces
484 1133 625 1169 nostras
644 1141 737 1179 quas
758 1128 847 1165 alias
866 1141 934 1178 pro
952 1127 1098 1164 duabus
1124 1127 1230 1164 vobis
1244 1127 1496 1177 porreximus,
1512 1128 1698 1164 favorabi-

170 1188 254 1226 liter
270 1187 491 1234 exaudistis,
521 1187 672 1224 affectus
704 1190 826 1223 tamen
859 1199 970 1237 quem
1001 1186 1096 1222 circa
1123 1185 1302 1236 quasdam
1332 1198 1507 1236 personas
1532 1190 1568 1222 et
1594 1186 1698 1222 favor

169 1259 280 1297 quem
299 1259 383 1297 erga
402 1245 667 1283 monasterium
686 1249 849 1283 vestrum
871 1244 1050 1295 gerimus,
1071 1256 1138 1281 nos
1161 1243 1346 1281 inducunt
1367 1248 1408 1280 ut
1426 1244 1545 1281 causis
1566 1257 1698 1294 super-

167 1304 402 1342 venientibus
419 1304 559 1356 pluries
571 1316 638 1341 vos
655 1316 838 1354 rogemus.

215 1363 309 1401 Cum
324 1363 438 1414 igitur
452 1363 534 1400 talis
547 1367 584 1400 et
598 1362 655 1400 sui
670 1362 778 1399 amici
800 1361 861 1412 pie
878 1360 1088 1398 desiderent
1102 1364 1143 1397 ut
1157 1360 1194 1397 in
1209 1364 1330 1397 vestro
1349 1361 1572 1398 monasterio
1591 1361 1697 1399 finiat

167 1421 245 1460 dies
269 1434 354 1460 suos
381 1426 417 1459 et
441 1421 512 1459 sub
533 1421 697 1472 regulam
723 1420 854 1457 habitu
876 1432 944 1457 suo
965 1418 1100 1456 serviat
1121 1418 1304 1465 Creatori,
1323 1418 1510 1456 caritatem
1538 1425 1695 1466 vestram

167 1479 392 1532 requirimus
414 1483 450 1517 et
475 1492 648 1530 rogamus
673 1482 715 1515 ut
739 1478 860 1515 eidem
891 1476 998 1527 cujus
1032 1481 1173 1528 patrem
1200 1477 1276 1514 suis
1298 1477 1531 1528 exigentibus
1556 1476 1696 1516 meritis

167 1537 282 1576 animi
318 1538 477 1589 puritate
509 1537 716 1588 diligimus,
751 1535 962 1587 praebenda
996 1534 1167 1572 monialis
1199 1535 1426 1582 conseratur,
1453 1535 1543 1572 (lum
1579 1535 1625 1572 ad
1658 1536 1695 1573 id

169 1596 322 1633 facultas
339 1608 377 1633 se
395 1595 588 1641 obtulerit,
607 1594 752 1645 pietatis
772 1593 930 1639 intuitu,
946 1593 1080 1630 nostris
1095 1592 1266 1643 precibus
1284 1598 1319 1629 et
1336 1606 1469 1630 amore.
1486 1593 1583 1630 Haec
1602 1594 1697 1643 peti-

170 1667 252 1692 mus
268 1667 314 1692 ex
329 1653 478 1705 speciali
498 1653 633 1690 fiducia
651 1665 763 1703 quam
781 1652 828 1689 ad
847 1656 1004 1688 vestram
1022 1651 1184 1701 gerimus
1204 1651 1424 1697 bonitatem,
1439 1651 1539 1688 unde
1557 1652 1697 1703 placeat

169 1712 274 1750 vobis
292 1712 394 1763 quod
413 1724 537 1761 preces
556 1715 702 1748 nostrae
716 1710 858 1748 felicem
878 1710 1082 1747 sortiantur
1096 1709 1277 1746 effectum.

882 1948 980 1986 CCL.

170 2060 226 2096 La
253 2062 420 2096 comtesse
454 2057 496 2094 de
530 2056 696 2094 Flandre
725 2057 886 2094 auem-ise
915 2068 970 2093 ses
998 2057 1150 2105 envoye's
1179 2056 1202 2092 ἀ
1236 2057 1343 2093 Rome
1374 2056 1397 2091 ὰ
1428 2068 1452 2104 y
1481 2061 1695 2105 emprunler

659 2127 729 2152 une
753 2126 889 2152 somme
914 2114 959 2151 de
982 2120 1061 2152 cent
1086 2114 1206 2150 lim-es.

217 2290 308 2327 Cum
334 2302 400 2326 nos
426 2289 515 2327 tales
542 2302 610 2339 pro
635 2289 861 2340 quibusdam
894 2289 1028 2326 nostris
1059 2288 1215 2337 negotiis
1243 2287 1288 2324 ad
1320 2287 1460 2324 curiam
1487 2287 1690 2324 Romanam

169 2347 490 2392 destinaverimus,
516 2347 609 2385 scire
633 2347 806 2384 volumus
830 2348 1022 2384 universos
1044 2346 1146 2397 quod
1166 2346 1255 2397 ipsis
1280 2351 1344 2383 aut
1366 2346 1515 2382 duobus
1540 2358 1585 2382 ex
1603 2344 1692 2395 ipsis

170 2411 234 2444 aut
253 2406 356 2444 alteri
373 2419 508 2443 ,eorum
539 2406 694 2443 liberam
717 2405 888 2443 dedimus
912 2409 1128 2456 potestatem
1151 2404 1354 2455 recipiendi
1381 2409 1511 2441 mutuo
1542 2403 1692 2440 nomine
