2184 3074
727 318 887 356 CODEx
914 319 1162 357 DUNENSlS.
1643 326 1714 361 479

176 450 243 488 per
265 438 543 476 distractionem
569 438 755 475 bonorum
779 438 1029 475 immobilium
1049 451 1111 475 seu
1131 439 1236 482 alias,
1252 439 1529 478 commissarius
1548 454 1566 477 a
1587 447 1712 478 nostro

175 496 335 547 generali
356 496 588 534 Cisterciensi
604 496 767 548 capitulo
784 497 821 534 in
835 496 999 547 plenaria
1015 501 1194 548 potestate
1208 497 1352 535 ordinis
1366 499 1579 549 deputatus,
1594 505 1714 537 atten-

176 555 267 595 dens
283 555 518 593 relevationis
532 568 674 593 moram
693 555 732 593 in
750 555 962 606 praemissis
974 555 1218 607 dampnosam
1229 586 1238 603 ,
1253 557 1433 608 quodque
1451 558 1711 595 deficientibus

177 613 381 652 mobilibus
396 614 498 651 nulla
513 614 744 651 liberationis
758 613 817 651 via
831 618 972 665 pateret
988 614 1058 651 alia
1075 627 1189 665 quam
1203 628 1271 666 per
1284 615 1561 654 distractionem
1578 616 1710 667 hujus-

177 672 294 719 modi,
325 672 581 710 assistentibus
614 672 685 709 sibi
716 672 992 710 venerabilibus
1021 673 1158 710 talibus
1193 673 1409 721 abbatibus,
1436 675 1710 712 communicato

176 730 392 769 eorumdem
407 730 580 778 consilio,
595 731 812 768 auctoritate
826 731 896 768 sibi
913 731 951 768 in
967 731 1035 768 hac
1050 736 1153 782 parte
1167 733 1379 775 commissa,
1401 733 1509 771 nobis
1524 734 1710 771 licentiam

176 792 212 826 et
224 788 373 840 plenam
389 789 547 826 contulit
560 789 770 826 facultatem
789 789 892 840 quod
911 789 960 826 ob
978 803 1125 827 causam
1146 795 1366 841 praetactum
1387 791 1484 828 bona
1505 792 1710 829 immobilia

176 859 296 898 usque
316 847 363 884 ad
388 847 550 884 valorem
575 847 678 884 mille
704 847 885 884 librarum
914 847 1136 894 distrahere,
1156 849 1318 886 alienare
1341 854 1375 886 et
1403 850 1441 887 in
1466 863 1710 901 quoscunque

174 909 358 956 emptores
390 906 588 943 transferre
616 905 820 956 possimus,
848 910 960 956 prout
988 906 1191 944 viderimus
1222 912 1461 958 oportunum.
1494 908 1567 946 Nos
1599 908 1711 958 igitur

176 964 391 1015 hujusmodi
412 964 493 1002 freti
509 964 657 1001 licentia
675 968 711 1001 et
727 964 898 1001 facultate
918 964 1025 1002 nobis
1042 965 1080 1001 in
1096 964 1164 1002 bac
1183 971 1286 1016 parte
1304 979 1495 1013 concessa,
1514 966 1708 1004 sufficienti

176 1026 332 1061 tractatu
362 1022 582 1073 praemisso,
611 1027 654 1059 ut
679 1021 822 1069 decuit,
852 1027 888 1059 et
911 1022 1068 1060 consilio
1096 1024 1334 1074 congruenti,
1363 1025 1456 1061 bene
1486 1029 1519 1062 et
1548 1024 1710 1075 legitime

175 1081 225 1119 ob
237 1081 491 1119 necessitatem
506 1081 732 1132 praedictam
749 1080 834 1131 jure
848 1081 1002 1132 proprio
1022 1081 1059 1118 in
1079 1087 1299 1133 perpetuum
1319 1083 1556 1120 vendidimus
1574 1083 1708 1119 dilecto

176 1140 341 1190 portario
369 1143 496 1177 nostro
523 1138 626 1177 fratri
654 1139 838 1176 Franconi
865 1140 911 1177 ad
935 1153 1030 1191 opus
1049 1145 1176 1191 portae
1196 1146 1342 1178 nostrae
1364 1146 1400 1179 et
1418 1154 1623 1193 pauperum
1643 1140 1707 1191 qui

175 1203 356 1250 perpetuo
386 1199 581 1236 confluunt
610 1198 656 1235 ad
688 1199 855 1236 eamdem
892 1203 946 1236 tot
976 1213 1168 1238 mensuras
1198 1205 1315 1237 terrae
1347 1201 1474 1252 quitae
1503 1206 1538 1238 et
1573 1200 1709 1237 liberae

172 1257 336 1306 jacentes
366 1257 404 1294 in
431 1257 554 1294 officio
581 1262 617 1293 et
641 1257 835 1307 parrochia
863 1257 909 1295 de
935 1257 1059 1304 Hulst,
1079 1258 1116 1295 in
1139 1259 1271 1308 poldro
1291 1259 1356 1309 qui
1375 1259 1513 1296 dieitur
1531 1258 1707 1309 Vogliele,

175 1317 382 1368 quamlibet
400 1330 611 1354 mensuram
631 1329 700 1366 pro
714 1315 778 1354 Vll
799 1316 921 1364 libris,
938 1317 1040 1367 quod
1057 1318 1156 1368 capit
1171 1318 1209 1354 in
1227 1331 1370 1355 summa
1390 1322 1443 1355 tot
1460 1318 1591 1364 libras,
1609 1317 1708 1354 und«-

176 1375 285 1412 nobis
301 1388 323 1412 a
340 1375 504 1426 portario
522 1374 712 1425 praedicto
727 1374 805 1424 jam
828 1375 937 1426 plene
955 1376 1077 1413 extitit
1097 1380 1133 1413 et
1152 1377 1293 1426 integre
1314 1376 1555 1423 satisfactum,
1574 1388 1709 1426 excep-

177 1433 268 1470 tioni
290 1446 364 1470 non
381 1433 457 1470 dati
476 1432 606 1479 nobis,
624 1445 700 1470 non
722 1433 833 1470 soluti
857 1437 893 1470 et
916 1446 992 1470 non
1012 1434 1194 1471 numerati
1219 1435 1326 1485 pretii
1352 1448 1416 1472 seu
1440 1435 1478 1471 in
1500 1434 1708 1471 evidentem

176 1491 389 1530 monasterii
424 1491 540 1528 nostri
575 1490 772 1528 utilitatem
804 1503 879 1528 non
915 1492 1104 1538 conversi,
1135 1493 1313 1543 omnique
1348 1493 1409 1529 alii
1442 1493 1581 1530 auxilio
1612 1493 1707 1542 juris

177 1549 345 1590 canonici
370 1550 428 1587 vel
456 1549 576 1587 civilis
602 1549 902 1596 consuetudinis,
929 1550 1186 1601 cujuscunque
1216 1551 1399 1602 privilegii
1431 1565 1450 1588 a
1482 1565 1710 1602 quocunque

179 1609 401 1660 impetrandi
418 1609 476 1646 vel
490 1609 568 1658 jam
589 1608 742 1646 forsitan
758 1609 962 1659 impetrati,
979 1609 1119 1646 auxilio
1133 1610 1241 1646 etiam
1258 1610 1360 1661 quod
1375 1610 1551 1661 competit
1563 1610 1710 1647 circon-

178 1667 296 1705 ventis
322 1667 419 1704 ultra
442 1667 637 1704 dimidiam
655 1666 747 1716 justi
770 1667 898 1718 pretii,
917 1668 1171 1706 renuntiantes
1190 1669 1364 1715 omnino,
1391 1675 1428 1706 et
1451 1669 1709 1706 transferentes

173 1725 236 1774 jus
257 1737 368 1762 omne
385 1729 421 1762 et
438 1726 587 1762 omnem
606 1725 869 1776 proprietatem
888 1726 991 1777 quod
1010 1731 1046 1763 et
1063 1740 1175 1777 quam
1195 1727 1232 1763 in
1256 1727 1365 1764 dietis
1386 1727 1491 1764 terris
1511 1727 1711 1764 babuimus

178 1783 235 1821 vel
260 1783 396 1821 habere
417 1784 628 1834 potuimus,
655 1785 692 1821 in
723 1789 886 1822 nostram
914 1789 1058 1835 portam
1085 1798 1149 1822 seu
1176 1786 1415 1823 elemosinam
1439 1785 1709 1836 supradictam.

178 1842 506 1894 promittimusquc
528 1855 597 1893 pro
623 1843 731 1880 nobis
749 1847 785 1880 et
811 1843 946 1881 nostris
969 1843 1244 1881 suecessoribus
1263 1844 1379 1881 dictas
1398 1849 1512 1882 terras
1530 1845 1711 1894 praefatae

179 1904 305 1950 portae
322 1900 368 1937 ad
387 1913 482 1951 opus
495 1913 703 1952 pauperum
719 1901 994 1952 praedictorum
1014 1907 1088 1939 tam
1107 1902 1145 1939 in
1162 1902 1394 1952 possessione
1411 1916 1522 1953 quam
1542 1902 1711 1953 proprie-

180 1963 252 1997 tate
274 1959 438 2010 legitime
463 1959 684 2006 defendere,
699 1964 828 1997 contra
854 1973 982 1998 omnes
1005 1960 1244 2010 garandizare
1269 1966 1304 1998 et
1326 1961 1517 2011 expedire,
1543 1974 1585 1997 ac
1609 1974 1712 2011 prae-

179 2016 296 2054 dictas
320 2017 573 2054 venditionem
601 2022 637 2055 et
663 2018 920 2064 traditionem,
948 2031 1092 2055 necnon
1118 2019 1241 2056 omnia
1268 2024 1304 2055 et
1327 2019 1473 2069 singula
1501 2018 1710 2068 supradicta

180 2080 359 2126 perpetuo
378 2075 485 2113 firma
499 2081 535 2114 et
552 2081 630 2114 rata
650 2076 787 2114 babere
806 2082 841 2115 et
860 2082 984 2115 tenere
1001 2082 1038 2115 et
1055 2091 1130 2114 non
1148 2083 1275 2115 contra
1294 2079 1411 2114 faeere
1429 2078 1484 2114 vel
1503 2077 1629 2114 venire
1648 2090 1714 2127 per

180 2146 247 2170 nos
266 2133 322 2170 vel
342 2146 590 2185 quoscunque
606 2135 698 2172 alios
713 2135 838 2186 aliqua
851 2140 947 2182 arte,
963 2149 1071 2173 causa
1089 2136 1145 2173 vel
1160 2136 1309 2186 ingenio
1322 2136 1368 2172 de
1382 2136 1466 2185 jure
1483 2135 1539 2171 vel
1559 2135 1604 2171 de
1619 2135 1714 2171 facto

179 2192 463 2242 quomodolibet
487 2193 523 2230 in
552 2194 731 2230 futurum.
758 2194 814 2230 Ad
836 2207 932 2244 quae
956 2195 1079 2231 omnia
1105 2199 1141 2231 et
1162 2194 1306 2244 singula
1335 2207 1402 2231 nos
1427 2199 1462 2230 et
1488 2206 1715 2230 successores

180 2255 327 2288 nostros
349 2251 446 2287 bona
476 2250 548 2287 lide
574 2251 611 2287 in
639 2256 860 2302 perpetuum
885 2252 1114 2301 obligamus,
1142 2252 1212 2289 boc
1238 2252 1340 2289 salvo
1366 2252 1547 2289 duntaxat
1563 2251 1665 2302 quod
1684 2251 1713 2287 si

181 2309 386 2360 aliquando
414 2309 450 2345 in
476 2315 664 2360 posterum
694 2323 761 2347 nos
787 2311 843 2347 vel
863 2323 1092 2347 successores
1112 2315 1255 2348 nostros
1274 2311 1394 2347 (lictae
1409 2315 1536 2361 portae
1555 2315 1714 2348 nostrae.

183 2368 230 2406 ad
261 2380 355 2418 opus
381 2367 653 2418 praedictorum
684 2381 889 2418 pauperum
916 2368 980 2418 qui
1007 2373 1186 2418 perpetuo
1204 2368 1397 2404 confluunt
1411 2368 1568 2414 adeam,
1585 2367 1713 2405 XLVll

187 2427 301 2464 libras
321 2426 440 2463 bonae
450 2431 485 2463 et
498 2426 601 2463 fortis
620 2431 787 2463 monetae
801 2427 915 2464 annui
932 2432 966 2463 et
980 2427 1146 2478 perpetui
1162 2427 1328 2465 redditus
1339 2427 1394 2463 vel
1409 2427 1478 2463 alia
1495 2426 1715 2463 hereditaria
