2184 3074
754 289 912 328 (JODEX
942 290 1186 329 DUNENSlS.
1666 293 1729 331 ⁴2¹

204 405 264 456 pia
291 406 460 444 vivorum
489 405 660 456 suffragia
687 419 706 442 a
733 405 937 456 purgatorii
964 405 1191 444 cruciatibus
1209 406 1354 457 possint
1374 406 1540 453 liberari7
1560 408 1590 446 si
1615 413 1735 446 tamen

203 465 328 515 aliquo
347 464 528 502 beneficio
546 463 608 503 hic
625 463 721 500 facto
739 467 781 500 ut
796 462 867 500 sibi
886 462 977 500 haec
995 462 1229 514 prodessent,
1248 463 1310 501 hic
1326 464 1490 503 viventes
1508 470 1734 503 meruerunt.

202 523 276 560 Nos
303 523 416 574 igitur
448 527 570 560 tantae
598 521 824 572 dignationis
854 521 1089 560 miseratione
1112 522 1264 560 animati
1291 523 1337 560 ad
1362 523 1569 574 spiritualia
1594 529 1734 562 vestrae

201 581 362 618 caritatis
392 580 566 631 suffragia
591 593 660 630 pro
686 580 882 619 animabus
914 581 1042 618 talium
1071 580 1335 619 canonicorum
1368 587 1580 620 nostrorum
1614 595 1733 633 nuper

201 638 463 676 defunctorum
481 637 659 675 duximus
676 638 943 675 recurrendum
954 667 963 684 ,
983 651 1029 675 ex
1048 638 1181 676 intimo
1194 639 1317 677 cordis
1331 639 1462 677 affectu
1480 640 1731 691 supplicantes

201 700 385 746 quatenus
406 696 552 747 aliquos
569 708 697 733 eorum
717 696 754 732 in
772 700 891 733 vestra
909 697 1059 734 caritate
1076 696 1310 747 adjuvantes,
1327 698 1543 745 missarum,
1560 698 1732 736 elemosi-

202 766 334 792 narum
353 758 464 805 atque
481 758 686 791 ceterorum
706 753 890 791 bonorum
910 760 1114 792 vestrorum
1135 755 1384 805 spiritualium
1405 756 1601 807 participes
1621 757 1730 794 mise-

200 811 394 849 ricorditer
418 811 570 849 faciatis.

908 895 1019 906 w

902 1047 1033 1084 CCXC.

200 1163 307 1201 Bulla
330 1163 373 1200 de
392 1163 548 1200 Cle'ment
567 1163 604 1201 V
621 1162 787 1200 adrensee
805 1176 854 1200 au
875 1165 934 1200 roi
953 1163 1209 1214 d’Anqleterre
1234 1163 1311 1214 ofin
1338 1165 1431 1214 qu'il
1456 1171 1627 1213 permeue
1650 1179 1728 1203 anx

249 1221 351 1260 olibes
368 1223 571 1259 cisterciens
589 1221 735 1272 anylais
753 1222 797 1259 de
820 1235 857 1259 se
883 1222 1017 1259 rendre
1037 1235 1087 1259 au
1111 1222 1273 1271 chapitre
1289 1223 1428 1260 annue!
1445 1225 1510 1273 qui
1525 1236 1562 1261 se
1580 1225 1667 1261 liene
1683 1237 1726 1261 en

246 1280 401 1318 France.

248 1455 414 1493 Clemens
427 1454 622 1505 episcopus
633 1482 642 1500 ,
659 1466 786 1490 servus
799 1466 991 1490 servorum
1005 1453 1089 1499 Dei,
1111 1453 1304 1491 karissimo
1324 1453 1361 1490 in
1379 1453 1525 1490 Christo
1545 1454 1621 1490 lilio
1625 1482 1725 1490 ......

199 1513 274 1564 regi
296 1513 447 1563 Angliae
465 1512 618 1559 illustri,
635 1512 789 1550 salutem
809 1516 845 1548 et
861 1511 1099 1562 apostolicam
1119 1511 1427 1548 benedictionem.

252 1572 351 1608 More
369 1571 420 1622 pii
446 1571 579 1622 patris,
601 1570 653 1607 fili
682 1570 888 1616 karissime,
919 1569 1093 1607 ducimur
1110 1570 1155 1607 ad
1175 1574 1296 1616 tuum,
1320 1569 1499 1620 regnique
1519 1569 1570 1606 tui
1590 1574 1724 1606 statum

208 1643 427 1680 prosperum
447 1634 488 1666 et
510 1628 772 1679 tranquillum,
793 1633 826 1664 te
843 1627 889 1664 ad
911 1641 952 1664 ea
977 1641 1072 1678 quae
1098 1633 1180 1664 tuae
1210 1627 1318 1665 saluti
1344 1627 1564 1678 expediunt‚
1593 1627 1723 1664 honori

199 1694 234 1725 et
251 1688 473 1725 utilitatibus
488 1687 559 1724 tuis
573 1700 614 1724 ac
628 1686 716 1723 dicti
733 1686 835 1736 regni
857 1685 907 1722 tui
928 1691 1153 1736 congruunt,
1170 1685 1392 1722 salutaribus
1406 1684 1726 1721 exhortationibus

200 1746 402 1784 invitando.
421 1745 595 1783 Attendat
614 1745 737 1796 itaque
756 1749 817 1781 tua
841 1744 989 1780 devotio
1015 1743 1211 1794 diligenter
1237 1744 1347 1780 verba
1372 1743 1486 1794 patris
1504 1756 1549 1779 ex
1569 1742 1726 1793 puritate

199 1805 401 1856 loquentis,
421 1805 557 1856 illaque
575 1804 699 1841 debita
718 1803 956 1840 meditatione
974 1803 1182 1840 consideret
1200 1808 1241 1839 ut
1258 1803 1354 1840 sicut
1375 1816 1419 1839 ex
1445 1802 1586 1839 sincera
1611 1801 1725 1837 dilec-

200 1864 299 1901 tione
329 1863 552 1914 procedunt,
580 1863 633 1900 sic
657 1863 790 1899 devoto
821 1862 1048 1912 recipiantur
1073 1862 1202 1898 auditu
1232 1867 1267 1898 et
1291 1862 1337 1898 ad
1363 1860 1531 1898 effectum
1559 1860 1724 1897 debitum

199 1922 441 1960 deducantur.
462 1922 589 1972 Nuper
607 1921 792 1971 siquidem
817 1920 862 1957 ad
882 1919 1107 1957 audientiam
1132 1925 1292 1957 nostram
1313 1918 1480 1970 pervenit
1499 1917 1617 1969 quod,
1643 1917 1726 1953 licet

200 1981 336 2032 singuli
355 1980 504 2018 abbates
523 1979 773 2018 Cisterciensis
792 1979 933 2016 ordinis
952 1979 998 2015 ad
1021 1979 1190 2029 generale
1217 1978 1420 2028 capitulum
1449 1976 1549 2027 quod
1581 1976 1617 2011 in
1645 1988 1726 2011 mo—

202 2039 369 2076 nasteriis
383 2038 686 2076 Cisterciensibus
704 2037 750 2074 ad
769 2038 973 2075 Romanam
991 2037 1180 2074 ecclesiam
1199 2036 1304 2073 nullo
1319 2035 1441 2072 medio
1456 2032 1726 2085 pertinentibus

200 2097 455 2135 Cabilonensis
472 2097 640 2147 dyocesis
658 2095 850 2133 consuevit
867 2095 1058 2132 annuatim
1086 2100 1184 2132 certo
1211 2099 1375 2144 tempore
1401 2092 1597 2138 celebrari,
1620 2090 1726 2141 juxta

200 2156 316 2207 ipsius
340 2155 481 2193 ordinis
502 2155 669 2192 instituta
688 2168 708 2191 a
726 2155 846 2204 longis
866 2159 963 2191 retro
982 2153 1212 2204 temporibus
1229 2152 1439 2197 observata,
1458 2150 1550 2188 Sede
1570 2151 1728 2200 Aposto-

200 2215 268 2252 lica
295 2227 339 2258 ex
363 2218 460 2251 certa
487 2211 639 2251 scientia
661 2213 894 2259 confirmata,
920 2212 1047 2250 venire
1066 2211 1307 2263 personaliter
1330 2213 1542 2256 teneantur,
1567 2207 1726 2246 statutis.

199 2272 497 2311 ordinationibus
514 2278 549 2310 et
567 2272 749 2309 mandatis
763 2271 850 2308 dicti
870 2270 1021 2322 capituli
1042 2270 1214 2321 parituri,
1241 2274 1362 2307 tamen
1382 2267 1553 2306 nonnulli
1577 2266 1727 2304 abbates

201 2332 289 2369 dicti
313 2331 476 2377 ordinis,
505 2330 599 2367 infra
620 2330 723 2380 regni
752 2329 804 2366 tui
827 2329 1003 2365 terminos
1027 2327 1238 2373 constituti,
1264 2331 1483 2364 statutorum
1514 2323 1725 2375 hujusmodi

202 2395 504 2440 transgressores,
524 2389 568 2425 ad
588 2388 816 2438 praedictum
836 2387 1039 2438 capitulum
1059 2387 1230 2424 accedere
1255 2399 1296 2423 ac
1314 2385 1422 2422 dictis
1443 2384 1608 2429 statutis,
1626 2382 1728 2420 ordi—
