2184 3074
0 2935 7 3062 .*=-1-‡v<-a
0 2544 8 2924 mse-‘mmm—

12 3027 26 3074 5.,v
12 2818 26 3010 „⁴„4„,‡.2<«v,
13 2735 17 2757 ’Ἀ
12 2610 15 2627 η
12 2516 16 2589 ἡ-Ἀ
12 2475 15 2494 ⁴·
12 2366 17 2424 *m*
19 2324 21 2326 .
13 2239 24 2281 -αν
12 2183 15 2194 “

58 2234 65 2241 .

730 339 892 379 CODEX
917 340 1158 380 DUNENSlS.
1637 347 1709 384 5⁴3

176 453 505 505 praescriptionem
519 467 539 491 a
556 459 658 504 parte
671 455 784 493 altera
800 457 1029 507 propositam
1044 462 1267 508 protestatus
1281 460 1449 510 estquod
1463 460 1493 498 si
1508 461 1708 511 praescrip-

177 514 315 552 tionem
329 513 448 562 ipsam
466 513 616 564 probari
636 514 865 564 contingeret
883 515 929 552 ab
949 516 1123 567 episcopo
1142 517 1355 567 supradicto
1373 518 1420 556 de
1437 519 1708 570 interruptione

175 572 293 624 ipsius
310 571 393 610 loco
411 575 447 609 et
464 575 630 622 tempore
651 573 826 623 congruis
850 573 921 611 sibi
947 574 1090 612 salvum
1108 588 1186 613 esse
1210 575 1240 612 si
1268 576 1375 614 vellet
1399 577 1548 624 docere,
1577 590 1705 615 verum

175 643 260 669 cum
278 630 325 668 de
343 630 416 668 hiis
432 643 529 681 quae
548 635 622 667 tam
640 643 763 668 coram
784 631 892 668 nobis
911 645 1022 682 quam
1042 646 1165 671 eoram
1189 634 1358 672 auditore
1380 636 1544 686 praefato
1566 649 1705 687 propo·

174 689 243 728 sita
261 690 422 736 fuerant,
442 701 517 726 non
536 690 697 740 potuerit
716 690 794 727 ficri
814 691 923 741 plenu
943 691 1049 738 tides,
1068 706 1148 729 eam
1164 693 1211 730 de
1223 707 1404 732 consensu
1420 700 1702 746 procuratorum

174 747 342 798 ipsorum
371 747 478 785 vobis
509 747 685 785 duximus
715 749 1018 787 committendam
1031 779 1041 796 ‚
1074 751 1290 790 mandantes
1320 758 1504 803 quatenus
1534 753 1703 804 partibus

173 806 384 844 convocatis
397 810 433 844 et
445 806 554 843 titulo
569 806 869 857 praescriptionis
885 807 1000 858 ipsius
1013 822 1032 845 a
1046 810 1210 860 praefato
1223 811 1398 862 episcopo
1412 811 1515 862 prius
1529 824 1701 862 expresso

172 869 208 903 et
225 865 401 916 probato,
420 877 568 902 causam
586 864 724 916 ipsam,
741 865 771 902 si
790 865 952 915 partium
972 868 1190 917 processerit
1207 869 1410 915 voluntate,
1430 870 1504 907 fine
1522 869 1700 907 canonico

173 923 396 971 terminetis,
415 923 581 974 alioquin
600 923 717 974 ipsam
738 924 784 961 ad
803 937 871 962 nos
892 925 1084 963 remittatis
1102 926 1327 964 sufficienter
1345 927 1579 974 instructam,
1593 941 1701 979 prae-

172 983 400 1034 flgentesque
418 983 602 1034 partibus,
621 987 702 1030 etc„
721 984 870 1034 proviso
891 997 937 1021 ne
955 984 1018 1022 lite
1035 985 1218 1035 pendente
1238 986 1284 1023 ab
1302 986 1424 1037 aliqua
1444 987 1618 1037 partium,
1631 991 1697 1024 etc.

778 1293 781 1295 ,
795 1250 1077 1290 CCCLXXVIH.

199 1369 250 1407 Le
262 1381 359 1419 pape
376 1369 550 1407 Innocent
564 1369 624 1408 IV
639 1370 781 1407 re'serve
798 1382 877 1407 aux
894 1368 997 1407 abbds
1016 1369 1048 1407 le
1066 1370 1166 1407 droit
1181 1370 1390 1409 d’entendre
1407 1371 1444 1408 la
1462 1373 1663 1422 confession

558 1427 620 1465 des
635 1427 846 1479 reliyieuses
863 1428 907 1465 de
925 1428 1061 1466 l’ordre
1079 1428 1122 1466 de
1141 1429 1307 1467 Citeauae.

216 1621 470 1668 Innocentius,
489 1626 571 1670 etc„
588 1623 731 1661 dilectis
750 1623 837 1660 filiis
862 1623 987 1660 abbati
1007 1623 1258 1671 cisterciensi,
1277 1624 1431 1674 ejusque
1449 1623 1691 1662 coabbatibus

167 1680 349 1719 universis
367 1680 510 1729 ordinis
527 1681 798 1728 cisterciensis,
816 1683 970 1720 salutem
986 1687 1022 1720 et
1038 1683 1276 1733 apostolicam
1295 1682 1601 1720 benedictionem.

213 1738 347 1777 Petitio
365 1739 484 1778 vestra
502 1741 610 1779 nobis
628 1741 792 1779 exhibita
809 1742 1025 1780 continebat
1046 1742 1148 1793 quod
1173 1755 1256 1779 cum
1284 1741 1522 1779 correctionis
1535 1742 1597 1792 jus
1616 1754 1690 1779 non

166 1802 239 1836 tam
253 1798 524 1837 monachorum
538 1814 652 1852 quam
666 1801 884 1839 monialium
903 1802 1014 1839 vestri
1033 1801 1176 1839 ordinis
1191 1802 1236 1839 ad
1256 1806 1376 1852 patres
1394 1801 1545 1839 abbates
1557 1814 1691 1839 secun-

165 1857 255 1896 dum
282 1861 418 1896 statuta
441 1858 531 1896 dicti
555 1859 698 1898 ordinis
725 1860 944 1897 confirmata
972 1873 1037 1911 per
1066 1860 1198 1898 Sedem
1229 1859 1477 1910 Apostolicam
1508 1859 1691 1909 pertinere

166 1921 355 1963 noscatur,
374 1921 411 1954 et
427 1916 467 1954 in
483 1918 645 1968 generali
663 1923 784 1956 vestro
802 1918 966 1969 capitulo
991 1918 1255 1955 deliberatione
1272 1917 1426 1968 provida
1445 1917 1492 1954 sit
1511 1922 1688 1955 statutum

164 1979 206 2013 ut
222 1975 401 2013 moniales
415 1975 670 2027 incorporatae
683 1976 753 2027 ipsi
768 1977 891 2014 ordini
906 1977 1000 2014 nulli
1015 1976 1076 2014 alii
1093 1976 1353 2022 confiteantur,
1369 1975 1439 2013 nisi
1455 1975 1548 2026 patri
1563 1975 1687 2013 abbati

164 2033 400 2071 solummodo
417 2034 475 2071 vel
493 2034 554 2072 cui
573 2035 694 2073 dictus
716 2035 830 2073 abbas
855 2035 893 2072 in
919 2035 991 2072 hoc
1015 2035 1242 2072 commiserit
1265 2035 1362 2072 vices
1386 2047 1490 2079 suas,
1517 2034 1687 2071 nonnulli

164 2092 326 2144 religiosi
344 2097 381 2131 et
396 2093 506 2132 etiam
523 2094 721 2142 seculares,
740 2108 814 2132 non
833 2095 972 2145 absque
993 2094 1293 2145 praesumptione
1312 2092 1541 2144 dampnabili
1558 2093 1686 2130 falcem

164 2151 203 2189 in
215 2151 374 2190 alienam
389 2165 544 2191 messem
559 2153 762 2201 mittentes,
778 2153 1050 2204 praedictarum
1065 2152 1283 2190 monialium
1295 2151 1547 2189 confessiones
1559 2151 1688 2188 audire

164 2222 206 2247 ac
228 2210 327 2260 ipsas
349 2210 395 2248 de
418 2211 515 2249 facto
539 2212 730 2250 absolvere
754 2226 829 2250 non
854 2217 1043 2258 verentur,
1068 2216 1220 2262 propter
1244 2210 1347 2261 quod
1369 2209 1547 2246 correctio
1572 2214 1688 2246 vestra

164 2269 453 2320 contempnitur,
471 2270 628 2322 ipsoque
646 2272 824 2309 moniales
843 2272 1046 2322 regularem
1061 2270 1244 2321 effugiunt
1258 2268 1492 2319 disciplinam
1508 2268 1546 2304 in
1560 2268 1689 2305 salutis

165 2328 374 2366 animarum
393 2341 520 2367 earum
537 2329 776 2381 dispendium
795 2335 830 2367 et
847 2329 1000 2380 praefati
1019 2329 1162 2366 ordinis
1180 2327 1354 2378 injuriam
1369 2331 1404 2363 et
1417 2330 1668 2376 contemptum
1679 2355 1689 2370 ,

165 2399 281 2436 quare
303 2386 375 2424 fuit
390 2400 436 2424 ex
454 2391 557 2438 parte
573 2393 692 2426 vestra
711 2389 818 2426 nobis
838 2387 1029 2425 humiliter
1046 2387 1294 2438 supplicatum
1312 2390 1353 2422 ut
1370 2397 1481 2435 super
1503 2383 1574 2420 hoc
1598 2395 1689 2420 con-

165 2451 299 2496 gruu‘m
319 2445 498 2484 adbibere
514 2447 721 2485 remedium
740 2447 1092 2498 dignaremur:·nos
1119 2445 1232 2496 igitur
1256 2449 1387 2482 statuta
1414 2442 1524 2480 vestri
1545 2442 1688 2479 ordinis
