2184 3074
744 293 908 332 CODEX
935 291 1178 331 DUNENSlS.
1657 292 1729 329 279

195 428 270 453 non
290 419 495 466 suppetunt
514 413 561 450 ad
579 412 805 464 perficienda
824 410 1100 449 misericordiae
1120 423 1230 461 opera
1251 410 1421 447 inchoata
1443 415 1478 446 et
1495 409 1540 446 ad
1561 415 1728 461 optatum

193 478 230 511 et
256 472 443 510 laudabile
460 471 687 509 desiderium
708 470 991 521 adimplendum
1019 469 1106 506 satis
1128 469 1233 506 decet
1262 468 1363 520 quod
1389 482 1522 505 manus
1540 468 1728 505 caritativa

193 529 360 570 fidelium
383 544 479 582 quae
495 543 624 568 omnes
643 530 798 567 virtutes
821 528 981 575 excedit,
1002 528 1141 574 visitet,
1160 527 1403 573 consolando,
1429 528 1730 579 porrigendoque

191 589 238 627 de
262 589 372 627 bonis
388 589 464 627 suis
486 588 668 626 auxilium
691 591 920 638 oportunum
948 587 1046 624 utin
1069 586 1130 623 die
1150 587 1303 624 ultimae
1330 587 1555 625 necessitatis
1577 588 1644 638 qui
1669 588 1729 625 hic

193 647 449 686 misericordes
478 646 617 684 suerint
649 659 772 683 coram
805 647 884 684 Deo
904 646 1205 692 (misericordiam
1237 645 1429 683 inveniant
1453 647 1728 698 sempiternam.

191 705 283 744 inde
295 710 350 744 est
365 705 467 757 quod
488 705 719 743 universitati
734 710 876 742 vestrae
897 709 1024 742 tenore
1037 705 1285 756 praesentium
1304 710 1432 742 notum
1453 706 1608 743 facimus
1626 706 1727 756 quod

190 765 291 817 apud
296 794 425 802 ......
441 764 623 817 quaedam
638 764 773 802 domus
787 764 833 802 de
848 777 943 802 novo
958 764 1109 802 nomine
1123 764 1316 815 hospitalis
1329 764 1563 803 ordinataest
1572 770 1607 802 et
1617 766 1727 802 etiam

189 823 382 875 deputata,
400 823 470 861 ubi
481 823 680 874 peregrini,
694 836 952 874 pauperesque
970 823 1222 860 mendicantes
1237 828 1468 861 transeuntes
1483 825 1728 875 recipiuntur,

191 883 430 934 hospitantur
452 887 488 920 et
505 882 557 919 eis
575 894 644 933 pro
666 882 810 920 viribus
837 882 958 920 dictae
983 882 1117 919 domus
1143 883 1358 920 facultatum
1380 883 1500 920 victus
1525 884 1728 921 necessaria

192 941 471 988 ministrantur,
489 945 524 978 et
542 941 580 978 in
595 954 636 978 ea
655 941 818 978 breviter
832 953 943 991 opera
959 941 1234 978 misericordiae
1250 947 1499 979 excercentur.
1520 943 1626 980 Unde
1643 955 1727 979 cum

192 1000 333 1038 ibidem
364 1005 635 1038 commorantes
662 1001 862 1051 praemissa
891 1001 1068 1052 perficere
1097 1014 1170 1038 non
1198 1002 1344 1039 valeant
1373 1002 1453 1039 sine
1483 1002 1670 1052 adjutorio
1694 1009 1730 1040 et

189 1059 400 1097 elemosinis
418 1058 604 1104 fidelium,
623 1071 797 1110 rogamus
819 1072 885 1096 vos
905 1059 1095 1096 caritative
1121 1060 1158 1096 in
1191 1060 1353 1097 Domino
1376 1061 1614 1098 exhortantes
1632 1074 1727 1111 qua-

192 1121 299 1155 tenus
323 1117 430 1154 latori
461 1111 710 1168 praesentium
743 1117 790 1154 ad
817 1130 912 1168 opus
944 1118 1064 1155 dictae
1092 1118 1244 1165 domusr
1277 1119 1306 1156 si
1341 1120 1475 1170 placet,
1507 1120 1726 1157 elemosinas

189 1180 327 1214 vestras
344 1176 550 1227 dignemini
569 1176 767 1227 impertiri,
788 1181 827 1213 ut
840 1190 906 1227 per
921 1176 1010 1214 haec
1024 1190 1109 1215 eum
1128 1178 1210 1215 aliis
1228 1191 1324 1229 quae
1344 1178 1406 1229 pio
1425 1178 1551 1216 animo
1570 1171 1727 1216 feceritis

191 1247 336 1272 summa
355 1234 421 1272 Dei
442 1233 559 1285 pietas
575 1238 611 1272 et
629 1234 882 1272 misericordia
905 1235 1007 1272 omni
1033 1235 1242 1273 substracto
1269 1236 1461 1274 obstaculo
1481 1237 1647 1274 celeriter
1664 1251 1729 1274 vos

192 1293 372 1345 perducat
384 1293 431 1330 ad
447 1293 582 1344 gaudia
601 1293 836 1344 sempiterna.
858 1294 994 1331 Datum
1007 1324 1016 1341 7
1034 1299 1100 1331 etc.

906 1421 1016 1430 ...φ’

882 1565 1055 1602 CLXXX.

560 1684 743 1720 Αηηιόηεε
762 1684 785 1719 ci
802 1683 945 1721 donner
965 1697 1043 1721 atax
1059 1684 1162 1734 Jm‘ss
1181 1686 1369 1722 convertis.

244 1885 430 1925 Omnibus
449 1888 584 1926 Christi
605 1889 778 1926 fidelibus
807 1890 853 1927 ad
877 1903 972 1941 quos
995 1896 1204 1941 praesentes
1227 1891 1367 1928 litterae
1392 1893 1626 1942 pervenerint
1652 1892 1732 1929 talis

196 1945 350 1982 salutem
376 1946 414 1983 in
439 1947 610 1984 Domino.
639 1947 690 1985 Ne
712 1948 879 1986 conversi
899 1949 945 1986 ad
974 1949 1085 1986 fidem
1111 1949 1329 1987 catholicam
1350 1950 1607 2000 retrospicere„
1630 1951 1731 2001 quod

196 2004 311 2050 absit,
330 2011 482 2056 propter
496 2007 786 2044 necessariorum
806 2008 991 2045 desectum
1003 2008 1039 2045 in
1049 2008 1317 2046 ,ihesu-Christi
1329 2009 1574 2059 obprobrium
1586 2014 1621 2045 et
1632 2009 1733 2059 igno-

197 2061 350 2099 miniam
369 2063 597 2101 orthodoxae
623 2065 709 2102 fidei
737 2066 1026 2116 compellantur,
1053 2062 1288 2117 dignum‘est
1317 2080 1390 2104 non
1415 2067 1536 2104 solum
1566 2068 1731 2118 ipsorum

198 2119 423 2170 indigentiae
431 2135 695 2160 conversorum
710 2123 780 2174 piis
791 2124 1077 2162 elemosinarum
1092 2125 1351 2175 largitionibus
1362 2126 1652 2164 necessariorum
1664 2128 1732 2164 de-

197 2179 332 2216 sectum
363 2178 651 2219 sublevantibus>
675 2183 823 2220 eosdem
852 2196 920 2234 pro
949 2183 1139 2221 christiani
1177 2185 1338 2222 nominis
1376 2185 1492 2234 gloria
1525 2186 1732 2232 subveniri,

196 2250 327 2274 verum
354 2238 463 2275 etiam
491 2238 538 2276 de
563 2239 679 2290 ipsius
711 2241 847 2278 Christi
875 2242 1013 2279 eisdem
1044 2243 1250 2292 patrocinio
1277 2243 1477 2293 provideri.
1504 2245 1597 2281 Cum
1620 2245 1733 2296 igitur

198 2296 287 2334 tales
318 2297 482 2347 praesint
507 2297 544 2334 in
572 2298 804 2337 exhibitione
829 2300 1001 2350 judaicae
1029 2302 1213 2339 caecitatis
1244 2316 1366 2339 errore
1391 2303 1519 2340 relicto
1549 2304 1595 2340 ad
1622 2304 1732 2342 tidem

199 2355 334 2393 Christi
367 2357 533 2394 conversi
561 2362 596 2394 et
624 2359 768 2395 notorie
802 2360 946 2397 lavaero
984 2360 1158 2411 baptismi
1186 2362 1301 2398 renati
1339 2375 1414 2399 non
1446 2362 1605 2399 habeant
1635 2363 1735 2400 unde

200 2413 343 2460 vivant,
374 2414 546 2465 degentes
576 2416 612 2453 in
641 2416 915 2455 christianismo
946 2419 1154 2456 voluntaria
1185 2425 1416 2470 paupertate,
1450 2421 1560 2458 rebus
1590 2422 1666 2458 suis
1698 2422 1733 2458 in
