2184 3074
733 323 896 361 CODEX
921 323 1170 363 DONENSlS.
1646 327 1710 363 201

877 489 1035 527 CXXVl.

190 607 239 644 Le
248 618 344 656 pape
358 607 531 645 lnnocent
541 607 602 644 IV
616 619 662 645 ou
678 607 851 645 lnnocent
865 607 900 643 V
913 609 1162 645 excommunic
1180 621 1231 646 un
1248 608 1426 646 chanoine
1442 609 1485 647 de
1508 610 1723 646 Terouamoe

571 664 744 715 coupable
759 665 804 703 de
819 664 993 711 violem-es
1011 677 1140 703 envers
1159 679 1210 703 tm
1227 665 1330 704 clerc.

242 848 479 886 lnnocentius
505 848 716 899 episcopus,
743 861 871 886 servus
902 861 1115 894 servorum,
1144 853 1211 886 etc.

242 906 406 944 Dilectus
424 907 524 944 filius
544 906 720 958 magister
737 907 781 943 G.
803 906 850 943 de
877 907 1030 956 Brugis‚
1061 907 1236 952 clericus,
1268 907 1417 957 querela
1445 907 1547 957 gravi
1580 906 1722 943 dudum

177 964 364 1016 'exposuit
389 975 512 1003 coram
542 965 652 1003 nobis
681 965 783 1016 quod
816 965 991 1015 magister
1021 965 1219 1011 uomicas,
1249 970 1379 1003 cantor
1406 965 1581 1002 ecclesiae
1612 964 1725 1002 Mori-

194 1023 336 1070 nensis,
357 1023 395 1061 in
413 1024 573 1061 claustro
592 1023 709 1074 ipsius
726 1023 900 1061 ecclesiae
919 1023 1088 1074 injiciens
1106 1024 1284 1062 violentas
1303 1037 1435 1061 manus
1451 1023 1488 1060 in
1504 1024 1645 1074 ipsum,
1661 1036 1726 1073 per

193 1081 375 1133 quosdam
394 1095 481 1120 suos
500 1082 700 1132 complices
724 1081 810 1119 fecit
826 1095 911 1119 eum
935 1083 1068 1119 acriter
1087 1083 1291 1128 verberari,
1310 1082 1506 1133 dictusque
1529 1086 1658 1119 cantor
1674 1081 1726 1118 si(-

191 1139 326 1190 ligatus
339 1152 378 1178 se
395 1139 676 1178 nichillominus
694 1139 832 1178 divinis
849 1140 981 1178 officiis
999 1140 1244 1187 immiscebat,
1269 1144 1422 1191 propter
1437 1140 1539 1190 quod
1559 1152 1627 1176 nos
1643 1144 1725 1176 tan-

193 1201 273 1236 tum
291 1211 482 1236 excessum
497 1198 664 1236 nolentes
677 1199 748 1236 sub
762 1198 1059 1236 dissimulatione
1077 1199 1251 1244 transire,
1265 1198 1467 1236 venerabili
1484 1198 1584 1235 fratri
1601 1203 1726 1235 nostro

192 1255 417 1294 Tornacensi
447 1256 642 1308 episcopo,
674 1260 764 1294 tunc
794 1257 951 1303 decano,
983 1257 1242 1294 mandavimus
1276 1261 1319 1294 ut
1347 1256 1486 1294 vocatis
1512 1256 1578 1307 qui
1607 1261 1725 1293 essent

194 1315 373 1362 vocandi,
392 1321 428 1353 et
445 1315 582 1353 auditis
606 1315 695 1353 hinc
721 1316 809 1353 inde
831 1315 1050 1367 propositis,
1070 1315 1173 1366 quod
1200 1316 1294 1352 soret
1311 1315 1728 1354 canonicum-‘statuere

193 1378 419 1424 procuraret.
437 1373 510 1422 Qui
529 1386 677 1411 causam
705 1373 817 1423 hujus
838 1373 1037 1424 diligenter
1057 1373 1292 1418 examinans,
1317 1373 1407 1423 quia
1426 1373 1504 1423 ipsa
1523 1372 1594 1410 sibi
1612 1372 1726 1410 ardun

194 1431 409 1478 videbatur,
428 1444 508 1468 eam
527 1431 573 1468 ad
593 1444 660 1469 nos
678 1431 906 1469 sufficienter
923 1428 1142 1469 instructam
1162 1431 1318 1476 remisit,
1337 1431 1542 1482 praefigens
1560 1430 1728 1481 partibus

194 1489 488 1540 peremptorium
505 1490 706 1526 terminum
723 1502 801 1541 quo
820 1502 932 1540 super
950 1489 1020 1527 hoc
1038 1490 1076 1526 in
1097 1494 1220 1527 nostra
1239 1489 1444 1540 praesentia
1462 1492 1726 1538 comparerent.

194 1547 289 1586 Cum
304 1560 371 1585 nos
383 1548 622 1598 postmodum
632 1548 671 1585 in
681 1548 809 1586 eadem
819 1561 927 1586 causa
941 1548 1117 1585 dilectum
1134 1548 1253 1584 filium
1269 1547 1376 1584 talem
1394 1546 1605 1583 dederimus
1621 1545 1729 1583 audi-

195 1611 328 1653 torem,
342 1606 473 1644 eodem
491 1606 592 1644 dicto
606 1606 782 1656 magistro
795 1606 840 1644 G.
851 1619 920 1657 pro
935 1619 973 1644 se
990 1611 1026 1643 et
1043 1606 1218 1656 magistro
1233 1606 1295 1643 tali
1311 1604 1565 1656 procuratorio
1579 1604 1730 1641 nomine

195 1665 284 1702 dicti
299 1665 460 1702 cantoris
474 1665 732 1715 praesentibus
745 1678 870 1702 coram
889 1678 932 1703 eo
943 1694 952 1711 ‚
966 1666 1046 1703 viso
1060 1678 1232 1716 processu
1253 1665 1370 1715 ipsius
1387 1663 1551 1715 episcopi
1570 1667 1606 1700 et
1620 1662 1730 1699 audi-

195 1723 282 1761 ditis
300 1735 396 1774 quae
410 1727 532 1773 partes
545 1735 754 1774 proponere
762 1723 963 1760 voluerunt
980 1723 1163 1773 nobisque
1181 1722 1340 1760 fideliter
1359 1721 1538 1765 recitatis,
1555 1733 1639 1758 cum
1658 1719 1728 1757 sibi

196 1781 243 1818 de
265 1780 478 1832 praemissis
500 1781 609 1831 plene
634 1785 833 1827 constaret,
864 1786 1109 1818 memoratum
1141 1781 1342 1818 Henrieum
1371 1784 1558 1817 cantorem
1585 1778 1731 1816 denun-

197 1839 302 1876 tiavit
317 1843 353 1876 et
370 1838 580 1876 denuntiari
597 1839 788 1876 mandavit
806 1840 1171 1877 excommunicatum
1191 1839 1334 1876 tamdiu
1351 1838 1471 1875 donec
1488 1836 1731 1874 absolutionis

197 1897 420 1946 beneficium
441 1902 478 1934 et
500 1897 814 1948 dispensationem
841 1910 954 1948 super
974 1897 1242 1948 irregularitate
1266 1909 1378 1947 quam
1403 1900 1555 1947 propter
1576 1894 1646 1931 hoc
1672 1894 1730 1930 in-

195 1956 323 2002 currit,
341 1969 408 2007 per
427 1955 558 1994 Sedem
580 1956 830 2006 Apostolicam
853 1957 1031 1993 meruerit
1050 1956 1292 2006 personaliter
1309 1955 1492 1999 obtinere,
1512 1954 1619 1990 talem
1639 1952 1730 1989 sub-

197 2013 368 2051 stitutum
385 2027 405 2051 a
424 2014 587 2065 praefato
607 2018 846 2064 procuratore
867 2014 1046 2059 cantoris,
1064 2013 1230 2063 ejusdem
1251 2013 1368 2063 ipsius
1389 2012 1548 2050 cantoris
1568 2010 1729 2047 nomine.

198 2071 237 2108 iu
255 2071 313 2108 CC
327 2071 434 2110 libris
451 2072 727 2110 Turonensium
743 2085 813 2123 pro
826 2072 1066 2109 extimatione
1080 2071 1259 2121 injuriae,
1277 2083 1320 2107 ac
1338 2071 1376 2106 in
1394 2071 1422 2106 C
1442 2069 1546 2106 libris
1563 2067 1727 2118 ejusden·

197 2134 367 2167 monetae
385 2143 453 2181 pro
471 2131 643 2182 expensis
663 2131 942 2182 condempnans
960 2131 1080 2168 eidem
1099 2131 1274 2181 magistro
1292 2129 1334 2166 G.
1354 2129 1439 2178 jure
1461 2129 1565 2179 prius
1583 2127 1631 2164 ab
1650 2126 1730 2176 ipso

197 2193 344 2239 recepto
370 2193 406 2226 et
432 2189 617 2226 taxatione
645 2189 734 2227 dicti
762 2189 942 2226 auditoris
970 2188 1204 2240 praehabita,
1230 2187 1333 2238 quod
1362 2186 1527 2223 eamdem
1555 2184 1728 2234 injuriam

196 2246 378 2284 sustinere
395 2247 574 2285 noluisset
592 2260 660 2298 pro
689 2253 788 2285 tanta
813 2247 1019 2298 quantitate
1043 2247 1239 2297 pecuniae,
1262 2251 1298 2282 et
1323 2244 1424 2295 quod
1444 2245 1560 2282 dictas
1581 2247 1728 2280 centum

198 2306 311 2344 libras
338 2306 556 2357 expenderit
582 2307 619 2344 in
648 2307 717 2344 hac
738 2320 866 2354 causa,
885 2312 997 2358 prout
1021 2308 1059 2343 in
1085 2306 1215 2343 litteris
1238 2305 1325 2342 inde
1350 2303 1526 2341 consectis
1549 2308 1586 2339 et
1615 2302 1730 2353 ipsius

197 2365 300 2402 electi
319 2365 441 2415 sigillo
461 2365 614 2402 munitis
635 2365 782 2415 plenius
800 2365 1021 2402 continetur.
1049 2364 1123 2402 Nos
1150 2364 1264 2414 igitur
1283 2363 1385 2413 quod
1404 2362 1451 2399 ab
1473 2361 1603 2398 codem
1622 2359 1730 2396 audi-

199 2427 277 2460 tore
295 2423 431 2460 factum
451 2428 506 2462 est
523 2424 561 2461 in
579 2424 647 2461 bac
665 2429 782 2475 parte,
803 2428 922 2461 ratum
945 2423 1121 2461 habentes
1142 2426 1178 2459 et
1194 2426 1359 2472 gratum,
1383 2420 1497 2471 idque
1515 2418 1730 2456 auctoritate

1534 2480 1582 2517 26
