2184 3074
750 309 912 348 CODEX
937 308 1182 347 DUNENSlS.
1687 312 1731 349 19

197 427 369 479 magister
386 440 450 464 seu
469 426 775 472 amministrator,
791 426 920 463 fratres
942 430 978 462 et
995 439 1160 471 sororcS,
1180 439 1324 463 necnon
1345 427 1514 476 religiosa
1533 427 1667 464 domus
1686 427 1732 464 de

194 486 318 526 Monte
334 485 477 523 Morelli
494 484 714 536 supradicti,
734 484 818 522 licet
835 484 952 535 parati
971 498 1117 522 eramus
1134 489 1170 521 et
1186 498 1332 535 semper
1350 485 1531 522 fuerimus
1549 490 1584 522 et
1608 485 1732 523 adhuc

195 556 324 581 sumus
346 543 523 581 omnibus
549 542 864 594 conquerentibus
889 543 935 579 de
959 542 1048 593 ipsis
1072 542 1247 593 magistro
1272 556 1336 580 seu
1359 543 1672 580 amministratore
1697 548 1733 581 et

195 601 277 639 aliis
298 601 520 653 supradictis
539 601 716 639 exhibere
730 601 896 651 justitiae
918 601 1254 652 complementum,
1272 606 1308 638 et
1328 601 1431 653 quod
1454 601 1732 652 dampnabilius

195 666 262 708 est,
286 661 365 713 ipsa
382 661 567 701 abbatissa
586 662 715 699 nolens
733 661 908 699 desistere
925 675 945 698 a
965 661 1177 712 praedictis,
1196 675 1309 712 super
1329 662 1398 698 hoc
1420 661 1582 712 legitime
1604 662 1732 713 requi-

196 721 284 768 sita,
311 721 397 759 dato
424 721 551 758 libello
579 721 725 772 repudii
752 721 912 758 libertati
943 721 1096 759 Sanctae
1119 721 1244 758 Matris
1270 722 1473 767 Ecclesiae,
1499 735 1537 758 se
1563 721 1659 758 mitti
1686 722 1732 758 dc

196 780 291 818 facto
317 784 444 817 contra
463 780 660 818 canonicas
681 780 889 817 sanctiones
908 780 945 816 in
966 780 1235 830 possessionem
1251 780 1370 817 dictae
1387 780 1579 829 religiosae
1598 780 1733 817 domus

195 853 262 891 per
279 839 457 890 laycalem
472 839 672 888 justitiam,
693 853 767 876 non
786 839 955 876 obstante
974 839 1041 876 fori
1057 839 1291 876 ecclesiastici
1307 839 1501 889 privilegio
1514 840 1670 890 allegato
1687 852 1732 876 ex

195 902 299 949 parte
319 897 483 948 magistri
502 911 567 935 seu
585 897 908 935 amministratoris
931 898 1049 934 dictae
1071 897 1205 934 domus
1231 897 1423 946 renitentis
1444 910 1568 934 coram
1590 898 1733 946 justitia

195 956 352 994 seculari
373 955 596 1006 respondere
613 959 649 992 ct
667 955 853 992 offerentis
873 968 911 992 se
929 960 1099 1005 paratum
1118 955 1237 991 dictae
1255 955 1461 993 abbatissae
1479 960 1515 992 et
1532 956 1613 993 aliis
1631 956 1678 993 dc
1696 969 1734 993 se

196 1014 511 1066 conquerentibus
521 1027 645 1051 coram
661 1013 769 1051 nobis
784 1013 873 1050 dicti
888 1013 1052 1064 magistri
1067 1018 1102 1050 et
1115 1014 1272 1051 aliorum
1290 1014 1564 1064 praedictorum
1580 1015 1734 1052 ordina-

195 1073 251 1111 rio
270 1071 494 1123 respondere
512 1072 781 1122 procuraverit,
802 1072 1107 1124 praesignaverit,
1130 1077 1363 1122 procurasset
1381 1086 1446 1110 seu
1466 1074 1734 1124 praesignasset

195 1132 293 1169 ultra
310 1131 539 1168 voluntatem
557 1131 744 1168 dictorum
768 1131 932 1182 magistri
953 1143 1016 1167 seu
1037 1130 1378 1177 amministratoris,
1403 1131 1557 1168 fratrum
1576 1137 1611 1169 ct
1629 1146 1734 1170 soro-

197 1203 279 1227 rum
298 1189 418 1226 dictae
436 1189 587 1235 domus,
608 1194 643 1227 ct
662 1190 699 1226 in
720 1189 993 1240 praejudicium
1013 1190 1167 1226 Sanctae
1186 1189 1309 1226 Matris
1331 1189 1514 1227 Ecclesiae
1533 1196 1677 1228 nostrae
1698 1196 1732 1230 et

193 1247 465 1298 Jurisdictionis
489 1252 651 1294 nostrae,
675 1247 917 1298 magistrique
934 1261 998 1284 seu
1018 1247 1341 1299 amministratoris
1368 1253 1404 1284 ct
1428 1248 1586 1285 aliorum
1614 1249 1734 1287 dictae

196 1307 331 1345 domus
355 1320 430 1345 non
456 1307 646 1344 m'odicum
674 1307 945 1358 praejudicium
972 1311 1007 1343 et
1027 1320 1242 1357 gravamen,
1260 1311 1296 1343 et
1318 1306 1428 1343 etiam
1452 1307 1490 1343 in
1517 1308 1733 1346 scandalum

196 1365 467 1418 plurimorum,
487 1365 764 1416 praemissaque
782 1365 857 1403 sint
874 1365 966 1402 adeo
985 1370 1020 1402 et
1037 1369 1159 1402 essent
1178 1365 1321 1402 notoria
1343 1378 1384 1402 ac
1406 1365 1515 1402 etiam
1540 1366 1733 1404 manifesta

195 1429 238 1462 ut
254 1437 330 1462 non
352 1429 512 1476 possent,
532 1437 599 1461 nec
617 1425 733 1475 possit
749 1424 1049 1474 tergiversatione
1067 1424 1207 1474 aliqua,
1223 1437 1291 1460 nec
1308 1423 1595 1461 conniventibus
1614 1425 1732 1463 oculis

196 1483 337 1534 absque
355 1483 518 1520 maximo
542 1483 716 1520 scandalo
738 1482 974 1533 pertransiri,
1001 1486 1101 1519 certo
1127 1482 1262 1518 certius
1287 1487 1340 1518 est
1366 1482 1483 1532 ipsam
1510 1482 1733 1520 abbatissam

196 1542 243 1580 de
260 1541 423 1581 Vitriaco
443 1541 617 1579 incidisse
635 1541 674 1578 in
693 1555 850 1592 poenam
868 1541 1021 1578 canonis
1045 1545 1080 1578 et
1106 1541 1503 1578 excommunicationis
1526 1555 1570 1578 ex
1595 1542 1735 1579 consti-

197 1600 340 1638 tutione
367 1601 461 1637 latae
482 1600 685 1638 sententiae
711 1601 828 1651 ipsius
856 1600 971 1637 felicis
997 1600 1265 1637 recordationis
1287 1599 1487 1636 Alexandri
1510 1613 1625 1650 papae
1649 1600 1735 1637 111112

197 1659 294 1697 edita
312 1672 425 1709 super
444 1659 533 1705 hoc,
553 1663 589 1696 et
606 1659 724 1710 ipsam
741 1659 966 1696 abbatissam
986 1658 1409 1695 excommunicationem
1430 1658 1631 1696 incurrisse
1653 1659 1734 1708 ipso

198 1719 304 1755 sacto.

247 1776 416 1826 Cumque
429 1775 550 1813 dictus
568 1789 744 1813 romanus
762 1775 930 1826 pontifex
944 1775 1051 1825 juxta
1069 1788 1259 1812 sacrorum
1278 1774 1445 1812 instituta
1463 1788 1648 1812 canonum
1665 1789 1732 1813 vo·-

198 1836 277 1873 lens
294 1835 458 1872 salubria
477 1839 603 1872 contra
622 1835 796 1872 morbum
816 1835 1030 1885 hujusmodi
1058 1834 1218 1872 remedia
1242 1834 1428 1880 invenire,
1447 1836 1675 1885 praeceperit
1693 1835 1730 1872 in

197 1894 333 1932 virtute
351 1898 497 1931 sanctae
517 1894 755 1944 obligationis
775 1894 813 1930 in
831 1894 929 1932 dicta
948 1893 1213 1931 constitutione
1234 1898 1269 1930 et
1288 1893 1519 1930 mandaverit
1536 1894 1731 1930 venerabi-

197 1953 296 1991 libus
314 1952 602 2003 archiepiscopis
620 1957 656 1990 et
673 1952 856 2003 episcopis
876 1966 942 2003 per
960 1965 1114 2002 regnum
1134 1951 1310 1988 Franciae
1329 1951 1559 1997 constitutis,
1578 1956 1619 1988 ut
1637 1965 1732 2002 quos

198 2012 276 2063 lege
293 2011 501 2062 dyocesana
517 2011 655 2048 eisdem
673 2011 859 2060 subjectos
873 2024 937 2048 seu
951 2011 1060 2047 etiam
1075 2014 1265 2060 exemptos
1276 2038 1284 2054 ,
1300 2014 1425 2046 eontra
1441 2022 1534 2060 quos
1549 2014 1730 2059 quantum

198 2072 245 2110 ad
271 2071 372 2108 hunc
398 2070 596 2108 articulum
624 2071 797 2122 pertinet,
817 2071 938 2108 dictus
962 2083 1138 2108 romanus
1165 2070 1331 2120 pontifex
1359 2068 1569 2106 Alexander
1592 2069 1730 2106 eisdem

198 2129 486 2180 archiepiscopis
512 2133 548 2166 et
571 2129 754 2180 episcopis
786 2134 962 2180 tanquam
991 2128 1166 2179 delegatis
1191 2128 1238 2164 ab
1267 2127 1361 2178 ipso,
1396 2127 1612 2163 auctoritate
1644 2139 1731 2164 suae

198 2187 473 2226 constitutionis
491 2188 610 2225 editae
628 2202 740 2239 super
758 2188 843 2235 hoc,
863 2188 1089 2225 commiserit
1106 2187 1203 2223 vices
1221 2199 1321 2231 suas,
1341 2190 1381 2222 ut
1397 2198 1492 2235 quos
1510 2185 1606 2222 circa
1626 2199 1732 2236 prae-

199 2247 310 2284 missa
324 2245 516 2283 manifeste
530 2246 734 2297 culpabiles
749 2246 970 2291 invenirent,
989 2246 1088 2296 ipsos
1106 2244 1445 2281 excommunicatos
1463 2257 1483 2281 a
1501 2257 1642 2281 canone
1660 2258 1731 2295 pu-

198 2306 294 2344 blice
314 2304 528 2342 nuntiarent
550 2310 585 2342 et
607 2306 769 2343 facerent
790 2319 909 2356 usque
934 2305 980 2342 ad
1005 2304 1290 2342 satisfactionem
1318 2303 1542 2354 condignam
1567 2304 1730 2341 nuntiari

199 2363 353 2402 minime
383 2363 628 2401 absolvendos
655 2364 797 2415 absque
823 2363 997 2400 mandato
1028 2363 1123 2399 sedis
1150 2362 1373 2413 apostolicae
1399 2362 1565 2412 speciali,
1585 2362 1730 2399 irritum

200 2421 376 2459 nuntians
406 2421 435 2458 si
464 2434 569 2459 secus
596 2422 707 2460 suerit
733 2427 875 2469 actum,
907 2422 996 2459 tales
1023 2421 1268 2458 nihilominus
1293 2420 1382 2458 alias
1413 2420 1731 2458 animadversione
