2184 3074
447 265 519 303 556
999 264 1060 302 CO
1066 264 1162 302 DEX
1186 264 1434 303 DUNENSlS.

450 380 571 417 dictae
588 381 875 426 communitatis,
893 386 928 418 et
945 394 1013 431 pro
1030 394 1070 417 ea
1089 381 1136 417 sit
1153 381 1402 431 supplicatum
1418 386 1460 418 ut
1473 395 1541 419 nos
1558 382 1604 419 ad
1618 383 1872 433 recipiendum
1890 397 1980 435 pro-

451 440 632 476 curatoria
652 439 697 475 ad
713 438 913 489 praemissa
929 439 1150 477 faciendum'
1163 439 1325 488 aliquem
1341 452 1361 475 a
1381 444 1507 476 nostro
1525 440 1637 477 latere
1652 440 1796 478 mittere
1808 441 1981 491 dignare-

451 510 547 533 mur.
562 497 636 534 Nos
655 510 741 533 vero
759 496 926 546 ipsorum
948 496 1285 547 supplicationibus
1303 510 1467 534 annuere
1492 497 1681 548 cupientes
1700 498 1738 535 in
1756 499 1980 549 praemissis,

450 554 497 591 de
515 559 574 591 tua
590 554 815 591 confidentes
832 554 1016 605 probitate
1029 558 1065 591 et
1082 554 1276 600 industria,
1291 554 1358 592 tibi
1374 554 1594 592 mandamus
1607 561 1790 606 quatenus
1805 569 1982 607 persona-

452 612 536 649 liter
553 612 702 648 accedas
721 612 766 648 ad
787 612 866 648 loca
893 612 958 648 ubi
990 616 1141 662 propter
1159 611 1230 648 hoc
1255 612 1366 648 fuerit
1391 612 1662 658 accedendum,
1683 614 1981 664 procurationem

449 668 664 718 hujusmodi
684 683 703 706 a
723 670 844 706 facere>
853 669 1065 706 volentibus
1086 669 1167 706 loco
1186 670 1301 706 nostri
1320 670 1488 721 recipias,
1506 684 1623 721 eaque
1640 671 1748 709 nobis
1766 672 1804 708 in
1829 671 1975 723 scriptis

448 727 605 763 fideliter
623 732 786 777 reportes
799 731 842 763 ut
859 727 945 763 inde
962 727 1095 764 confici
1117 728 1261 764 valcant
1279 727 1421 765 litterae
1434 728 1504 765 sub
1522 729 1632 779 sigilli
1649 729 1746 766 sedis
1764 730 1977 766 Tornacen-

415 830 419 833 ¹
447 785 497 821 sis
528 785 735 821 munimine
766 785 1014 830 roborandae3
1037 789 1073 822 et
1103 798 1178 821 nos⁴
1196 789 1379 836 quantum
1402 786 1449 823 ad
1481 785 1552 823 hoc
1574 786 1642 823 tibi
1671 786 1826 824 liberam
1851 791 1977 824 tenore

447 843 696 893 praesentium
722 843 960 880 concedimus
987 843 1215 888 facultatem,
1234 844 1302 880 tibi
1324 849 1507 894 quantum
1530 844 1576 881 ad
1600 843 1691 881 haec
1717 844 1816 882 vices
1838 849 1982 882 nostras

449 901 731 938 committentes.
746 901 786 938 ln
806 914 967 951 quorum
985 902 1155 938 omnium
1174 901 1426 939 testimonium
1447 902 1707 952 praesentibus
1728 902 1859 941 litteris
1877 902 1984 953 sigil-

453 959 538 996 lum
556 959 652 996 sedis
666 959 908 997 Tornacensis
925 960 1102 997 duximus
1119 961 1396 1010 apponendum.
1416 961 1568 1006 Datum,
1587 965 1655 998 etc.
1696 989 1698 991 >

499 1018 643 1055 Virtute
673 1032 832 1069 quarum
865 1019 1071 1056 litterarum
1101 1020 1287 1069 praefatus
1318 1020 1485 1056 notarius
1515 1019 1562 1056 ad
1597 1019 1723 1056 villam
1756 1019 1983 1069 Brugensem

450 1077 618 1122 accessit,
637 1082 672 1113 et
689 1077 842 1114 sabbato
861 1077 1072 1114 immediate
1093 1077 1262 1128 sequenti
1281 1081 1365 1128 post
1381 1077 1479 1114 diem
1495 1077 1721 1114 dominicam
1744 1076 1985 1127 praedictam,

451 1134 580 1172 eodem
608 1135 873 1172 incarnationis
901 1149 1018 1182 anno,
1035 1135 1175 1172 scilicet
1194 1136 1369 1173 vicesima
1395 1136 1456 1172 dic
1478 1135 1615 1172 mensis
1634 1134 1777 1180 martii,
1794 1133 1928 1183 Brugis
1941 1133 1982 1170 in

451 1193 571 1242 burgo
600 1194 780 1243 Brugensi
809 1194 1033 1244 comparuit,
1051 1198 1087 1230 et
1106 1193 1243 1230 ibidem
1268 1193 1474 1231 secundum
1494 1206 1604 1230 usum
1621 1198 1658 1229 et
1673 1191 1981 1229 consuetudinem

451 1251 541 1288 dicti
567 1252 700 1288 Franci
723 1252 844 1289 Officii
872 1252 919 1289 ab
940 1252 1096 1302 antiquo
1121 1252 1335 1289 observatos
1348 1252 1477 1298 citata,
1496 1255 1695 1288 convocata
1713 1255 1752 1287 et*
1765 1252 1987 1300 congregata>

452 1311 717 1347 communitate
740 1311 871 1348 Franci
893 1311 1014 1348 Officii
1040 1311 1218 1362 praedicti
1241 1324 1365 1348 coram
1384 1311 1549 1361 praefato
1568 1309 1731 1355 notario,
1751 1308 1895 1345 nobiles
1910 1305 1983 1344 viri

453 1369 636 1419 sapientes
654 1374 689 1406 et
703 1369 863 1416 discreti,
884 1370 972 1406 tales
994 1370 1130 1407 milites
1144 1375 1180 1406 et
1194 1370 1282 1406 tales
1295 1369 1479 1419 armigeri,
1499 1374 1535 1405 et
1548 1368 1788 1419 quamplures
1804 1366 1866 1403 alii
1880 1377 1986 1402 com·

452 1427 670 1463 munitatem
689 1427 915 1477 praedictam
938 1427 1074 1465 virtute
1091 1428 1275 1464 dictorum
1302 1440 1390 1464 usus
1408 1431 1444 1464 et
1460 1425 1741 1464 consuetudinis
1759 1423 1932 1461 facientes
1950 1427 1986 1459 et

453 1492 768 1538 repraesentantes
795 1501 837 1524 ac
857 1489 975 1524 facere
998 1488 1159 1524 valentes
1181 1487 1425 1538 personaliter
1444 1490 1754 1537 comparuerunt,
1778 1489 1814 1521 et
1840 1483 1985 1520 nobiles

454 1546 552 1582 viros
584 1546 767 1596 sapientes
792 1550 828 1582 et
851 1546 1029 1582 discretos
1056 1546 1228 1583 dominos
1255 1546 1359 1590 tales,
1383 1545 1468 1582 licet
1491 1545 1663 1581 absentes
1683 1549 1859 1594 tanquam
1877 1554 1988 1592 prae·

454 1609 592 1650 sentes,
611 1609 646 1640 et
661 1604 868 1654 quemlibet
893 1617 1022 1640 eorum
1041 1604 1078 1640 in
1107 1604 1289 1649 solidum,
1309 1603 1357 1640 ita
1379 1603 1481 1653 quod
1507 1615 1582 1639 non
1601 1602 1650 1639 sit
1671 1601 1803 1638 melior
1820 1599 1988 1637 conditio

453 1661 679 1711 occupantis,
698 1662 760 1698 sed
778 1661 880 1712 quod
900 1675 998 1698 unus
1017 1673 1145 1698 eorum
1166 1661 1384 1711 incoeperit,
1411 1661 1503 1697 alter
1520 1673 1650 1697 eorum
1669 1659 1846 1710 prosequi
1867 1657 1988 1695 vale'at

455 1725 491 1756 et
509 1720 634 1764 finire,
658 1732 743 1756 suos
762 1732 869 1756 veros
887 1724 922 1756 et
945 1720 1129 1770 legitimos
1155 1720 1340 1765 fecerunt,
1359 1719 1634 1756 constituerunt
1659 1722 1695 1754 et
1720 1717 1989 1754 ordinaverunt

455 1781 732 1827 procuratores,
754 1778 986 1826 negotiorum
1006 1783 1167 1828 gestores
1186 1791 1228 1814 ac
1250 1777 1401 1814 nuntios
1426 1776 1604 1827 speciales
1625 1791 1632 1812 :
1652 1775 1781 1812 dautes
1799 1779 1835 1811 et
1853 1787 1990 1811 conee-

455 1835 582 1871 dentes
595 1834 791 1885 praedic-tis
802 1835 1105 1885 procuratoribus
1114 1835 1191 1873 suis
1204 1840 1374 1872 eteorum
1388 1834 1543 1871 cuilibet
1551 1833 1755 1884 plenariam
1770 1836 1984 1883 potestatem

456 1898 491 1929 et
510 1893 724 1928 mandatum
744 1892 902 1942 speciale
920 1893 1188 1938 consentiendi,
1204 1892 1364 1937 favendi,
1382 1891 1604 1937 ratificandi,
1624 1890 1772 1928 tenendi
1792 1894 1828 1926 et
1845 1890 1883 1926 in
1903 1902 1989 1940 per-

456 1955 608 2000 petuum
633 1950 820 1995 firmandi,
846 1963 990 1987 necnon
1017 1951 1169 1999 jurandi
1196 1951 1234 1987 in
1253 1951 1396 1987 animas
1421 1950 1587 2000 ipsorum
1607 1953 1681 1985 tam
1701 1951 1988 1998 procuratorum

455 2022 567 2060 quam
594 2008 898 2045 constituentium
922 2013 958 2045 et
982 2021 1112 2045 eorum
1144 2009 1344 2058 cujuslibet
1367 2008 1461 2045 illud
1491 2012 1554 2044 aut
1580 2007 1725 2056 aliquid
1756 2005 1856 2042 illius
1885 2004 1989 2056 quod

456 2068 592 2103 factum
612 2071 742 2103 estant
761 2067 839 2103 fieri
858 2067 1048 2117 continget
1064 2067 1121 2103 vel
1145 2067 1291 2104 tractari
1317 2081 1430 2118 super
1444 2079 1534 2117 pace
1551 2066 1608 2122 vel
1627 2066 1667 2103 in
1685 2078 1791 2116 pace,
1816 2063 1992 2101 observa·

458 2125 557 2161 tione
577 2125 678 2174 pacis
707 2125 877 2161 ordinata
904 2138 970 2162 seu
995 2126 1224 2172 ordinanda,
1248 2127 1444 2163 reformata
1470 2139 1534 2163 seu
1562 2125 1816 2170 reformanda,
1834 2123 1990 2173 treugis,

457 2182 632 2231 hostagiis
651 2195 693 2218 ac
710 2182 791 2219 aliis
809 2183 946 2219 dictam
964 2196 1092 2234 pacem
1112 2184 1349 2234 tangentibus
1365 2185 1462 2220 inter
1478 2182 1834 2220 excellentissimum
1848 2180 1990 2231 princi-

457 2254 542 2290 pem
560 2240 753 2277 dominum
774 2246 942 2278 nostrum
961 2241 1199 2292 Philippum,
1217 2242 1284 2278 Dei
1304 2242 1420 2292 gratia
1439 2242 1669 2278 Francorum
1688 2252 1830 2290 regem,
1849 2252 1895 2276 ex
1910 2250 1985 2275 una

459 2303 580 2349 parte,
600 2303 636 2335 et
659 2299 822 2336 nobilem
841 2299 964 2337 virum
982 2313 1024 2336 ac
1036 2305 1225 2350 potentem
1243 2300 1417 2337 comitem
1438 2300 1467 2337 F
1469 2299 1635 2336 landriae
1657 2311 1699 2336 ac
1716 2310 1819 2343 suos,
1845 2309 1988 2334 necnon

462 2357 623 2403 nobiles,
650 2357 831 2407 ignobiles
848 2371 890 2394 ac
906 2363 1020 2395 totam
1039 2358 1343 2395 communitatem
1363 2358 1474 2395 totius
1492 2357 1688 2394 comitatus
1706 2353 1916 2400 Flandriae,
1941 2367 1987 2391 ex
