2184 3074
745 305 906 344 CODEX
933 306 1178 346 DUNENSIS.
1659 316 1728 353 ¹55

919 471 1007 511 ClV.

217 585 318 636 Bref
331 585 381 623 du
394 597 492 635 pape
510 584 670 623 Clemene
687 585 709 622 ἀ
721 597 860 635 propos
879 586 941 624 des
959 587 1184 626 dissensions
1207 590 1273 639 qui
1291 590 1454 628 s’e'eaient
1471 593 1702 643 manile-sedes

711 643 806 681 dans
825 644 961 682 l’ordre
978 646 1022 683 de
1044 647 1207 684 Citeauw.

243 837 413 876 Clemens
430 838 646 889 episcopus,
665 851 792 876 servus
810 851 1001 876 servorum
1019 840 1103 886 Dei,
1127 841 1173 877 ad
1193 847 1407 892 perpetuam
1425 844 1475 881 rei
1496 846 1725 882 memoriam.

245 899 364 949 Super
381 899 536 937 diversis
559 899 725 936 articulis
743 899 840 936 inter
857 912 1032 950 personas
1053 900 1304 939 Cisterciensis
1322 903 1465 941 ordinis
1483 904 1627 942 dudum
1646 918 1726 942 ma-

196 956 286 994 teria
305 956 543 994 dissentionis
561 961 706 1004 exorta,
725 970 793 994 nos
810 957 1058 995 desiderantes
1078 958 1194 1008 ipsius
1220 960 1362 998 ordinis
1383 962 1500 999 famae
1517 975 1559 999 ac
1577 963 1725 999 utilitati

183 1017 388 1060 ,consulere
413 1025 459 1054 n‘e
486 1017 609 1068 ipsum
635 1017 866 1068 contingeret
896 1018 1124 1055 anfractibus
1143 1018 1346 1068 litigiorum
1374 1021 1532 1066 involvi,
1553 1023 1608 1059 vel
1630 1023 1726 1060 bona

195 1073 361 1124 ipsorum
384 1075 551 1126 voragini
577 1089 707 1113 eorum
732 1076 797 1127 qui
825 1076 922 1112 cirea
950 1076 1030 1113 lites
1049 1082 1254 1123 versantur,
1280 1079 1438 1129 exponi,
1459 1080 1725 1117 dissensionem

194 1132 410 1185 hujusmodi
425 1135 622 1172 statuimus
635 1135 795 1172 salubris
809 1148 829 1171 a
843 1135 971 1172 celeris
986 1135 1206 1185 provisionis
1221 1137 1383 1174 remedio
1401 1138 1614 1183 terminare,
1633 1139 1728 1176 inter

192 1198 333 1241 caetera
358 1198 558 1231 statuentes
583 1198 624 1230 ut
647 1195 685 1231 in
703 1194 863 1244 generali
889 1194 1052 1244 capitulo
1074 1195 1111 1231 in
1132 1195 1262 1233 eodem
1288 1196 1437 1242 ordine,
1454 1197 1562 1246 juxta
1585 1210 1725 1234 morem

193 1253 371 1290 haetenus
385 1252 641 1298 observatum,
660 1253 767 1290 annis
786 1252 942 1303 singulis
965 1252 1205 1299 celebrando,
1228 1253 1327 1292 XXV
1351 1255 1571 1292 diffinitores
1595 1261 1726 1292 statue·

191 1314 337 1357 rentur,
356 1310 427 1348 hoc
441 1310 553 1348 modo
567 1310 739 1348 videlicet
752 1311 852 1361 quod
873 1310 987 1348 abbas
1005 1311 1257 1349 cisterciensis
1272 1317 1448 1363 tanquam
1463 1318 1568 1363 pater
1584 1314 1726 1364 primus

192 1369 401 1406 nominaret
414 1373 576 1419 quatuor
593 1368 814 1406 diffinitores
837 1369 883 1405 de
903 1369 1139 1418 generatione
1166 1382 1230 1406 sua
1255 1371 1423 1420 speciali,
1447 1384 1540 1421 quos
1564 1372 1725 1418 ydoneos

135 1448 138 1449 ν
191 1439 269 1464 esse
287 1426 450 1463 crederet
467 1427 514 1463 ad
528 1426 763 1464 diffinitionis
777 1426 942 1464 officium
957 1427 1224 1473 exercendum,
1243 1433 1278 1464 et
1291 1428 1426 1465 exinde
1441 1434 1601 1479 quatuor
1614 1429 1723 1479 primi

190 1484 357 1530 abbates,
376 1483 517 1521 scilicet
539 1484 699 1535 quilibet
716 1497 862 1530 eorum,
881 1484 927 1521 de
940 1485 1176 1535 generatione
1199 1499 1264 1523 sua
1283 1487 1452 1537 quinque
1477 1487 1575 1524 dicto
1599 1487 1722 1524 abbati

190 1541 422 1579 cisterciensi
441 1555 607 1580 seorsum
626 1544 683 1580 vel
702 1557 826 1580 coram
845 1543 926 1580 aliis
947 1544 1171 1590 nominaret,
1197 1558 1241 1581 ex
1267 1545 1405 1595 quibus
1425 1546 1592 1596 quinque
1610 1545 1724 1582 abbas

189 1599 458 1646 Cisterciensis,
485 1614 561 1638 uno
591 1602 866 1652 praetermisso,
891 1606 1053 1652 quatuor
1079 1602 1247 1653 eligeret,
1277 1617 1371 1653 quos
1398 1604 1620 1641 sufficientes
1646 1617 1724 1641 esse

189 1658 372 1703 erederet3
404 1663 440 1696 et
469 1659 522 1696 sic
554 1659 618 1697 XX
651 1660 871 1698 diffinitores
902 1660 1119 1706 existerent,
1153 1662 1229 1698 suis
1259 1667 1422 1712 quatuor
1456 1675 1540 1699 cum
1572 1662 1723 1699 caeteris

190 1717 404 1755 numeratis.

879 1785 999 1795 ——00—

925 1917 995 1954 CV.

270 2031 445 2069 Formule
462 2032 505 2069 de
523 2031 560 2069 la
578 2033 878 2069 reconnaissance
895 2032 1004 2070 d'une
1017 2032 1107 2070 dene
1118 2045 1195 2082 par
1212 2033 1248 2070 Ια
1265 2046 1452 2070 commum»
1469 2033 1512 2068 de
1515 2061 1634 2068 .....

235 2224 309 2262 Nos
327 2224 490 2270 scabini,
514 2229 664 2276 totaque
694 2225 953 2263 communitas.
975 2255 980 2261 .
1002 2255 1009 2262 .
1027 2255 1035 2272 ,
1056 2230 1184 2262 notum
1214 2225 1368 2262 facimus
1398 2226 1580 2263 universis
1611 2239 1717 2276 prae-

185 2287 305 2320 sentes
329 2283 467 2320 litteras
492 2282 713 2334 inspecturis
738 2284 795 2321 vel
824 2284 1005 2322 audituris
1030 2284 1132 2334 quod
1157 2297 1224 2321 nos
1249 2297 1377 2321 omnes
1407 2289 1443 2320 et
1467 2284 1603 2335 singuli
1629 2298 1716 2322 nos-

185 2336 285 2379 trum
306 2342 343 2378 in
361 2342 523 2379 solidum
542 2342 720 2380 debemus
736 2343 871 2380 talibus
890 2348 1031 2380 tantum
1049 2343 1162 2380 annui
1178 2342 1363 2388 redditus,
1382 2343 1427 2379 ad
1443 2343 1555 2379 vitain
1577 2343 1715 2381 utrius-

186 2415 260 2453 que
284 2402 520 2448 eorumdem,
543 2415 654 2453 quem
675 2402 860 2439 redditum
887 2403 933 2439 ad
960 2402 1176 2453 petitionem
1202 2406 1238 2439 et
1262 2401 1571 2452 supplicatione-m
1599 2403 1712 2439 nostri
