2184 3074
725 348 1156 409 conssx‘nUNENffls.
1626 374 1699 412 333

172 493 213 525 ut
228 488 380 539 quando
391 488 548 535 jubente
567 487 726 525 Domino
743 500 803 524 me
820 487 867 525 ab
888 487 956 525 hac
974 487 1047 525 vita
1066 488 1224 538 migrare
1241 488 1435 540 contigerit
1446 518 1455 535 ,
1475 494 1558 540 post
1573 490 1697 527 obitus

172 547 243 584 mei
263 551 398 585 certam
417 546 755 592 denuntiationem,
783 546 813 583 si
840 546 878 582 in
899 546 1032 583 exteris
1058 546 1270 597 regionibus
1294 560 1352 584 me
1374 548 1467 585 mori
1488 548 1697 599 contigerit,

171 605 346 643 distribui
366 605 452 643 volo
469 604 643 642 ecclesiae
668 604 714 641 de
730 603 932 642 Versenare
950 604 1017 642 XX
1033 604 1189 652 solidos,
1207 618 1301 656 quos
1319 605 1386 642 XX
1406 606 1556 644 solidos,
1570 607 1698 645 distri-

171 663 340 701 buendos
357 667 442 714 post
457 661 603 700 obitum
618 674 741 699 meum
755 661 820 707 d0,
840 661 920 711 lego
938 662 1163 712 simpliciter,
1181 662 1350 700 absolute
1362 668 1398 701 et
1414 677 1508 714 pure
1524 666 1697 703 ecclesiae

172 722 386 760 antedictae.
411 721 502 759 Item
526 721 590 767 do,
610 721 690 771 lego
709 719 776 757 XX
793 720 932 757 solidos
950 720 1227 759 distribuendos
1245 722 1470 773 pauperibus
1488 723 1526 760 in
1545 724 1695 762 ecclesia

172 781 219 818 de
235 779 436 818 Versenare
459 779 506 817 ad
531 774 661 816 eorum
687 791 868 823 mensam,
894 783 936 815 ut
955 784 1009 815 est
1030 779 1153 816 moris.
1183 780 1270 817 ltem
1289 780 1357 826 do,
1379 781 1460 832 lego
1477 781 1523 818 ad
1541 781 1694 820 domum

171 838 295 878 Sancti
314 838 476 888 Spiritus
493 837 532 875 in
550 837 684 888 Brugis
701 836 769 874 XX
787 836 925 874 solidos
942 837 1218 875 distribuendos
1234 838 1371 875 ibidem
1390 839 1617 890 pauperibus
1629 840 1694 890 qui

172 896 350 934 dicuntur
365 894 722 939 Scamelhuuaweke,
738 899 780 931 ut
795 899 850 931 est
865 894 988 931 moris.
1003 895 1092 932 Item
1112 895 1172 941 do,
1191 896 1271 946 lego
1284 896 1511 947 simpliciter,
1530 898 1696 935 absolute

139 959 143 964 ⁴
172 959 208 993 et
225 967 318 1005 pure
335 952 404 992 XX
433 954 546 992 libras
569 953 767 991 conventui
792 953 838 990 de
862 953 891 990 T
895 953 1010 990 hosan
1033 953 1079 990 ad
1105 954 1280 991 emendos
1310 954 1475 992 redditus
1501 961 1698 1006 perpetuos

172 1013 451 1052 distribuendos
477 1013 596 1051 eidem
623 1012 820 1050 conventui
847 1012 894 1049 ad
922 1012 1131 1062 pitantiam,
1156 1012 1216 1050 die
1239 1026 1315 1064 quo
1341 1014 1544 1051 occurrerit
1574 1027 1697 1052 meum

172 1072 467 1111 anniversarium
485 1071 779 1116 observandum3
793 1070 858 1108 sed
876 1071 915 1107 in
942 1075 1039 1107 certa
1062 1071 1240 1120 pecuniae
1256 1072 1462 1122 quantitate
1480 1072 1606 1110 omnia
1620 1073 1697 1122 jam

173 1134 356 1181 praetacta
386 1136 428 1167 ut
455 1142 567 1181 supra
595 1129 645 1167 do
673 1130 755 1180 lego
779 1128 1015 1178 simpliciter,
1041 1129 1208 1166 absolute
1235 1134 1270 1166 et
1293 1143 1396 1179 pure.
1424 1130 1513 1167 ltem
1543 1131 1697 1176 ordino,

173 1188 332 1239 dispono
346 1193 382 1225 et
398 1189 545 1239 assigno
559 1187 626 1225 XX
641 1188 755 1225 libras
772 1187 819 1224 ad
837 1187 1107 1224 restitutionem
1121 1186 1325 1224 faciendam
1337 1217 1346 1233 ,
1360 1188 1389 1225 si
1407 1188 1491 1238 quis
1505 1201 1544 1225 se
1558 1189 1696 1227 laesum

173 1261 194 1284 a
211 1260 271 1284 me
288 1247 400 1284 fuisse
418 1246 456 1284 in
475 1247 602 1297 aliquo
620 1246 803 1284 detulerit.
823 1246 915 1297 ltem
938 1245 1072 1282 ordino
1093 1250 1129 1282 et
1145 1245 1304 1295 dispono
1322 1246 1426 1296 quod
1445 1247 1568 1283 omnia
1587 1252 1697 1284 uten-

174 1305 255 1344 silia
272 1310 309 1342 et
324 1305 593 1356 suppellectilia
611 1305 745 1342 domus
763 1317 875 1355 quam
895 1316 961 1354 ego
979 1316 1064 1340 cum
1084 1316 1198 1340 uxore
1221 1317 1298 1340 mea
1318 1304 1487 1341 inhabito
1504 1318 1568 1342 seu
1587 1306 1696 1343 inha-

174 1363 302 1402 bitabo
330 1368 495 1413 tempore
522 1375 600 1414 quo
628 1362 822 1407 decedam,
851 1362 881 1399 si
912 1361 1095 1412 praemori
1126 1374 1184 1398 me
1214 1361 1421 1412 contingat,
1456 1363 1562 1400 uxori
1595 1377 1696 1402 meae

174 1422 358 1460 Heilsoete
371 1434 467 1472 quae
483 1421 746 1472 supervixerit,
760 1421 849 1458 boni
865 1420 934 1457 viri
949 1420 1103 1457 arbitrio
1121 1420 1345 1457 aestimanda
1360 1421 1496 1470 pariter
1512 1427 1548 1458 et
1562 1423 1696 1460 utenda

173 1484 388 1518 remaneant
415 1480 540 1531 quoad
568 1480 792 1533 vivenltein
813 1479 877 1526 do,
905 1479 1003 1529 lego,
1028 1478 1162 1515 ordino
1186 1484 1222 1515 et
1242 1478 1400 1528 dispono
1425 1480 1695 1530 quinquaginta

174 1539 287 1578 libras
304 1540 503 1586 Heilsoete,
529 1539 637 1576 uxori
657 1552 775 1585 meae,
794 1539 840 1575 de
858 1538 1052 1575 medietate
1077 1538 1261 1575 bonorum
1290 1544 1499 1575 nostrorum
1528 1552 1698 1576 commu-

175 1598 280 1636 nium
303 1611 364 1636 me
388 1598 642 1649 contingente,
668 1598 718 1634 ita
745 1598 845 1648 quod
876 1597 995 1634 dictae
1022 1596 1293 1647 quinquaginta
1324 1597 1438 1634 librae
1456 1597 1575 1634 dictae
1590 1598 1696 1635 uxori

176 1669 278 1694 meae
298 1656 456 1694 utendae
478 1660 692 1693 remaneant
708 1655 831 1706 quoad
851 1655 958 1692 vivet.
984 1655 1072 1692 Item
1093 1655 1157 1699 do,
1176 1655 1255 1704 lego
1273 1655 1379 1691 uxori
1399 1668 1501 1692 meae
1519 1655 1699 1693 lleilsoete

176 1714 384 1765 praedictae
401 1719 568 1752 octavam
587 1718 727 1765 partem
747 1708 950 1750 mansionis
970 1713 1060 1750 sitae
1079 1713 1115 1749 in
1135 1712 1242 1748 villae
1257 1712 1454 1762 Brugensi,
1475 1713 1511 1749 in
1531 1713 1613 1749 vico
1631 1713 1695 1764 qui

176 1773 314 1810 dicitur
326 1773 546 1818 Nortatrate,
566 1785 679 1823 quam
697 1772 896 1821 Margareta
908 1800 918 1817 ,
939 1775 1053 1808 mater
1069 1771 1187 1807 dictae
1215 1770 1410 1817 Heilsoete,
1439 1771 1565 1808 uxoris
1584 1784 1698 1816 meae,

178 1831 377 1878 inhabitat,
395 1844 491 1882 quae
504 1831 612 1868 nobis
630 1844 674 1868 ex
690 1831 913 1868 formortura
930 1830 1042 1880 patris
1058 1829 1176 1866 dictae
1194 1828 1320 1866 uxoris
1334 1842 1436 1866 meae
1450 1829 1699 1880 contingebat,

177 1890 314 1928 dictam
328 1894 469 1940 partem
488 1889 691 1927 mansionis
707 1888 796 1926 boni
811 1888 879 1925 viri
896 1887 1048 1925 arbitrio
1062 1886 1325 1924 aestimandam
1339 1886 1458 1923 dictae
1476 1887 1582 1923 uxori
1600 1900 1700 1924 meae

179 1949 362 1987 Heilsoete
380 1948 445 1995 do,
465 1949 544 1999 lego
562 1948 738 1986 utendam
762 1947 885 1998 quoad
904 1947 1011 1983 vivet.
1035 1946 1122 1983 Post
1143 1950 1296 1982 mortem
1316 1949 1436 1982 autem
1458 1946 1573 1995 ipsius
1592 1950 1701 1982 uten-

178 2008 258 2046 silia
276 2013 312 2046 et
328 2007 597 2059 suppellectilia
615 2020 658 2044 ac
675 2006 945 2058 quinquaginta
964 2005 1076 2042 libras
1094 2018 1136 2041 ac
1154 2009 1294 2054 partem
1314 2003 1515 2040 mansionis
1537 2016 1604 2053 pro
1624 2009 1700 2041 rata

180 2081 238 2104 me
262 2067 530 2117 contingentia,
549 2066 771 2117 residuaque
789 2064 941 2102 mobilia
959 2069 995 2101 et
1013 2062 1217 2100 immobilia
1241 2075 1402 2112 quorum
1428 2062 1566 2099 mentio
1589 2075 1700 2112 supe-

179 2124 256 2162 rius
276 2138 350 2162 non
368 2129 423 2162 est
436 2125 548 2171 sacta,
567 2123 924 2162 testamentariorum
942 2135 1005 2159 seu
1024 2125 1261 2158 executorum
1286 2132 1453 2156 meorum
1485 2119 1701 2170 infrascrip-

181 2188 303 2221 torum
321 2183 554 2234 dispositioni
582 2183 772 2235 relinquo,
793 2187 835 2219 ut
852 2181 938 2218 inde
956 2181 1106 2218 nomine
1132 2192 1214 2216 meo
1234 2179 1407 2215 ordinent
1430 2183 1466 2215 et
1486 2178 1701 2229 disponant,

181 2246 303 2293 prout,
312 2241 518 2279 secundum
530 2241 779 2288 Deum,saluti
795 2241 939 2278 animae
954 2252 1054 2276 meae
1070 2236 1421 2287 viderintexpedire.
1437 2236 1476 2272 ln
1493 2237 1702 2287 praemissis

181 2300 356 2338 omnibus
374 2304 416 2337 ut
433 2301 605 2351 congruit
622 2300 848 2351 exequendis
866 2313 910 2336 ex
928 2298 1067 2349 quibus
1089 2297 1198 2333 etiam
1225 2295 1410 2333 ordinatio
1427 2308 1491 2332 seu
1508 2295 1702 2332 commissa

180 2358 375 2409 dispositio
389 2359 556 2397 facienda
570 2360 682 2397 fuerit
695 2358 924 2403 ordinandis,
941 2356 1231 2394 testamentarius
1246 2367 1345 2391 meos
1360 2359 1395 2391 et
1410 2354 1479 2390 mei
1494 2359 1703 2391 executores

182 2417 387 2455 testamenti
401 2417 496 2468 eligo
506 2419 654 2455 fratrem
663 2417 888 2455 Balduinum
903 2416 950 2453 de
963 2414 1140 2452 Ghistella
1155 2413 1294 2450 dictum
1313 2413 1473 2462 priorem
1489 2411 1535 2448 de
1543 2412 1703 2457 Tliosan,

178 2475 224 2512 de
240 2475 431 2512 voluntate
447 2481 483 2512 et
496 2475 643 2513 licentia
661 2476 806 2513 abbatis
823 2474 896 2519 sui,
912 2479 948 2510 et
961 2474 1156 2510 dominum
1177 2471 1413 2508 humbertum
1428 2470 1570 2507 dictum
1586 2470 1704 2507 Over-
