2184 3074
732 296 890 335 CODEX
919 295 1163 335 DUNENSIS.
1645 297 1715 335 429

183 416 375 454 occasione
406 414 618 452 rebellionis
650 412 838 464 magnifici
868 412 939 449 viri
972 411 1118 449 comitis
1150 410 1344 448 Flandriae
1379 417 1505 450 contra
1537 412 1715 450 illustrem

183 473 392 525 principem
413 485 535 523 regem
556 470 733 509 Franciae
750 474 1003 521 attemptatae,
1020 469 1249 507 venerabiles
1272 474 1394 520 patres
1416 470 1715 521 archiepiscopus

184 530 431 570 Remensivet
445 530 640 581 episcopus
661 527 946 566 Silvanectensis
972 526 1189 564 auctoritate
1212 528 1412 578 apostolica
1438 533 1527 566 tunc
1552 528 1590 565 in
1614 534 1717 579 parte

183 590 235 628 eis
254 589 450 627 commissa
472 588 709 626 interdictum
729 587 767 624 in
792 587 963 624 comitem
988 590 1024 623 et
1046 585 1126 635 ejus
1143 586 1303 623 fautores
1322 586 1716 624 excommunicationis

183 653 218 686 et
237 648 275 685 in
291 652 427 685 terram
447 646 564 698 ipsius
582 645 726 683 comitis
746 645 930 684 interdicti
951 644 1149 682 sententias
1170 645 1474 695 promulgarunt,
1493 645 1590 682 idem
1608 658 1717 696 prae-

184 706 326 758 positus
343 718 418 743 una
436 717 520 742 cum
538 708 616 741 toto
637 704 734 741 clero
758 703 876 754 ipsius
895 707 1011 739 terrae
1028 702 1340 752 appellationibus
1359 702 1512 753 praefati
1530 702 1676 740 comitis
1694 717 1713 739 a

184 763 292 801 dictis
310 762 499 801 sententiis
517 762 563 799 ad
582 762 715 800 Sedem
735 761 986 813 Apostolicam
1005 761 1206 810 interjectis
1220 760 1426 798 adhaerens
1440 761 1486 798 de
1498 762 1716 812 appellatio—

184 822 296 860 nibus
314 821 403 873 ipsis
421 821 582 858 confisus
601 820 726 858 divina
746 819 869 858 officia
888 832 962 857 non
983 824 1104 856 tamen
1121 820 1158 855 in
1176 823 1429 870 contemptum
1445 820 1605 857 clavium
1620 820 1716 857 cele·

185 880 306 918 bravit
319 883 354 917 et
368 892 406 917 se
419 879 507 916 alias
522 878 674 930 ingessit
687 878 841 924 eisdem,
858 877 920 915 sed
935 881 1132 928 postquam
1147 877 1357 928 praedictus
1371 891 1436 914 rex
1451 882 1585 914 terram
1601 877 1716 927 ipsius

186 937 331 975 comitis
358 940 527 988 potenter
554 936 688 974 invasit
712 940 748 972 et
773 949 841 986 pro
873 935 1003 985 majori
1032 939 1134 986 parte
1164 935 1263 985 cepit
1291 948 1333 972 ac
1362 935 1471 972 etiam
1503 935 1714 986 occupavit,

184 996 305 1034 dictus
322 995 554 1047 praepositus
573 995 611 1032 in
631 999 726 1032 terra
744 993 797 1032 sic
814 998 919 1044 capta
947 993 1106 1031 existens
1131 1006 1215 1030 cum
1236 993 1313 1030 suis
1335 993 1583 1030 confratribus
1602 993 1716 1044 ipsius

185 1053 327 1092 domini
355 1053 450 1104 regis
473 1052 639 1090 obedivit
660 1052 862 1094 mandatis,
884 1051 993 1102 eique
1020 1051 1186 1088 adhaesit
1211 1056 1246 1088 et
1271 1051 1379 1088 dictis
1406 1051 1716 1102 appellationibus

186 1112 412 1150 renuntiavit
432 1112 547 1149 libere
572 1116 682 1162 atque
705 1124 885 1162 expresse.
908 1112 1001 1147 Cum
1026 1110 1139 1160 igitur
1160 1110 1337 1161 praedicti
1364 1110 1663 1161 archiepiscopus
1679 1116 1713 1147 et

187 1171 384 1222 episcopus
403 1171 440 1207 in
461 1174 573 1207 totam
594 1175 726 1207 terram
754 1183 820 1220 per
841 1169 983 1207 dictum
1010 1182 1132 1219 regem
1160 1173 1302 1219 captam
1325 1169 1562 1206 interdictum
1582 1169 1714 1218 hujus-

188 1229 289 1267 modi
320 1229 496 1266 duxerint
516 1229 781 1275 relaxandum,
807 1228 904 1265 idem
924 1227 1154 1279 praepositus
1185 1228 1384 1279 supplicari
1414 1227 1499 1264 fecit
1528 1227 1718 1264 humiliter

188 1289 259 1326 sibi
279 1293 314 1326 et
331 1289 407 1325 suis
422 1288 670 1325 confratribus
693 1301 759 1338 per
784 1287 917 1324 Sedem
937 1286 1187 1338 Apostolicam
1208 1285 1406 1324 salubriter
1422 1285 1619 1336 provideri.
1639 1285 1712 1323 Nos

188 1340 310 1384 autem
329 1346 545 1384 auctoritate
560 1345 702 1382 domini
722 1358 839 1396 papae
857 1344 963 1394 cujus
977 1344 1279 1395 poenitentiariae
1292 1357 1418 1381 curam
1431 1344 1610 1394 gerimus,
1625 1357 1715 1394 pru-

189 1405 336 1442 dentiae
353 1409 494 1442 vestrae
512 1403 779 1441 committimus
799 1407 999 1454 quatenus,
1019 1403 1048 1439 si
1068 1407 1121 1440 est
1139 1402 1204 1448 ita,
1228 1402 1394 1452 injuncta
1417 1402 1569 1439 cuilibet
1585 1414 1712 1438 eorum

188 1477 300 1515 super
318 1463 390 1500 hiis
407 1476 476 1514 pro
495 1463 625 1513 culpae
642 1461 754 1499 modo
766 1461 890 1498 debita
905 1460 1136 1498 absolutione
1153 1460 1300 1510 praevia
1319 1460 1544 1511 poenitentia
1565 1459 1713 1496 salutari

190 1527 226 1560 et
248 1522 329 1559 aliis
355 1535 450 1573 quae
477 1521 614 1558 talibus
639 1523 911 1558 consueverunt
937 1519 1099 1569 injungi,
1124 1519 1301 1569 quodque
1327 1518 1373 1554 de
1397 1518 1654 1555 consimilibus
1671 1518 1717 1554 de

191 1585 310 1618 cetero
325 1593 400 1618 non
413 1579 608 1625 excedant,
623 1579 749 1630 eisque
763 1578 808 1615 ad
824 1583 988 1628 tempus⁷
1007 1582 1119 1628 prout
1135 1576 1308 1627 expedire
1326 1576 1509 1621 videritis,
1526 1589 1546 1612 a
1565 1588 1716 1612 suorum

191 1639 366 1676 ordinum
392 1638 608 1676 executione
629 1638 831 1688 suspensis,
857 1636 1006 1674 tandem
1033 1635 1319 1686 suffragantibus
1346 1635 1416 1672 sibi
1437 1634 1575 1671 meritis
1593 1639 1629 1671 et
1645 1634 1719 1670 alio

191 1696 370 1734 canonico
385 1709 459 1734 non
477 1696 648 1734 obstante
664 1708 776 1746 super
789 1693 1058 1745 irregularitate
1074 1706 1119 1730 ex
1138 1693 1348 1744 praemissis
1364 1696 1548 1729 contracta
1567 1691 1719 1741 dispen-

192 1755 277 1793 setis
295 1754 510 1792 auctoritate
528 1754 713 1805 praedicta
732 1752 1020 1797 misericorditm·
1032 1760 1121 1790 'cum
1140 1752 1281 1789 eodem.
1300 1752 1456 1797 Datum,
1478 1755 1545 1787 etc.

903 1879 1007 1889 >w

866 2019 1047 2082 ccxcvl.

678 2138 749 2174 Des
766 2137 930 2174 subsides
947 2136 1234 2186 ecclesia-sliquos.

188 2375 192 2380 ,
249 2333 369 2369 Nostri
408 2333 548 2382 puritas
579 2332 721 2369 ordinis
748 2333 786 2369 in
818 2332 893 2369 suis
920 2331 1060 2382 gratiis.
1087 2329 1318 2367 libertatibus
1349 2334 1384 2365 et
1414 2327 1616 2378 privilegiis
1634 2340 1721 2377 pro·-

201 2390 345 2427 cellosis
365 2390 613 2427 invectionum
642 2390 733 2427 illisa
761 2389 919 2439 scapulis
945 2394 980 2426 et
997 2388 1278 2439 oppressionum
1300 2386 1433 2422 ictibus
1452 2385 1571 2422 acrius
1589 2385 1719 2435 agitata
