2184 3074
757 327 919 367 GODEX
947 326 1194 366 DUNENSlS.
1675 333 1742 369 109

203 449 440 500 fidejussores
459 449 549 486 tales
567 448 749 498 ydoneos,
769 446 834 497 qui
860 446 1095 496 fidejussores
1117 446 1292 496 praetacti
1320 460 1358 484 se
1379 446 1499 484 dictae
1523 447 1569 484 de
1593 447 1622 484 Τ
1626 448 1739 486 bosan

203 507 378 545 ecclesiae
394 506 610 557 obligarunt
627 505 749 543 taliter
765 505 867 556 quod
886 503 932 541 de
951 503 1112 541 triennio
1131 504 1168 541 in
1189 505 1410 550 triennium,
1426 505 1455 542 si
1471 519 1617 543 necesse
1632 507 1741 544 suerit

205 571 241 603 et
258 570 417 616 petatur,
435 564 711 602 renovationem
731 576 859 600 eorum
877 566 914 599 et
931 562 1191 612 obligatoriam
1210 563 1419 600 cautionem
1438 577 1566 601 eorum
1585 564 1740 614 ydonee,

205 630 247 662 ut
264 623 522 691 decebit,'fleri
541 627 575 661 et
594 621 780 664 curabunt
797 622 915 658 facere
932 621 990 658 vel
1008 625 1051 658 ut.
1068 621 1131 658 fiat
1150 635 1215 672 per
1231 622 1323 659 alios
1342 622 1453 660 modo
1471 622 1583 660 simili
1603 637 1741 674 procu-

206 683 354 720 rabunt.

939 746 1018 754 -..-

896 886 1050 925 LXXlV.

202 1003 302 1055 Bref
321 1003 504 1043 d’Urbain
525 1003 584 1042 IV
605 1003 740 1053 relatis
749 1003 772 1040 ἀ
800 1002 838 1040 la
860 1003 1021 1053 resur-me
1044 1003 1088 1040 de
1117 1003 1254 1041 l'ordre
1277 1003 1321 1041 de
1343 1005 1498 1042 Cieeaux
1513 1017 1558 1041 en
1583 1004 1736 1041 Frauce.

253 1201 426 1240 Urbanus
453 1201 668 1252 episcopus,
692 1214 820 1238 servus
841 1214 1032 1238 servorum
1055 1202 1142 1247 Dei,
1160 1202 1296 1239 dilecto
1319 1201 1396 1238 tilio
1418 1201 1520 1238 fratri
1540 1201 1737 1246 Gaufrido,

203 1260 346 1299 ordinis
364 1261 519 1298 fratrum
538 1260 854 1311 praedicatorum,
873 1265 939 1298 etc.
1178 1272 1181 1275 ·

250 1320 356 1358 Circa
378 1320 657 1358 reformandum
685 1324 820 1358 statum
853 1321 1106 1358 Cisterciensis
1137 1319 1297 1364 ordinis,
1322 1333 1434 1369 quem
1460 1319 1672 1356 audivimus
1699 1319 1735 1356 in

200 1378 375 1429 pluribus
393 1378 640 1416 deformatum
661 1379 698 1415 in
718 1378 893 1425 Francia,
911 1379 1049 1415 multae
1067 1377 1329 1430 sollicitudinis
1347 1377 1511 1422 excitati,
1524 1376 1570 1413 ad
1587 1382 1620 1414 te
1635 1382 1737 1414 tuos-

201 1449 275 1488 que
299 1436 457 1487 collegas
479 1449 564 1473 cum
590 1436 726 1473 fiducia
750 1441 911 1473 mentem
941 1441 1104 1474 nostram
1132 1435 1382 1472 convertimus
1413 1440 1448 1471 et
1478 1448 1590 1485 super
1619 1435 1735 1485 ipsius

201 1494 344 1532 ordinis
362 1494 625 1532 reformatione
642 1494 749 1532 vobis
767 1495 838 1532 sub
856 1499 953 1532 certa
972 1495 1090 1532 forma
1115 1493 1320 1531 direximus
1339 1493 1474 1543 scripta
1494 1498 1615 1530 nostra
1628 1523 1636 1537 ,
1651 1507 1735 1543 spe-

201 1557 324 1591 rantes
349 1553 452 1604 quod
475 1553 512 1590 in
532 1553 603 1590 lioc
621 1553 689 1590 Dei
709 1554 898 1604 negotium
919 1557 1098 1604 ageretur,
1118 1551 1334 1589 mandatum
1349 1551 1592 1602 apostolicum
1613 1551 1649 1587 in
1669 1550 1737 1588 hac

201 1615 304 1662 parte
321 1610 478 1648 sollicite
495 1611 670 1661 prosequi
689 1615 725 1647 et
741 1611 908 1648 celeriter
925 1611 1057 1660 exequi
1073 1610 1260 1647 curaretis.
1277 1609 1349 1646 Vos
1363 1614 1504 1654 autem,
1519 1609 1615 1646 sicut
1632 1622 1737 1646 acce-

202 1670 347 1721 pimus,
375 1682 451 1707 non
472 1669 552 1707 sine
573 1669 676 1720 gravi
698 1670 843 1719 jactura
863 1669 952 1706 dicti
972 1669 1115 1706 ordinis
1134 1669 1179 1705 ad
1198 1667 1446 1719 quorumdam
1466 1667 1736 1718 suggestionem

203 1729 241 1766 in
259 1728 389 1766 eodem
408 1729 554 1779 negotio
573 1729 751 1766 hactenus
769 1729 969 1779 procedere
988 1728 1175 1766 omisistis.
1200 1727 1305 1766 Unde
1324 1727 1489 1764 nolentes
1510 1726 1613 1777 quod
1643 1726 1738 1762 cari—

202 1787 285 1824 tatis
303 1787 497 1824 vinculum
518 1791 590 1823 tam
608 1791 754 1824 sanctae
772 1787 963 1838 religionnis
981 1791 1017 1823 et
1035 1786 1178 1823 ordinis
1204 1786 1424 1836 cujusquam
1448 1785 1636 1834 subjaceat
1660 1784 1738 1820 dis·

201 1845 339 1897 pendio
359 1844 548 1890 laesionis,
567 1845 623 1881 vel
642 1844 774 1882 solitus
793 1845 892 1881 nitor
906 1844 986 1894 ejus
1005 1844 1163 1894 alicujus
1182 1843 1426 1880 deformitatis
1446 1842 1592 1879 nebulis
1614 1841 1738 1878 obdu-

194 1908 318 1949 catur,
334 1902 548 1940 discretioni
568 1906 652 1939 tuae
667 1916 734 1953 per
750 1903 950 1954 apostolica
970 1902 1104 1953 scripta
1132 1902 1351 1939 mandamus
1375 1906 1556 1951 quatenus
1585 1900 1738 1950 provide

202 1961 364 2013 pensatis
382 1961 484 2011 quod
504 1961 616 1998 corde
633 1962 797 2012 gerimus
820 1966 856 1998 et
874 1962 968 1998 inter
987 1966 1127 1998 caetera
1151 1974 1246 2012 quae
1269 1961 1377 1998 nobis
1399 1960 1520 1997 votiva
1547 1964 1633 1996 sunt
1653 1973 1737 2009 spe-

202 2020 344 2058 cialiter
367 2019 580 2056 afl'ectamus
604 2024 646 2056 ut
668 2025 783 2058 status
808 2020 973 2071 ejusdem
1004 2020 1162 2065 ordinis,
1195 2021 1338 2056 favente
1368 2019 1493 2055 divina
1524 2017 1736 2062 clementia,

202 2077 311 2127 plene
329 2089 371 2114 ac
389 2076 507 2114 solide
524 2078 756 2123 reformetur,
785 2083 819 2114 te
844 2078 880 2114 in
903 2078 1121 2115 executione
1146 2077 1323 2128 praedicti
1349 2076 1511 2113 mandati
1536 2075 1735 2112 sollicitum

202 2139 238 2172 et
260 2134 468 2172 studiosum
495 2134 690 2178 exhibeas,
718 2139 754 2172 et
781 2140 853 2172 tam
884 2140 923 2172 tu
949 2148 1062 2186 quam
1085 2135 1263 2186 praedicti
1291 2134 1469 2184 collegae,
1497 2133 1593 2170 sicut
1613 2146 1735 2170 caram

202 2192 346 2230 habetis
368 2192 524 2242 gratiam
549 2193 784 2244 Apostolicae
810 2194 916 2231 Sedis
939 2199 976 2231 et
1000 2198 1182 2239 nostram,
1201 2206 1269 2243 pro
1292 2192 1421 2229 eodem
1443 2191 1609 2242 negotio,
1631 2191 1736 2240 juxta

202 2251 360 2288 sormam
379 2250 485 2287 vohis
502 2250 696 2298 traditam,
721 2252 955 2302 quibuslibet
980 2265 1082 2289 mora
1108 2256 1144 2288 et
1166 2250 1383 2288 difficultate
1400 2248 1630 2300 postpositis,
1649 2261 1738 2299 pro-

201 2312 353 2351 cedatis.

251 2371 409 2418 Datum,
427 2374 493 2408 etc.

913 2436 1033 2447 -φοφ-
