2184 3074
759 315 920 354 CODEX
946 315 1191 354 DUNENSlS.
1670 322 1684 356 1
1696 321 1738 357 ¹7

201 437 414 490 provincias
433 435 665 488 supradictas
684 435 954 480 transmittens,
972 434 1219 485 compellendi
1238 434 1284 471 ad
1304 434 1375 471 hoc
1392 435 1421 472 si
1438 447 1534 486 opus
1560 441 1653 474 esset
1675 451 1740 488 per

203 508 398 534 censuram
425 494 726 538 ecciesiasticm,
752 493 1067 544 archiepiscopos,
1097 492 1306 544 episcopos,
1336 493 1504 544 aliosque
1532 494 1739 545 praedictos

201 554 421 606 generaliter
437 558 474 591 et
490 552 742 604 singulariter,
760 556 874 603 prout
889 550 1090 602 expediens
1109 550 1336 598 videremus,
1357 551 1510 590 liberam
1531 553 1640 590 nobis
1665 558 1739 591 tra-

203 613 299 651 didit
322 626 390 664 per
414 625 498 650 suas
516 611 655 650 litteras
672 614 889 662 potestatem
901 638 911 656 ,
930 609 1128 647 commisso
1146 609 1256 647 nobis
1274 610 1382 660 plene
1400 610 1592 661 legationis
1615 611 1738 649 officio

203 672 243 709 in
267 683 401 722 ragno,
419 669 545 716 terris,
563 669 742 706 comitatu
766 672 802 706 et
825 667 1029 718 provinciis
1047 667 1279 718 supradictis.
1302 668 1407 706 Unde
1429 681 1496 706 nos
1514 669 1737 720 specialibus

201 730 387 768 dictorum
405 728 667 780 episcoporum
685 732 721 765 et
737 727 915 773 aliorum,
933 726 1201 764 cathedralium
1221 732 1257 764 ct
1277 727 1433 764 aliarum
1459 729 1736 779 collegiatarum

200 788 439 827 ecclesiarum
461 801 530 838 per
550 800 726 838 regnum,
752 791 887 831 terras,
907 785 1123 823 comitatum
1142 790 1178 822 et
1194 786 1404 836 provincias
1428 786 1575 824 easdem
1597 789 1738 825 consti-

202 852 366 886 tutarum
385 846 551 885 consiliis
569 846 802 892 convocatis,
822 845 962 882 ibidem
992 844 1091 895 ipsos
1121 857 1188 882 suo
1213 850 1249 882 et
1276 845 1424 882 illorum
1447 859 1609 896 quorum
1633 852 1740 884 erant

199 910 458 958 procuratores
478 905 646 951 nomine,
663 908 899 954 caeterasque
916 915 1092 953 personas
1110 903 1372 940 ecclesiasticas
1391 904 1514 954 regni,
1538 909 1717 943 terrarum
1729 935 1737 951 ,

200 964 398 1002 comitatus
416 967 452 1001 et
468 962 747 1014 provinciarum
766 961 1039 1013 praedictarum
1059 974 1171 1012 super
1186 961 1418 999 exhibitione
1436 961 1651 1012 hujusmodi
1672 962 1738 1000 de-

200 1023 318 1061 cimae
331 1022 530 1073 diligenter
541 1021 755 1059 curavimus
769 1033 996 1066 ammonere,
1011 1026 1046 1057 et
1063 1019 1202 1057 eisdem
1219 1019 1507 1071 archiepiscopis
1518 1050 1527 1063 ,
1542 1021 1736 1072 episcopis,

200 1082 418 1129 abbatibus,
445 1080 637 1132 prioribus
663 1093 705 1117 ac
726 1079 1052 1131 procuratoribus,
1071 1079 1222 1116 nomine
1244 1092 1312 1117 suo
1336 1084 1373 1116 et
1398 1079 1548 1117 illorum
1574 1093 1735 1131 quorum

200 1143 306 1178 erant
322 1142 599 1191 procuratores,
618 1142 654 1175 et
671 1138 742 1175 sibi
762 1137 1014 1188 subjectarum
1031 1137 1140 1174 etiam
1165 1150 1408 1187 personarum
1434 1137 1648 1188 hujusmodi
1672 1139 1738 1176 de-

201 1199 336 1237 cimam
364 1198 566 1242 liberaliter
592 1197 832 1249 promisimus
859 1197 1054 1242 exhibere,
1080 1201 1154 1233 tam
1182 1196 1234 1234 cis
1260 1210 1373 1247 quam
1403 1197 1485 1234 aliis
1516 1198 1738 1248 supradictis

200 1256 370 1308 personis
403 1255 660 1294 ecclesiasticis
689 1259 807 1293 certos
837 1268 879 1292 ac
910 1254 1179 1305 peremptorios
1211 1255 1388 1292 terminos
1414 1261 1662 1306 competentes
1691 1257 1737 1294 ad

200 1315 457 1354 exhibendum
478 1315 694 1365 hujusmodi
713 1315 895 1352 decimam
915 1314 954 1351 in
973 1314 1111 1351 eisdem
1131 1314 1295 1351 consiliis
1308 1314 1486 1352 duximus
1501 1315 1650 1366 publice
1663 1321 1739 1353 sta-

201 1375 369 1413 tuendos.
389 1375 433 1412 Et
452 1387 498 1411 ne
515 1387 582 1424 per
599 1373 762 1424 aliquam
784 1373 964 1410 malitiam
985 1372 1087 1423 operi
1112 1376 1233 1409 tantae
1258 1372 1386 1410 salutis
1408 1373 1527 1410 valeat
1551 1374 1738 1425 derogari,

200 1446 268 1471 nos
294 1433 512 1471 auctoritate
536 1445 610 1483 qua
638 1431 676 1468 in
703 1432 771 1469 hac
796 1435 900 1482 parte
926 1431 1119 1482 fungimur
1145 1430 1182 1467 in
1210 1444 1514 1482 unamquamque
1539 1446 1734 1482 personam

198 1492 481 1531 ecclesiasticam
505 1491 719 1530 earumdem
746 1490 1044 1542 provinciarum,
1072 1490 1268 1527 comitatus
1297 1490 1590 1541 praedictorum,
1610 1492 1736 1541 cujus-

199 1564 348 1603 cunque
375 1550 621 1598 conditionis,
643 1550 787 1588 ordinis
813 1550 870 1586 vel
891 1548 1081 1600 dignitatis
1099 1548 1275 1594 existant,
1294 1562 1390 1599 quae
1413 1549 1592 1586 decimam
1619 1550 1735 1601 ipsam

200 1610 305 1647 nullo
331 1609 444 1647 modo
465 1610 523 1646 vel
551 1622 626 1646 non
656 1608 796 1659 integre
817 1613 881 1645 aut
906 1621 981 1645 non
1006 1607 1212 1644 secundum
1235 1607 1526 1644 aestimationem
1552 1607 1737 1658 deputan-

200 1669 334 1706 darum
353 1668 536 1708 nobisvel
556 1667 731 1705 mandato
750 1672 876 1704 nostro
893 1667 939 1703 ad
961 1667 1031 1704 hoc
1051 1679 1310 1716 personarum,
1325 1666 1402 1703 sive
1417 1679 1491 1702 non
1512 1666 1550 1703 in
1570 1666 1736 1704 terminis

200 1727 410 1765 constitutis
423 1726 682 1772 exhibuerint,
697 1726 773 1764 sive
790 1726 829 1763 in
847 1725 1078 1763 exhibitione
1097 1725 1197 1762 illius
1216 1725 1395 1762 malitiam
1419 1725 1644 1762 adverterint
1661 1726 1737 1763 sive

199 1786 387 1833 fraudem,
401 1784 799 1823 excommunicationis
817 1783 1035 1821 sententiam
1055 1783 1346 1833 promulgamus.

896 1897 1012 1906 4....-

885 2020 1050 2058 Lxxxl.

197 2126 430 2164 Mandemem
450 2127 494 2165 de
510 2128 691 2173 Brictius,
708 2129 839 2178 pre'vot
863 2128 907 2166 de
933 2129 1185 2166 Notre—Dame
1211 2130 1233 2166 ἁ
1256 2130 1419 2180 Bruyes,
1451 2143 1494 2166 en
1520 2130 1654 2180 savem·
1674 2130 1736 2167 des

605 2186 785 2237 reliyietcoe
803 2187 854 2224 du
877 2189 1080 2225 monastere
1102 2188 1146 2224 de
1171 2187 1328 2225 Thosan.

248 2361 421 2413 Magister
443 2363 623 2410 Brictius,
652 2363 971 2401 Sanctae-Mariae
994 2365 1032 2401 in
1059 2365 1193 2415 Brugis
1216 2366 1467 2416 praepositus,
1491 2380 1510 2403 a
1534 2367 1734 2404 venerabili

198 2423 304 2471 patre
322 2420 478 2458 domino
495 2421 556 2469 M,
571 2422 774 2459 venerabili
794 2422 1015 2460 Tornacensi
1035 2423 1224 2474 episcopo,
1244 2429 1520 2471 conservatore,
1542 2431 1736 2463 executore
