<?xml version="1.0" encoding="UTF-8"?>
<!DOCTYPE html PUBLIC "-//W3C//DTD XHTML 1.0 Transitional//EN"
    "http://www.w3.org/TR/xhtml1/DTD/xhtml1-transitional.dtd">
<html xmlns="http://www.w3.org/1999/xhtml" xml:lang="en" lang="en">
 <head>
  <title>
</title>
<meta http-equiv="Content-Type" content="text/html;charset=utf-8" />
  <meta name='ocr-system' content='tesseract 3.04.00' />
  <meta name='ocr-capabilities' content='ocr_page ocr_carea ocr_par ocr_line ocrx_word'/>
</head>
<body>
  <div class='ocr_page' id='page_1' title='image "./codexdunensissiv00kervuoft/codexdunensissiv00kervuoft_0550.png"; bbox 0 0 2184 3074; ppageno 0'>
   <div class='ocr_carea' id='block_1_1' title="bbox 467 352 1449 393">
    <p class='ocr_par' dir='ltr' id='par_1_1' title="bbox 467 352 1449 393">
     <span class='ocr_line' id='line_1_1' title="bbox 467 352 1449 393; baseline -0.003 0"><span class='ocrx_word' id='word_1_1' title='bbox 467 355 540 393; x_wconf 74' lang='lat'><strong>508</strong></span> <span class='ocrx_word' id='word_1_2' title='bbox 1017 352 1178 390; x_wconf 85' lang='lat' dir='ltr'>CODEX</span> <span class='ocrx_word' id='word_1_3' title='bbox 1206 352 1449 390; x_wconf 82' lang='lat' dir='ltr'><strong>DUNENSIS.</strong></span> 
     </span>
    </p>
   </div>
   <div class='ocr_carea' id='block_1_2' title="bbox 460 467 2001 2508">
    <p class='ocr_par' dir='ltr' id='par_1_2' title="bbox 460 467 2001 2508">
     <span class='ocr_line' id='line_1_2' title="bbox 469 467 2001 517; baseline 0.001 -10"><span class='ocrx_word' id='word_1_4' title='bbox 469 470 557 507; x_wconf 91' lang='lat' dir='ltr'><strong>toris</strong></span> <span class='ocrx_word' id='word_1_5' title='bbox 583 469 733 507; x_wconf 86' lang='lat' dir='ltr'>Domini</span> <span class='ocrx_word' id='word_1_6' title='bbox 764 468 884 505; x_wconf 81' lang='lat' dir='ltr'><strong>Nostri</strong></span> <span class='ocrx_word' id='word_1_7' title='bbox 908 467 1024 504; x_wconf 84' lang='lat' dir='ltr'><strong>Jhesu</strong></span> <span class='ocrx_word' id='word_1_8' title='bbox 1050 467 1206 509; x_wconf 75' lang='lat' dir='ltr'><strong>Christi,</strong></span> <span class='ocrx_word' id='word_1_9' title='bbox 1224 468 1290 517; x_wconf 89' lang='lat' dir='ltr'><strong>qui</strong></span> <span class='ocrx_word' id='word_1_10' title='bbox 1316 480 1382 517; x_wconf 88' lang='lat' dir='ltr'><strong>per</strong></span> <span class='ocrx_word' id='word_1_11' title='bbox 1406 480 1536 505; x_wconf 90' lang='lat' dir='ltr'><strong>omnes</strong></span> <span class='ocrx_word' id='word_1_12' title='bbox 1565 468 1644 506; x_wconf 91' lang='lat' dir='ltr'><strong>dies</strong></span> <span class='ocrx_word' id='word_1_13' title='bbox 1670 469 1916 517; x_wconf 75' lang='lat' dir='ltr'>ebdomadae,</span> <span class='ocrx_word' id='word_1_14' title='bbox 1939 471 2001 508; x_wconf 85' lang='lat' dir='ltr'><strong>die</strong></span> 
     </span>
     <span class='ocr_line' id='line_1_3' title="bbox 466 526 1999 579; baseline 0.001 -13"><span class='ocrx_word' id='word_1_15' title='bbox 466 530 611 566; x_wconf 88' lang='lat' dir='ltr'><strong>veneris</strong></span> <span class='ocrx_word' id='word_1_16' title='bbox 638 529 820 565; x_wconf 77' lang='lat' dir='ltr'><strong>duntaxat</strong></span> <span class='ocrx_word' id='word_1_17' title='bbox 848 531 1018 577; x_wconf 87' lang='lat' dir='ltr'><strong>excepta,</strong></span> <span class='ocrx_word' id='word_1_18' title='bbox 1050 527 1156 576; x_wconf 88' lang='lat' dir='ltr'><strong>quasi</strong></span> <span class='ocrx_word' id='word_1_19' title='bbox 1184 526 1386 578; x_wconf 74' lang='lat' dir='ltr'><strong>quamdam</strong></span> <span class='ocrx_word' id='word_1_20' title='bbox 1411 526 1449 563; x_wconf 91' lang='lat' dir='ltr'><strong>in</strong></span> <span class='ocrx_word' id='word_1_21' title='bbox 1476 527 1630 564; x_wconf 87' lang='lat' dir='ltr'><strong>modum</strong></span> <span class='ocrx_word' id='word_1_22' title='bbox 1662 528 1798 579; x_wconf 87' lang='lat' dir='ltr'><strong>lapidis</strong></span> <span class='ocrx_word' id='word_1_23' title='bbox 1823 529 1999 568; x_wconf 80' lang='lat' dir='ltr'><strong>duritiam</strong></span> 
     </span>
     <span class='ocr_line' id='line_1_4' title="bbox 467 584 2000 638; baseline 0.001 -14"><span class='ocrx_word' id='word_1_24' title='bbox 467 590 728 637; x_wconf 86' lang='lat' dir='ltr'><strong>repraesentat,</strong></span> <span class='ocrx_word' id='word_1_25' title='bbox 747 585 807 621; x_wconf 93' lang='lat' dir='ltr'><strong>die</strong></span> <span class='ocrx_word' id='word_1_26' title='bbox 824 598 912 621; x_wconf 87' lang='lat' dir='ltr'><strong>vero</strong></span> <span class='ocrx_word' id='word_1_27' title='bbox 930 584 1119 634; x_wconf 85' lang='lat' dir='ltr'><strong>praedicto</strong></span> <span class='ocrx_word' id='word_1_28' title='bbox 1140 589 1182 621; x_wconf 89' lang='lat' dir='ltr'><strong>ut</strong></span> <span class='ocrx_word' id='word_1_29' title='bbox 1206 584 1411 634; x_wconf 89' lang='lat' dir='ltr'><strong>plurimum</strong></span> <span class='ocrx_word' id='word_1_30' title='bbox 1433 585 1524 621; x_wconf 90' lang='lat' dir='ltr'><strong>hora</strong></span> <span class='ocrx_word' id='word_1_31' title='bbox 1547 590 1648 622; x_wconf 85' lang='lat' dir='ltr'><strong>sexta</strong></span> <span class='ocrx_word' id='word_1_32' title='bbox 1667 586 1859 637; x_wconf 78' lang='lat' dir='ltr'><strong>liquescit,</strong></span> <span class='ocrx_word' id='word_1_33' title='bbox 1875 592 2000 638; x_wconf 76' lang='lat' dir='ltr'><strong>gutta-</strong></span> 
     </span>
     <span class='ocr_line' id='line_1_5' title="bbox 467 643 1997 696; baseline 0.001 -14"><span class='ocrx_word' id='word_1_34' title='bbox 467 645 608 695; x_wconf 83' lang='lat' dir='ltr'><strong>timque</strong></span> <span class='ocrx_word' id='word_1_35' title='bbox 631 645 796 689; x_wconf 71' lang='lat' dir='ltr'><strong>distillat,</strong></span> <span class='ocrx_word' id='word_1_36' title='bbox 816 644 1000 694; x_wconf 88' lang='lat' dir='ltr'><strong>pluraque</strong></span> <span class='ocrx_word' id='word_1_37' title='bbox 1025 643 1095 679; x_wconf 86' lang='lat' dir='ltr'><strong>alia</strong></span> <span class='ocrx_word' id='word_1_38' title='bbox 1123 643 1238 680; x_wconf 91' lang='lat' dir='ltr'><strong>multa</strong></span> <span class='ocrx_word' id='word_1_39' title='bbox 1269 643 1447 680; x_wconf 89' lang='lat' dir='ltr'><strong>miracula</strong></span> <span class='ocrx_word' id='word_1_40' title='bbox 1477 644 1658 682; x_wconf 88' lang='lat' dir='ltr'><strong>immensa</strong></span> <span class='ocrx_word' id='word_1_41' title='bbox 1682 645 1750 682; x_wconf 89' lang='lat' dir='ltr'><strong>Dei</strong></span> <span class='ocrx_word' id='word_1_42' title='bbox 1772 645 1936 696; x_wconf 83' lang='lat' dir='ltr'><strong>potentia</strong></span> <span class='ocrx_word' id='word_1_43' title='bbox 1959 646 1997 683; x_wconf 84' lang='lat' dir='ltr'><strong>in</strong></span> 
     </span>
     <span class='ocr_line' id='line_1_6' title="bbox 466 701 2000 754; baseline 0.001 -14"><span class='ocrx_word' id='word_1_44' title='bbox 466 704 632 740; x_wconf 88' lang='lat' dir='ltr'><strong>fidelium</strong></span> <span class='ocrx_word' id='word_1_45' title='bbox 652 703 878 754; x_wconf 86' lang='lat' dir='ltr'><strong>populorum</strong></span> <span class='ocrx_word' id='word_1_46' title='bbox 897 701 1103 752; x_wconf 87' lang='lat' dir='ltr'><strong>praesentia</strong></span> <span class='ocrx_word' id='word_1_47' title='bbox 1121 715 1165 738; x_wconf 89' lang='lat' dir='ltr'><strong>ex</strong></span> <span class='ocrx_word' id='word_1_48' title='bbox 1185 701 1382 738; x_wconf 78' lang='lat' dir='ltr'><strong>devotione</strong></span> <span class='ocrx_word' id='word_1_49' title='bbox 1398 702 1653 740; x_wconf 89' lang='lat' dir='ltr'><strong>accedentium</strong></span> <span class='ocrx_word' id='word_1_50' title='bbox 1669 703 1708 740; x_wconf 88' lang='lat' dir='ltr'><strong>in</strong></span> <span class='ocrx_word' id='word_1_51' title='bbox 1727 717 1860 754; x_wconf 82' lang='lat' dir='ltr'><strong>magna</strong></span> <span class='ocrx_word' id='word_1_52' title='bbox 1877 704 2000 742; x_wconf 86' lang='lat' dir='ltr'><strong>multi—</strong></span> 
     </span>
     <span class='ocr_line' id='line_1_7' title="bbox 466 759 1998 811; baseline 0.001 -13"><span class='ocrx_word' id='word_1_53' title='bbox 466 762 595 798; x_wconf 81' lang='lat' dir='ltr'><strong>tudine</strong></span> <span class='ocrx_word' id='word_1_54' title='bbox 618 762 664 798; x_wconf 91' lang='lat' dir='ltr'><strong>ad</strong></span> <span class='ocrx_word' id='word_1_55' title='bbox 690 761 879 798; x_wconf 87' lang='lat' dir='ltr'><strong>ecclesiam</strong></span> <span class='ocrx_word' id='word_1_56' title='bbox 907 760 1129 797; x_wconf 73' lang='lat' dir='ltr'><strong>antedictam</strong></span> <span class='ocrx_word' id='word_1_57' title='bbox 1157 759 1249 796; x_wconf 91' lang='lat' dir='ltr'><strong>inibi</strong></span> <span class='ocrx_word' id='word_1_58' title='bbox 1277 765 1462 809; x_wconf 90' lang='lat' dir='ltr'><strong>operatur,</strong></span> <span class='ocrx_word' id='word_1_59' title='bbox 1491 774 1537 798; x_wconf 84' lang='lat' dir='ltr'><strong>ex</strong></span> <span class='ocrx_word' id='word_1_60' title='bbox 1559 761 1822 811; x_wconf 21' lang='lat' dir='ltr'><strong>quibusldicta</strong></span> <span class='ocrx_word' id='word_1_61' title='bbox 1848 763 1998 801; x_wconf 84' lang='lat' dir='ltr'><strong>ecclesia</strong></span> 
     </span>
     <span class='ocr_line' id='line_1_8' title="bbox 464 817 2000 871; baseline 0.001 -14"><span class='ocrx_word' id='word_1_62' title='bbox 464 821 595 870; x_wconf 85' lang='lat' dir='ltr'><strong>grandi</strong></span> <span class='ocrx_word' id='word_1_63' title='bbox 612 820 781 856; x_wconf 81' lang='lat' dir='ltr'><strong>redditur</strong></span> <span class='ocrx_word' id='word_1_64' title='bbox 797 818 1034 855; x_wconf 85' lang='lat' dir='ltr'><strong>veneratione</strong></span> <span class='ocrx_word' id='word_1_65' title='bbox 1051 818 1222 863; x_wconf 83' lang='lat' dir='ltr'><strong>colenda,</strong></span> <span class='ocrx_word' id='word_1_66' title='bbox 1237 817 1426 855; x_wconf 87' lang='lat' dir='ltr'><strong>favoribus</strong></span> <span class='ocrx_word' id='word_1_67' title='bbox 1444 819 1672 866; x_wconf 83' lang='lat' dir='ltr'><strong>extollenda,</strong></span> <span class='ocrx_word' id='word_1_68' title='bbox 1691 820 1901 871; x_wconf 78' lang='lat' dir='ltr'><strong>praecipuis</strong></span> <span class='ocrx_word' id='word_1_69' title='bbox 1918 825 2000 858; x_wconf 82' lang='lat' dir='ltr'><strong>stu-</strong></span> 
     </span>
     <span class='ocr_line' id='line_1_9' title="bbox 464 876 1999 930; baseline 0.001 -15"><span class='ocrx_word' id='word_1_70' title='bbox 464 878 535 915; x_wconf 87' lang='lat' dir='ltr'><strong>diis</strong></span> <span class='ocrx_word' id='word_1_71' title='bbox 551 878 784 923; x_wconf 88' lang='lat' dir='ltr'><strong>honoranda,</strong></span> <span class='ocrx_word' id='word_1_72' title='bbox 799 877 967 914; x_wconf 85' lang='lat' dir='ltr'><strong>sollicitis</strong></span> <span class='ocrx_word' id='word_1_73' title='bbox 980 881 1016 913; x_wconf 91' lang='lat' dir='ltr'><strong>et</strong></span> <span class='ocrx_word' id='word_1_74' title='bbox 1029 877 1173 914; x_wconf 91' lang='lat' dir='ltr'><strong>sonoris</strong></span> <span class='ocrx_word' id='word_1_75' title='bbox 1188 876 1341 913; x_wconf 89' lang='lat' dir='ltr'><strong>laudum</strong></span> <span class='ocrx_word' id='word_1_76' title='bbox 1360 877 1566 927; x_wconf 80' lang='lat' dir='ltr'><strong>praeconiis</strong></span> <span class='ocrx_word' id='word_1_77' title='bbox 1580 877 1807 925; x_wconf 88' lang='lat' dir='ltr'><strong>veneranda,</strong></span> <span class='ocrx_word' id='word_1_78' title='bbox 1821 879 1999 930; x_wconf 87' lang='lat' dir='ltr'><strong>quodque</strong></span> 
     </span>
     <span class='ocr_line' id='line_1_10' title="bbox 464 935 1999 988; baseline 0.001 -15"><span class='ocrx_word' id='word_1_79' title='bbox 464 936 587 973; x_wconf 89' lang='lat' dir='ltr'><strong>dilecti</strong></span> <span class='ocrx_word' id='word_1_80' title='bbox 607 936 674 972; x_wconf 89' lang='lat' dir='ltr'><strong>filii</strong></span> <span class='ocrx_word' id='word_1_81' title='bbox 693 936 990 986; x_wconf 85' lang='lat' dir='ltr'><strong>burgimagistri,</strong></span> <span class='ocrx_word' id='word_1_82' title='bbox 1008 935 1163 979; x_wconf 79' lang='lat' dir='ltr'><strong>scabini,</strong></span> <span class='ocrx_word' id='word_1_83' title='bbox 1181 936 1351 973; x_wconf 87' lang='lat' dir='ltr'><strong>consules</strong></span> <span class='ocrx_word' id='word_1_84' title='bbox 1374 940 1410 972; x_wconf 90' lang='lat' dir='ltr'><strong>et</strong></span> <span class='ocrx_word' id='word_1_85' title='bbox 1427 935 1649 973; x_wconf 81' lang='lat' dir='ltr'><strong>universitas</strong></span> <span class='ocrx_word' id='word_1_86' title='bbox 1669 936 1780 974; x_wconf 86' lang='lat' dir='ltr'><strong>villae</strong></span> <span class='ocrx_word' id='word_1_87' title='bbox 1797 937 1999 988; x_wconf 78' lang='lat' dir='ltr'><strong>Brug‘ensis</strong></span> 
     </span>
     <span class='ocr_line' id='line_1_11' title="bbox 463 994 1998 1044; baseline 0 -13"><span class='ocrx_word' id='word_1_88' title='bbox 463 995 581 1031; x_wconf 87' lang='lat' dir='ltr'><strong>dictae</strong></span> <span class='ocrx_word' id='word_1_89' title='bbox 599 994 767 1044; x_wconf 86' lang='lat' dir='ltr'><strong>dyocesis</strong></span> <span class='ocrx_word' id='word_1_90' title='bbox 787 1007 893 1030; x_wconf 89' lang='lat' dir='ltr'><strong>verae</strong></span> <span class='ocrx_word' id='word_1_91' title='bbox 911 994 1120 1030; x_wconf 84' lang='lat' dir='ltr'><strong>dilectionis</strong></span> <span class='ocrx_word' id='word_1_92' title='bbox 1141 994 1284 1031; x_wconf 82' lang='lat' dir='ltr'><strong>fervore</strong></span> <span class='ocrx_word' id='word_1_93' title='bbox 1302 998 1338 1030; x_wconf 89' lang='lat' dir='ltr'><strong>et</strong></span> <span class='ocrx_word' id='word_1_94' title='bbox 1353 994 1431 1031; x_wconf 91' lang='lat' dir='ltr'><strong>zelo</strong></span> <span class='ocrx_word' id='word_1_95' title='bbox 1450 994 1602 1031; x_wconf 88' lang='lat' dir='ltr'><strong>intimae</strong></span> <span class='ocrx_word' id='word_1_96' title='bbox 1624 994 1832 1032; x_wconf 84' lang='lat' dir='ltr'><strong>devotionis</strong></span> <span class='ocrx_word' id='word_1_97' title='bbox 1854 995 1998 1033; x_wconf 79' lang='lat' dir='ltr'><strong>accensi</strong></span> 
     </span>
     <span class='ocr_line' id='line_1_12' title="bbox 463 1051 2000 1105; baseline 0.001 -16"><span class='ocrx_word' id='word_1_98' title='bbox 463 1066 482 1089; x_wconf 85' lang='lat' dir='ltr'><strong>a</strong></span> <span class='ocrx_word' id='word_1_99' title='bbox 497 1053 689 1103; x_wconf 88' lang='lat' dir='ltr'><strong>septennio</strong></span> <span class='ocrx_word' id='word_1_100' title='bbox 708 1052 798 1089; x_wconf 88' lang='lat' dir='ltr'><strong>citra</strong></span> <span class='ocrx_word' id='word_1_101' title='bbox 816 1052 873 1088; x_wconf 93' lang='lat' dir='ltr'><strong>vel</strong></span> <span class='ocrx_word' id='word_1_102' title='bbox 890 1051 1036 1088; x_wconf 89' lang='lat' dir='ltr'><strong>circiter</strong></span> <span class='ocrx_word' id='word_1_103' title='bbox 1052 1052 1090 1088; x_wconf 91' lang='lat' dir='ltr'><strong>in</strong></span> <span class='ocrx_word' id='word_1_104' title='bbox 1106 1053 1198 1089; x_wconf 82' lang='lat' dir='ltr'><strong>festo</strong></span> <span class='ocrx_word' id='word_1_105' title='bbox 1211 1052 1441 1089; x_wconf 89' lang='lat' dir='ltr'><strong>lnventionis</strong></span> <span class='ocrx_word' id='word_1_106' title='bbox 1457 1052 1611 1090; x_wconf 77' lang='lat' dir='ltr'><strong>Sanctae</strong></span> <span class='ocrx_word' id='word_1_107' title='bbox 1629 1053 1777 1099; x_wconf 86' lang='lat' dir='ltr'><strong>Crucis,</strong></span> <span class='ocrx_word' id='word_1_108' title='bbox 1799 1067 1885 1090; x_wconf 90' lang='lat' dir='ltr'><strong>cum</strong></span> <span class='ocrx_word' id='word_1_109' title='bbox 1899 1066 2000 1105; x_wconf 85' lang='lat' dir='ltr'><strong>prae-</strong></span> 
     </span>
     <span class='ocr_line' id='line_1_13' title="bbox 463 1110 1998 1161; baseline 0.001 -13"><span class='ocrx_word' id='word_1_110' title='bbox 463 1112 622 1148; x_wconf 89' lang='lat' dir='ltr'><strong>latorum</strong></span> <span class='ocrx_word' id='word_1_111' title='bbox 645 1117 681 1147; x_wconf 90' lang='lat' dir='ltr'><strong>et</strong></span> <span class='ocrx_word' id='word_1_112' title='bbox 704 1110 923 1148; x_wconf 88' lang='lat' dir='ltr'><strong>clericorum</strong></span> <span class='ocrx_word' id='word_1_113' title='bbox 952 1114 1025 1147; x_wconf 90' lang='lat' dir='ltr'><strong>tam</strong></span> <span class='ocrx_word' id='word_1_114' title='bbox 1051 1110 1167 1160; x_wconf 90' lang='lat' dir='ltr'><strong>ipsius</strong></span> <span class='ocrx_word' id='word_1_115' title='bbox 1193 1110 1302 1147; x_wconf 90' lang='lat' dir='ltr'><strong>villae</strong></span> <span class='ocrx_word' id='word_1_116' title='bbox 1323 1123 1436 1161; x_wconf 93' lang='lat' dir='ltr'><strong>quam</strong></span> <span class='ocrx_word' id='word_1_117' title='bbox 1459 1110 1810 1148; x_wconf 81' lang='lat' dir='ltr'><strong>circumvicinorum</strong></span> <span class='ocrx_word' id='word_1_118' title='bbox 1829 1112 1998 1158; x_wconf 62' lang='lat' dir='ltr'><strong>lqcorum</strong></span> 
     </span>
     <span class='ocr_line' id='line_1_14' title="bbox 462 1169 1997 1222; baseline 0.001 -16"><span class='ocrx_word' id='word_1_119' title='bbox 462 1170 703 1207; x_wconf 90' lang='lat' dir='ltr'><strong>multitudine</strong></span> <span class='ocrx_word' id='word_1_120' title='bbox 715 1170 878 1219; x_wconf 86' lang='lat' dir='ltr'><strong>copiosa,</strong></span> <span class='ocrx_word' id='word_1_121' title='bbox 890 1169 1210 1220; x_wconf 83' lang='lat' dir='ltr'><strong>processionaliter</strong></span> <span class='ocrx_word' id='word_1_122' title='bbox 1223 1169 1360 1206; x_wconf 90' lang='lat' dir='ltr'><strong>dictam</strong></span> <span class='ocrx_word' id='word_1_123' title='bbox 1374 1169 1501 1206; x_wconf 87' lang='lat' dir='ltr'><strong>villam</strong></span> <span class='ocrx_word' id='word_1_124' title='bbox 1516 1169 1765 1216; x_wconf 88' lang='lat' dir='ltr'><strong>circumeunt,</strong></span> <span class='ocrx_word' id='word_1_125' title='bbox 1778 1172 1997 1222; x_wconf 80' lang='lat' dir='ltr'><strong>sanguinem</strong></span> 
     </span>
     <span class='ocr_line' id='line_1_15' title="bbox 460 1228 1996 1279; baseline 0.002 -14"><span class='ocrx_word' id='word_1_126' title='bbox 460 1229 582 1279; x_wconf 87' lang='lat' dir='ltr'><strong>ipsum</strong></span> <span class='ocrx_word' id='word_1_127' title='bbox 603 1229 639 1265; x_wconf 91' lang='lat' dir='ltr'><strong>in</strong></span> <span class='ocrx_word' id='word_1_128' title='bbox 656 1228 820 1278; x_wconf 88' lang='lat' dir='ltr'><strong>ejusdem</strong></span> <span class='ocrx_word' id='word_1_129' title='bbox 835 1228 1026 1278; x_wconf 86' lang='lat' dir='ltr'><strong>sanguinis</strong></span> <span class='ocrx_word' id='word_1_130' title='bbox 1041 1229 1193 1265; x_wconf 86' lang='lat' dir='ltr'><strong>honoris</strong></span> <span class='ocrx_word' id='word_1_131' title='bbox 1207 1233 1243 1265; x_wconf 91' lang='lat' dir='ltr'><strong>et</strong></span> <span class='ocrx_word' id='word_1_132' title='bbox 1256 1228 1481 1265; x_wconf 88' lang='lat' dir='ltr'><strong>reverentiae</strong></span> <span class='ocrx_word' id='word_1_133' title='bbox 1495 1228 1766 1279; x_wconf 86' lang='lat' dir='ltr'><strong>plenitudinem</strong></span> <span class='ocrx_word' id='word_1_134' title='bbox 1777 1229 1996 1275; x_wconf 78' lang='lat' dir='ltr'><strong>deferentes,</strong></span> 
     </span>
     <span class='ocr_line' id='line_1_16' title="bbox 462 1286 2000 1340; baseline 0.001 -16"><span class='ocrx_word' id='word_1_135' title='bbox 462 1293 503 1324; x_wconf 92' lang='lat' dir='ltr'><strong>ut</strong></span> <span class='ocrx_word' id='word_1_136' title='bbox 520 1302 565 1324; x_wconf 84' lang='lat' dir='ltr'><strong>ex</strong></span> <span class='ocrx_word' id='word_1_137' title='bbox 585 1287 655 1324; x_wconf 91' lang='lat' dir='ltr'><strong>hoc</strong></span> <span class='ocrx_word' id='word_1_138' title='bbox 670 1287 741 1324; x_wconf 91' lang='lat' dir='ltr'><strong>sibi</strong></span> <span class='ocrx_word' id='word_1_139' title='bbox 757 1301 823 1337; x_wconf 87' lang='lat' dir='ltr'><strong>per</strong></span> <span class='ocrx_word' id='word_1_140' title='bbox 831 1287 954 1337; x_wconf 84' lang='lat' dir='ltr'><strong>operis</strong></span> <span class='ocrx_word' id='word_1_141' title='bbox 974 1287 1146 1324; x_wconf 87' lang='lat' dir='ltr'><strong>meritum</strong></span> <span class='ocrx_word' id='word_1_142' title='bbox 1165 1292 1201 1324; x_wconf 89' lang='lat' dir='ltr'><strong>et</strong></span> <span class='ocrx_word' id='word_1_143' title='bbox 1210 1287 1291 1324; x_wconf 92' lang='lat' dir='ltr'><strong>aliis</strong></span> <span class='ocrx_word' id='word_1_144' title='bbox 1306 1287 1425 1337; x_wconf 88' lang='lat' dir='ltr'><strong>pretio</strong></span> <span class='ocrx_word' id='word_1_145' title='bbox 1435 1286 1628 1337; x_wconf 81' lang='lat' dir='ltr'><strong>sanguinis</strong></span> <span class='ocrx_word' id='word_1_146' title='bbox 1642 1287 1821 1337; x_wconf 83' lang='lat' dir='ltr'><strong>praedicti</strong></span> <span class='ocrx_word' id='word_1_147' title='bbox 1833 1288 2000 1340; x_wconf 86' lang='lat' dir='ltr'><strong>redemp-</strong></span> 
     </span>
     <span class='ocr_line' id='line_1_17' title="bbox 462 1345 1996 1396; baseline 0.001 -14"><span class='ocrx_word' id='word_1_148' title='bbox 462 1347 507 1383; x_wconf 87' lang='lat' dir='ltr'><strong>tis</strong></span> <span class='ocrx_word' id='word_1_149' title='bbox 521 1346 727 1396; x_wconf 89' lang='lat' dir='ltr'><strong>proficiant,</strong></span> <span class='ocrx_word' id='word_1_150' title='bbox 742 1360 808 1396; x_wconf 89' lang='lat' dir='ltr'><strong>per</strong></span> <span class='ocrx_word' id='word_1_151' title='bbox 820 1346 1032 1396; x_wconf 87' lang='lat' dir='ltr'><strong>exemplum</strong></span> <span class='ocrx_word' id='word_1_152' title='bbox 1049 1346 1260 1383; x_wconf 90' lang='lat' dir='ltr'><strong>inducendo</strong></span> <span class='ocrx_word' id='word_1_153' title='bbox 1274 1359 1336 1383; x_wconf 90' lang='lat' dir='ltr'><strong>eos</strong></span> <span class='ocrx_word' id='word_1_154' title='bbox 1349 1346 1396 1382; x_wconf 90' lang='lat' dir='ltr'><strong>ad</strong></span> <span class='ocrx_word' id='word_1_155' title='bbox 1411 1345 1637 1383; x_wconf 90' lang='lat' dir='ltr'><strong>visitandum</strong></span> <span class='ocrx_word' id='word_1_156' title='bbox 1652 1346 1789 1383; x_wconf 89' lang='lat' dir='ltr'><strong>dictam</strong></span> <span class='ocrx_word' id='word_1_157' title='bbox 1803 1347 1996 1384; x_wconf 79' lang='lat' dir='ltr'><strong>ecclesiam</strong></span> 
     </span>
     <span class='ocr_line' id='line_1_18' title="bbox 462 1404 1995 1456; baseline 0.001 -14"><span class='ocrx_word' id='word_1_158' title='bbox 462 1410 497 1442; x_wconf 91' lang='lat' dir='ltr'><strong>et</strong></span> <span class='ocrx_word' id='word_1_159' title='bbox 517 1406 639 1442; x_wconf 88' lang='lat' dir='ltr'><strong>locum</strong></span> <span class='ocrx_word' id='word_1_160' title='bbox 663 1405 701 1441; x_wconf 91' lang='lat' dir='ltr'><strong>in</strong></span> <span class='ocrx_word' id='word_1_161' title='bbox 720 1418 795 1455; x_wconf 91' lang='lat' dir='ltr'><strong>quo</strong></span> <span class='ocrx_word' id='word_1_162' title='bbox 821 1405 898 1455; x_wconf 88' lang='lat' dir='ltr'><strong>ipsa</strong></span> <span class='ocrx_word' id='word_1_163' title='bbox 917 1405 1102 1454; x_wconf 80' lang='lat' dir='ltr'><strong>consistit,</strong></span> <span class='ocrx_word' id='word_1_164' title='bbox 1122 1410 1157 1441; x_wconf 87' lang='lat' dir='ltr'><strong>et</strong></span> <span class='ocrx_word' id='word_1_165' title='bbox 1175 1406 1221 1441; x_wconf 91' lang='lat' dir='ltr'><strong>ad</strong></span> <span class='ocrx_word' id='word_1_166' title='bbox 1240 1404 1489 1441; x_wconf 85' lang='lat' dir='ltr'><strong>exhibendam</strong></span> <span class='ocrx_word' id='word_1_167' title='bbox 1513 1404 1630 1442; x_wconf 82' lang='lat' dir='ltr'><strong>effuso</strong></span> <span class='ocrx_word' id='word_1_168' title='bbox 1652 1418 1721 1455; x_wconf 90' lang='lat' dir='ltr'><strong>pro</strong></span> <span class='ocrx_word' id='word_1_169' title='bbox 1748 1405 1800 1442; x_wconf 87' lang='lat' dir='ltr'><strong>eis</strong></span> <span class='ocrx_word' id='word_1_170' title='bbox 1824 1406 1995 1456; x_wconf 80' lang='lat' dir='ltr'><strong>sanguini</strong></span> 
     </span>
     <span class='ocr_line' id='line_1_19' title="bbox 462 1462 1997 1515; baseline 0 -15"><span class='ocrx_word' id='word_1_171' title='bbox 462 1464 703 1500; x_wconf 88' lang='lat' dir='ltr'><strong>reverentiam</strong></span> <span class='ocrx_word' id='word_1_172' title='bbox 723 1463 977 1500; x_wconf 85' lang='lat' dir='ltr'><strong>omnimodam</strong></span> <span class='ocrx_word' id='word_1_173' title='bbox 997 1468 1032 1500; x_wconf 87' lang='lat' dir='ltr'><strong>et</strong></span> <span class='ocrx_word' id='word_1_174' title='bbox 1046 1463 1224 1500; x_wconf 85' lang='lat' dir='ltr'><strong>honorem</strong></span> <span class='ocrx_word' id='word_1_175' title='bbox 1240 1478 1247 1500; x_wconf 87' lang='lat'>:</span> <span class='ocrx_word' id='word_1_176' title='bbox 1270 1476 1337 1500; x_wconf 91' lang='lat' dir='ltr'><strong>nos</strong></span> <span class='ocrx_word' id='word_1_177' title='bbox 1352 1463 1491 1513; x_wconf 88' lang='lat' dir='ltr'><strong>quibus</strong></span> <span class='ocrx_word' id='word_1_178' title='bbox 1506 1462 1692 1513; x_wconf 83' lang='lat' dir='ltr'><strong>praedicta</strong></span> <span class='ocrx_word' id='word_1_179' title='bbox 1707 1463 1885 1500; x_wconf 88' lang='lat' dir='ltr'><strong>miracula</strong></span> <span class='ocrx_word' id='word_1_180' title='bbox 1902 1463 1997 1515; x_wconf 86' lang='lat' dir='ltr'><strong>ipso-</strong></span> 
     </span>
     <span class='ocr_line' id='line_1_20' title="bbox 461 1520 1995 1572; baseline -0.001 -14"><span class='ocrx_word' id='word_1_181' title='bbox 461 1535 543 1558; x_wconf 91' lang='lat' dir='ltr'><strong>rum</strong></span> <span class='ocrx_word' id='word_1_182' title='bbox 559 1522 730 1572; x_wconf 84' lang='lat' dir='ltr'><strong>experien</strong></span> <span class='ocrx_word' id='word_1_183' title='bbox 737 1521 784 1558; x_wconf 88' lang='lat' dir='ltr'><strong>tia</strong></span> <span class='ocrx_word' id='word_1_184' title='bbox 791 1521 868 1571; x_wconf 89' lang='lat' dir='ltr'><strong>jam</strong></span> <span class='ocrx_word' id='word_1_185' title='bbox 885 1522 1139 1572; x_wconf 87' lang='lat' dir='ltr'><strong>multipliciter</strong></span> <span class='ocrx_word' id='word_1_186' title='bbox 1153 1522 1335 1572; x_wconf 77' lang='lat' dir='ltr'><strong>patefecit,</strong></span> <span class='ocrx_word' id='word_1_187' title='bbox 1345 1522 1501 1572; x_wconf 85' lang='lat' dir='ltr'><strong>dignum</strong></span> <span class='ocrx_word' id='word_1_188' title='bbox 1516 1527 1552 1558; x_wconf 88' lang='lat' dir='ltr'><strong>et</strong></span> <span class='ocrx_word' id='word_1_189' title='bbox 1564 1534 1771 1571; x_wconf 84' lang='lat' dir='ltr'><strong>congruum</strong></span> <span class='ocrx_word' id='word_1_190' title='bbox 1785 1520 1995 1571; x_wconf 87' lang='lat' dir='ltr'><strong>quinimmo</strong></span> 
     </span>
     <span class='ocr_line' id='line_1_21' title="bbox 461 1579 1995 1631; baseline 0 -15"><span class='ocrx_word' id='word_1_191' title='bbox 461 1580 628 1617; x_wconf 89' lang='lat' dir='ltr'><strong>‹lebitum</strong></span> <span class='ocrx_word' id='word_1_192' title='bbox 656 1579 876 1617; x_wconf 83' lang='lat' dir='ltr'><strong>arbitrantes</strong></span> <span class='ocrx_word' id='word_1_193' title='bbox 895 1586 936 1616; x_wconf 91' lang='lat' dir='ltr'><strong>ut</strong></span> <span class='ocrx_word' id='word_1_194' title='bbox 957 1580 1147 1617; x_wconf 88' lang='lat' dir='ltr'><strong>ecclesiam</strong></span> <span class='ocrx_word' id='word_1_195' title='bbox 1174 1580 1290 1630; x_wconf 87' lang='lat' dir='ltr'><strong>ipsam</strong></span> <span class='ocrx_word' id='word_1_196' title='bbox 1314 1593 1427 1630; x_wconf 90' lang='lat' dir='ltr'><strong>quam</strong></span> <span class='ocrx_word' id='word_1_197' title='bbox 1450 1580 1532 1631; x_wconf 93' lang='lat' dir='ltr'><strong>lpse</strong></span> <span class='ocrx_word' id='word_1_198' title='bbox 1559 1580 1683 1629; x_wconf 90' lang='lat' dir='ltr'><strong>cujus,</strong></span> <span class='ocrx_word' id='word_1_199' title='bbox 1702 1579 1787 1616; x_wconf 87' lang='lat' dir='ltr'><strong>licet</strong></span> <span class='ocrx_word' id='word_1_200' title='bbox 1804 1579 1995 1626; x_wconf 88' lang='lat' dir='ltr'><strong>immeriti,</strong></span> 
     </span>
     <span class='ocr_line' id='line_1_22' title="bbox 461 1638 1996 1690; baseline 0.001 -15"><span class='ocrx_word' id='word_1_201' title='bbox 461 1640 558 1676; x_wconf 88' lang='lat' dir='ltr'><strong>vices</strong></span> <span class='ocrx_word' id='word_1_202' title='bbox 579 1639 616 1675; x_wconf 88' lang='lat' dir='ltr'><strong>in</strong></span> <span class='ocrx_word' id='word_1_203' title='bbox 636 1639 741 1676; x_wconf 87' lang='lat' dir='ltr'><strong>terris</strong></span> <span class='ocrx_word' id='word_1_204' title='bbox 759 1639 940 1688; x_wconf 78' lang='lat' dir='ltr'><strong>gerimus,</strong></span> <span class='ocrx_word' id='word_1_205' title='bbox 969 1640 1087 1676; x_wconf 86' lang='lat' dir='ltr'><strong>voluit</strong></span> <span class='ocrx_word' id='word_1_206' title='bbox 1107 1639 1246 1690; x_wconf 92' lang='lat' dir='ltr'><strong>proprii</strong></span> <span class='ocrx_word' id='word_1_207' title='bbox 1271 1639 1463 1689; x_wconf 84' lang='lat' dir='ltr'><strong>sanguinis</strong></span> <span class='ocrx_word' id='word_1_208' title='bbox 1487 1639 1686 1689; x_wconf 87' lang='lat' dir='ltr'><strong>splendore</strong></span> <span class='ocrx_word' id='word_1_209' title='bbox 1709 1639 1865 1688; x_wconf 82' lang='lat' dir='ltr'><strong>fulgere,</strong></span> <span class='ocrx_word' id='word_1_210' title='bbox 1882 1638 1996 1676; x_wconf 82' lang='lat' dir='ltr'><strong>odore</strong></span> 
     </span>
     <span class='ocr_line' id='line_1_23' title="bbox 462 1697 1997 1751; baseline 0 -17"><span class='ocrx_word' id='word_1_211' title='bbox 462 1711 670 1749; x_wconf 86' lang='lat' dir='ltr'><strong>respergere</strong></span> <span class='ocrx_word' id='word_1_212' title='bbox 685 1711 726 1734; x_wconf 87' lang='lat' dir='ltr'><strong>ac</strong></span> <span class='ocrx_word' id='word_1_213' title='bbox 745 1698 919 1735; x_wconf 89' lang='lat' dir='ltr'><strong>laudibus</strong></span> <span class='ocrx_word' id='word_1_214' title='bbox 936 1699 1116 1744; x_wconf 87' lang='lat' dir='ltr'><strong>venerari,</strong></span> <span class='ocrx_word' id='word_1_215' title='bbox 1134 1698 1366 1736; x_wconf 88' lang='lat' dir='ltr'><strong>exhibitione</strong></span> <span class='ocrx_word' id='word_1_216' title='bbox 1384 1698 1610 1735; x_wconf 88' lang='lat' dir='ltr'><strong>reverentiae</strong></span> <span class='ocrx_word' id='word_1_217' title='bbox 1628 1697 1780 1746; x_wconf 83' lang='lat' dir='ltr'><strong>uberius</strong></span> <span class='ocrx_word' id='word_1_218' title='bbox 1798 1710 1997 1751; x_wconf 78' lang='lat' dir='ltr'><strong>prosequa-</strong></span> 
     </span>
     <span class='ocr_line' id='line_1_24' title="bbox 462 1755 1998 1807; baseline 0.001 -15"><span class='ocrx_word' id='word_1_219' title='bbox 462 1769 562 1795; x_wconf 71' lang='lat' dir='ltr'><strong>mur,</strong></span> <span class='ocrx_word' id='word_1_220' title='bbox 598 1756 782 1793; x_wconf 88' lang='lat' dir='ltr'><strong>dictorum</strong></span> <span class='ocrx_word' id='word_1_221' title='bbox 813 1756 1091 1807; x_wconf 83' lang='lat' dir='ltr'><strong>burgimagistri</strong></span> <span class='ocrx_word' id='word_1_222' title='bbox 1103 1786 1112 1803; x_wconf 96' lang='lat'><strong>,</strong></span> <span class='ocrx_word' id='word_1_223' title='bbox 1149 1757 1406 1802; x_wconf 83' lang='lat' dir='ltr'><strong>scabinorum,</strong></span> <span class='ocrx_word' id='word_1_224' title='bbox 1445 1756 1642 1794; x_wconf 91' lang='lat' dir='ltr'><strong>consulum</strong></span> <span class='ocrx_word' id='word_1_225' title='bbox 1681 1761 1716 1793; x_wconf 89' lang='lat' dir='ltr'><strong>et</strong></span> <span class='ocrx_word' id='word_1_226' title='bbox 1747 1755 1998 1794; x_wconf 83' lang='lat' dir='ltr'><strong>universitatis</strong></span> 
     </span>
     <span class='ocr_line' id='line_1_25' title="bbox 463 1815 1996 1866; baseline 0.001 -15"><span class='ocrx_word' id='word_1_227' title='bbox 463 1815 677 1864; x_wconf 87' lang='lat' dir='ltr'><strong>hujusmodi</strong></span> <span class='ocrx_word' id='word_1_228' title='bbox 690 1815 901 1865; x_wconf 87' lang='lat' dir='ltr'><strong>exemplum</strong></span> <span class='ocrx_word' id='word_1_229' title='bbox 914 1815 1101 1852; x_wconf 86' lang='lat' dir='ltr'><strong>laudabile</strong></span> <span class='ocrx_word' id='word_1_230' title='bbox 1114 1816 1317 1866; x_wconf 86' lang='lat' dir='ltr'><strong>prosecuti,</strong></span> <span class='ocrx_word' id='word_1_231' title='bbox 1331 1816 1614 1854; x_wconf 88' lang='lat' dir='ltr'><strong>Universitatem</strong></span> <span class='ocrx_word' id='word_1_232' title='bbox 1630 1815 1797 1853; x_wconf 86' lang='lat' dir='ltr'><strong>Vestram</strong></span> <span class='ocrx_word' id='word_1_233' title='bbox 1810 1827 1996 1864; x_wconf 78' lang='lat' dir='ltr'><strong>rogamus,</strong></span> 
     </span>
     <span class='ocr_line' id='line_1_26' title="bbox 463 1873 1996 1924; baseline 0 -15"><span class='ocrx_word' id='word_1_234' title='bbox 463 1886 656 1910; x_wconf 90' lang='lat' dir='ltr'><strong>monemus</strong></span> <span class='ocrx_word' id='word_1_235' title='bbox 675 1878 710 1910; x_wconf 83' lang='lat' dir='ltr'><strong>et</strong></span> <span class='ocrx_word' id='word_1_236' title='bbox 729 1873 922 1910; x_wconf 86' lang='lat' dir='ltr'><strong>hortamur</strong></span> <span class='ocrx_word' id='word_1_237' title='bbox 942 1879 1093 1919; x_wconf 82' lang='lat' dir='ltr'><strong>attente,</strong></span> <span class='ocrx_word' id='word_1_238' title='bbox 1117 1875 1155 1910; x_wconf 91' lang='lat' dir='ltr'><strong>in</strong></span> <span class='ocrx_word' id='word_1_239' title='bbox 1180 1874 1436 1912; x_wconf 89' lang='lat' dir='ltr'><strong>remissionem</strong></span> <span class='ocrx_word' id='word_1_240' title='bbox 1457 1873 1564 1911; x_wconf 83' lang='lat' dir='ltr'><strong>vobis</strong></span> <span class='ocrx_word' id='word_1_241' title='bbox 1589 1873 1847 1924; x_wconf 90' lang='lat' dir='ltr'><strong>peccaminum</strong></span> <span class='ocrx_word' id='word_1_242' title='bbox 1867 1873 1996 1922; x_wconf 82' lang='lat' dir='ltr'><strong>injun-</strong></span> 
     </span>
     <span class='ocr_line' id='line_1_27' title="bbox 461 1931 1996 1983; baseline 0.001 -16"><span class='ocrx_word' id='word_1_243' title='bbox 461 1936 586 1981; x_wconf 85' lang='lat' dir='ltr'><strong>gentes</strong></span> <span class='ocrx_word' id='word_1_244' title='bbox 600 1936 783 1981; x_wconf 79' lang='lat' dir='ltr'><strong>quatenus</strong></span> <span class='ocrx_word' id='word_1_245' title='bbox 798 1931 844 1967; x_wconf 91' lang='lat' dir='ltr'><strong>ad</strong></span> <span class='ocrx_word' id='word_1_246' title='bbox 862 1932 1053 1969; x_wconf 86' lang='lat' dir='ltr'><strong>ecclesiam</strong></span> <span class='ocrx_word' id='word_1_247' title='bbox 1068 1933 1185 1983; x_wconf 89' lang='lat' dir='ltr'><strong>ipsam</strong></span> <span class='ocrx_word' id='word_1_248' title='bbox 1201 1933 1432 1983; x_wconf 90' lang='lat' dir='ltr'><strong>imploraturi</strong></span> <span class='ocrx_word' id='word_1_249' title='bbox 1448 1945 1468 1968; x_wconf 92' lang='lat' dir='ltr'><strong>a</strong></span> <span class='ocrx_word' id='word_1_250' title='bbox 1481 1932 1644 1969; x_wconf 89' lang='lat' dir='ltr'><strong>Domino</strong></span> <span class='ocrx_word' id='word_1_251' title='bbox 1664 1931 1996 1969; x_wconf 87' lang='lat' dir='ltr'><strong>intervenientibus</strong></span> 
     </span>
     <span class='ocr_line' id='line_1_28' title="bbox 461 1988 1996 2040; baseline -0.001 -14"><span class='ocrx_word' id='word_1_252' title='bbox 461 1989 652 2040; x_wconf 86' lang='lat' dir='ltr'><strong>sanguinis</strong></span> <span class='ocrx_word' id='word_1_253' title='bbox 670 1988 835 2039; x_wconf 86' lang='lat' dir='ltr'><strong>ejusdem</strong></span> <span class='ocrx_word' id='word_1_254' title='bbox 846 1990 1029 2040; x_wconf 85' lang='lat' dir='ltr'><strong>suffragiis</strong></span> <span class='ocrx_word' id='word_1_255' title='bbox 1046 1991 1192 2028; x_wconf 89' lang='lat' dir='ltr'><strong>veniam</strong></span> <span class='ocrx_word' id='word_1_256' title='bbox 1207 1991 1427 2028; x_wconf 84' lang='lat' dir='ltr'><strong>delictorum</strong></span> <span class='ocrx_word' id='word_1_257' title='bbox 1446 1991 1484 2027; x_wconf 92' lang='lat' dir='ltr'><strong>in</strong></span> <span class='ocrx_word' id='word_1_258' title='bbox 1494 1989 1704 2027; x_wconf 87' lang='lat' dir='ltr'><strong>humilitate</strong></span> <span class='ocrx_word' id='word_1_259' title='bbox 1721 1989 1872 2039; x_wconf 88' lang='lat' dir='ltr'><strong>spiritus</strong></span> <span class='ocrx_word' id='word_1_260' title='bbox 1890 2001 1996 2026; x_wconf 86' lang='lat' dir='ltr'><strong>acce-</strong></span> 
     </span>
     <span class='ocr_line' id='line_1_29' title="bbox 463 2047 1995 2097; baseline -0.001 -12"><span class='ocrx_word' id='word_1_261' title='bbox 463 2049 568 2085; x_wconf 87' lang='lat' dir='ltr'><strong>datis.</strong></span> <span class='ocrx_word' id='word_1_262' title='bbox 593 2049 668 2085; x_wconf 91' lang='lat' dir='ltr'><strong>Nos</strong></span> <span class='ocrx_word' id='word_1_263' title='bbox 687 2048 785 2084; x_wconf 88' lang='lat' dir='ltr'><strong>enim</strong></span> <span class='ocrx_word' id='word_1_264' title='bbox 811 2053 853 2085; x_wconf 87' lang='lat' dir='ltr'><strong>ut</strong></span> <span class='ocrx_word' id='word_1_265' title='bbox 871 2048 982 2085; x_wconf 90' lang='lat' dir='ltr'><strong>iidem</strong></span> <span class='ocrx_word' id='word_1_266' title='bbox 1006 2050 1132 2087; x_wconf 87' lang='lat' dir='ltr'><strong>fideles</strong></span> <span class='ocrx_word' id='word_1_267' title='bbox 1152 2063 1195 2086; x_wconf 89' lang='lat' dir='ltr'><strong>eo</strong></span> <span class='ocrx_word' id='word_1_268' title='bbox 1214 2054 1439 2087; x_wconf 86' lang='lat' dir='ltr'><strong>concurrant</strong></span> <span class='ocrx_word' id='word_1_269' title='bbox 1461 2048 1638 2086; x_wconf 85' lang='lat' dir='ltr'><strong>libentius</strong></span> <span class='ocrx_word' id='word_1_270' title='bbox 1662 2048 1708 2084; x_wconf 91' lang='lat' dir='ltr'><strong>ad</strong></span> <span class='ocrx_word' id='word_1_271' title='bbox 1726 2047 1894 2084; x_wconf 87' lang='lat' dir='ltr'><strong>eamdem</strong></span> <span class='ocrx_word' id='word_1_272' title='bbox 1918 2060 1995 2097; x_wconf 90' lang='lat' dir='ltr'><strong>quo</strong></span> 
     </span>
     <span class='ocr_line' id='line_1_30' title="bbox 462 2105 1995 2158; baseline -0.002 -14"><span class='ocrx_word' id='word_1_273' title='bbox 462 2121 549 2144; x_wconf 89' lang='lat' dir='ltr'><strong>suae</strong></span> <span class='ocrx_word' id='word_1_274' title='bbox 567 2107 774 2144; x_wconf 91' lang='lat' dir='ltr'><strong>devotionis</strong></span> <span class='ocrx_word' id='word_1_275' title='bbox 792 2107 964 2144; x_wconf 85' lang='lat' dir='ltr'><strong>affectum</strong></span> <span class='ocrx_word' id='word_1_276' title='bbox 984 2107 1054 2144; x_wconf 90' lang='lat' dir='ltr'><strong>sibi</strong></span> <span class='ocrx_word' id='word_1_277' title='bbox 1074 2108 1190 2158; x_wconf 84' lang='lat' dir='ltr'><strong>magis</strong></span> <span class='ocrx_word' id='word_1_278' title='bbox 1202 2122 1246 2144; x_wconf 88' lang='lat' dir='ltr'><strong>ex</strong></span> <span class='ocrx_word' id='word_1_279' title='bbox 1266 2108 1416 2144; x_wconf 87' lang='lat' dir='ltr'><strong>divinae</strong></span> <span class='ocrx_word' id='word_1_280' title='bbox 1431 2120 1474 2144; x_wconf 91' lang='lat' dir='ltr'><strong>ac</strong></span> <span class='ocrx_word' id='word_1_281' title='bbox 1491 2111 1637 2144; x_wconf 88' lang='lat' dir='ltr'><strong>nostrae</strong></span> <span class='ocrx_word' id='word_1_282' title='bbox 1653 2105 1791 2156; x_wconf 82' lang='lat' dir='ltr'><strong>gratiae</strong></span> <span class='ocrx_word' id='word_1_283' title='bbox 1801 2105 1995 2155; x_wconf 83' lang='lat' dir='ltr'><strong>largitione</strong></span> 
     </span>
     <span class='ocr_line' id='line_1_31' title="bbox 463 2164 1994 2216; baseline -0.001 -14"><span class='ocrx_word' id='word_1_284' title='bbox 463 2166 645 2203; x_wconf 80' lang='lat' dir='ltr'><strong>senserint</strong></span> <span class='ocrx_word' id='word_1_285' title='bbox 662 2166 912 2210; x_wconf 80' lang='lat' dir='ltr'><strong>fructuosum,</strong></span> <span class='ocrx_word' id='word_1_286' title='bbox 933 2166 978 2202; x_wconf 92' lang='lat' dir='ltr'><strong>de</strong></span> <span class='ocrx_word' id='word_1_287' title='bbox 995 2167 1261 2216; x_wconf 89' lang='lat' dir='ltr'><strong>omnipotentis</strong></span> <span class='ocrx_word' id='word_1_288' title='bbox 1279 2166 1347 2203; x_wconf 88' lang='lat' dir='ltr'><strong>Dei</strong></span> <span class='ocrx_word' id='word_1_289' title='bbox 1367 2164 1621 2203; x_wconf 88' lang='lat' dir='ltr'><strong>misericordia</strong></span> <span class='ocrx_word' id='word_1_290' title='bbox 1638 2169 1675 2201; x_wconf 92' lang='lat' dir='ltr'><strong>et</strong></span> <span class='ocrx_word' id='word_1_291' title='bbox 1686 2164 1886 2201; x_wconf 85' lang='lat' dir='ltr'><strong>Beatorum</strong></span> <span class='ocrx_word' id='word_1_292' title='bbox 1897 2164 1994 2201; x_wconf 88' lang='lat' dir='ltr'><strong>Petri</strong></span> 
     </span>
     <span class='ocr_line' id='line_1_32' title="bbox 465 2221 1995 2274; baseline -0.001 -14"><span class='ocrx_word' id='word_1_293' title='bbox 465 2230 499 2260; x_wconf 89' lang='lat' dir='ltr'><strong>et</strong></span> <span class='ocrx_word' id='word_1_294' title='bbox 518 2224 621 2260; x_wconf 90' lang='lat' dir='ltr'><strong>Pauli</strong></span> <span class='ocrx_word' id='word_1_295' title='bbox 636 2224 889 2274; x_wconf 85' lang='lat' dir='ltr'><strong>apostolorum</strong></span> <span class='ocrx_word' id='word_1_296' title='bbox 905 2224 984 2274; x_wconf 90' lang='lat' dir='ltr'><strong>ejus</strong></span> <span class='ocrx_word' id='word_1_297' title='bbox 1010 2225 1227 2261; x_wconf 85' lang='lat' dir='ltr'><strong>auctoritate</strong></span> <span class='ocrx_word' id='word_1_298' title='bbox 1243 2224 1394 2270; x_wconf 89' lang='lat' dir='ltr'><strong>confisi,</strong></span> <span class='ocrx_word' id='word_1_299' title='bbox 1420 2223 1595 2260; x_wconf 86' lang='lat' dir='ltr'><strong>omnibus</strong></span> <span class='ocrx_word' id='word_1_300' title='bbox 1618 2235 1702 2258; x_wconf 87' lang='lat' dir='ltr'><strong>vere</strong></span> <span class='ocrx_word' id='word_1_301' title='bbox 1718 2221 1995 2272; x_wconf 83' lang='lat' dir='ltr'><strong>poenitentibus</strong></span> 
     </span>
     <span class='ocr_line' id='line_1_33' title="bbox 463 2281 1994 2333; baseline -0.001 -14"><span class='ocrx_word' id='word_1_302' title='bbox 463 2289 498 2319; x_wconf 90' lang='lat' dir='ltr'><strong>et</strong></span> <span class='ocrx_word' id='word_1_303' title='bbox 512 2283 688 2319; x_wconf 84' lang='lat' dir='ltr'><strong>confessis</strong></span> <span class='ocrx_word' id='word_1_304' title='bbox 706 2284 771 2333; x_wconf 86' lang='lat' dir='ltr'><strong>qui</strong></span> <span class='ocrx_word' id='word_1_305' title='bbox 792 2297 901 2320; x_wconf 85' lang='lat' dir='ltr'><strong>causa</strong></span> <span class='ocrx_word' id='word_1_306' title='bbox 921 2284 1129 2321; x_wconf 87' lang='lat' dir='ltr'><strong>devotionis</strong></span> <span class='ocrx_word' id='word_1_307' title='bbox 1150 2284 1197 2320; x_wconf 91' lang='lat' dir='ltr'><strong>ad</strong></span> <span class='ocrx_word' id='word_1_308' title='bbox 1223 2284 1412 2321; x_wconf 89' lang='lat' dir='ltr'><strong>ecclesiam</strong></span> <span class='ocrx_word' id='word_1_309' title='bbox 1435 2287 1471 2320; x_wconf 89' lang='lat' dir='ltr'><strong>et</strong></span> <span class='ocrx_word' id='word_1_310' title='bbox 1497 2284 1620 2320; x_wconf 83' lang='lat' dir='ltr'><strong>locum</strong></span> <span class='ocrx_word' id='word_1_311' title='bbox 1641 2282 1822 2332; x_wconf 86' lang='lat' dir='ltr'><strong>praefatos</strong></span> <span class='ocrx_word' id='word_1_312' title='bbox 1842 2281 1880 2317; x_wconf 88' lang='lat' dir='ltr'><strong>in</strong></span> <span class='ocrx_word' id='word_1_313' title='bbox 1894 2281 1994 2318; x_wconf 79' lang='lat' dir='ltr'><strong>dicto</strong></span> 
     </span>
     <span class='ocr_line' id='line_1_34' title="bbox 465 2338 1994 2392; baseline -0.001 -16"><span class='ocrx_word' id='word_1_314' title='bbox 465 2343 554 2377; x_wconf 82' lang='lat' dir='ltr'><strong>sesto</strong></span> <span class='ocrx_word' id='word_1_315' title='bbox 573 2341 629 2377; x_wconf 89' lang='lat' dir='ltr'><strong>vel</strong></span> <span class='ocrx_word' id='word_1_316' title='bbox 649 2341 744 2377; x_wconf 87' lang='lat' dir='ltr'><strong>infra</strong></span> <span class='ocrx_word' id='word_1_317' title='bbox 763 2342 991 2392; x_wconf 90' lang='lat' dir='ltr'><strong>quindenam</strong></span> <span class='ocrx_word' id='word_1_318' title='bbox 1012 2343 1146 2379; x_wconf 85' lang='lat' dir='ltr'><strong>festum</strong></span> <span class='ocrx_word' id='word_1_319' title='bbox 1165 2342 1289 2392; x_wconf 89' lang='lat' dir='ltr'><strong>ipsum</strong></span> <span class='ocrx_word' id='word_1_320' title='bbox 1308 2341 1520 2379; x_wconf 88' lang='lat' dir='ltr'><strong>immediate</strong></span> <span class='ocrx_word' id='word_1_321' title='bbox 1539 2344 1767 2390; x_wconf 85' lang='lat' dir='ltr'><strong>sequentem,</strong></span> <span class='ocrx_word' id='word_1_322' title='bbox 1782 2339 1909 2375; x_wconf 89' lang='lat' dir='ltr'><strong>villam</strong></span> <span class='ocrx_word' id='word_1_323' title='bbox 1927 2338 1994 2376; x_wconf 88' lang='lat' dir='ltr'><strong>cir-</strong></span> 
     </span>
     <span class='ocr_line' id='line_1_35' title="bbox 463 2396 1991 2449; baseline -0.001 -15"><span class='ocrx_word' id='word_1_324' title='bbox 463 2398 672 2435; x_wconf 86' lang='lat' dir='ltr'><strong>cumeundo</strong></span> <span class='ocrx_word' id='word_1_325' title='bbox 694 2399 937 2448; x_wconf 88' lang='lat' dir='ltr'><strong>praedictam,</strong></span> <span class='ocrx_word' id='word_1_326' title='bbox 957 2413 999 2436; x_wconf 86' lang='lat' dir='ltr'><strong>ac</strong></span> <span class='ocrx_word' id='word_1_327' title='bbox 1017 2400 1054 2436; x_wconf 87' lang='lat' dir='ltr'><strong>in</strong></span> <span class='ocrx_word' id='word_1_328' title='bbox 1073 2401 1133 2437; x_wconf 88' lang='lat' dir='ltr'><strong>die</strong></span> <span class='ocrx_word' id='word_1_329' title='bbox 1152 2400 1297 2437; x_wconf 90' lang='lat' dir='ltr'><strong>veneris</strong></span> <span class='ocrx_word' id='word_1_330' title='bbox 1314 2399 1465 2449; x_wconf 87' lang='lat' dir='ltr'><strong>majoris</strong></span> <span class='ocrx_word' id='word_1_331' title='bbox 1481 2397 1710 2436; x_wconf 90' lang='lat' dir='ltr'><strong>ebdomadae</strong></span> <span class='ocrx_word' id='word_1_332' title='bbox 1732 2397 1779 2433; x_wconf 88' lang='lat' dir='ltr'><strong>ad</strong></span> <span class='ocrx_word' id='word_1_333' title='bbox 1802 2396 1991 2434; x_wconf 83' lang='lat' dir='ltr'><strong>ecclesiam</strong></span> 
     </span>
     <span class='ocr_line' id='line_1_36' title="bbox 464 2454 1991 2508; baseline -0.001 -16"><span class='ocrx_word' id='word_1_334' title='bbox 464 2457 580 2506; x_wconf 89' lang='lat' dir='ltr'><strong>ipsam</strong></span> <span class='ocrx_word' id='word_1_335' title='bbox 599 2458 833 2503; x_wconf 84' lang='lat' dir='ltr'><strong>accesserint,</strong></span> <span class='ocrx_word' id='word_1_336' title='bbox 851 2459 1042 2494; x_wconf 88' lang='lat' dir='ltr'><strong>annuatim</strong></span> <span class='ocrx_word' id='word_1_337' title='bbox 1061 2459 1230 2508; x_wconf 92' lang='lat' dir='ltr'><strong>quinque</strong></span> <span class='ocrx_word' id='word_1_338' title='bbox 1246 2471 1362 2495; x_wconf 89' lang='lat' dir='ltr'><strong>annos</strong></span> <span class='ocrx_word' id='word_1_339' title='bbox 1381 2463 1417 2494; x_wconf 90' lang='lat' dir='ltr'><strong>et</strong></span> <span class='ocrx_word' id='word_1_340' title='bbox 1438 2458 1606 2507; x_wconf 89' lang='lat' dir='ltr'><strong>quinque</strong></span> <span class='ocrx_word' id='word_1_341' title='bbox 1623 2454 1894 2506; x_wconf 79' lang='lat' dir='ltr'><strong>quadragenas,</strong></span> <span class='ocrx_word' id='word_1_342' title='bbox 1913 2454 1991 2491; x_wconf 91' lang='lat' dir='ltr'><strong>sin-</strong></span> 
     </span>
    </p>
   </div>
   <div class='ocr_carea' id='block_1_3' title="bbox 2156 1830 2184 2889">
    <p class='ocr_par' dir='ltr' id='par_1_3' title="bbox 2156 1830 2184 2889">
     <span class='ocr_line' id='line_1_37' title="bbox 2156 1830 2184 2889; baseline 0 0"><span class='ocrx_word' id='word_1_343' title='bbox 2156 1830 2184 2889; x_wconf 95' lang='lat' dir='ltr'><strong> </strong></span> 
     </span>
    </p>
   </div>
  </div>
 </body>
</html>
