2184 3074
4 2858 30 3074 3⁶3&fo
8 2803 22 2854 *ss-f
8 2734 15 2797 *ἀῶ
7 2442 27 2727 νην-*Μ
15 2391 21 2403 2„
19 2381 23 2386 ,
24 2324 26 2330 ⁴
19 2204 23 2214 Α

43 2267 51 2274 .

754 318 912 355 CODEX
943 318 1187 356 DUNENSlS.
1659 324 1699 360 51
1708 324 1732 360 9

198 434 299 471 modi
328 438 449 471 autem
476 446 602 484 pacem
629 434 942 481 confirmandam3
971 435 1217 472 roborandam
1245 440 1355 486 atquc
1385 438 1600 475 servandam
1636 439 1728 476 inl'ra

198 496 345 543 tempus
373 491 476 542 quod
510 491 728 529 duxerimus
757 492 1043 537 moderandum,
1075 493 1260 544 praefatus
1291 508 1353 531 rex
1386 495 1537 546 Angliae
1566 510 1729 534 sororem

195 549 285 588 dicti
300 549 394 600 regis
413 549 592 587 Franciae
610 549 773 600 recipere
791 564 833 587 ac
850 550 1005 595 ducere,
1019 564 1103 588 cum
1119 551 1287 589 dotalitio
1303 552 1365 590 XV
1386 553 1530 591 milium
1549 554 1728 593 librarum

195 608 487 647 Turonensium.
516 608 554 645 in
582 622 752 651 uxorem„
776 613 812 646 et
838 609 935 646 idem
958 622 1022 647 rex
1047 609 1223 646 Franciae
1244 610 1410 648 eamdem
1433 625 1596 650 sororem
1623 628 1727 651 snam

195 666 315 705 eidem
341 667 600 718 regLAngliae
621 667 659 704 in
684 680 839 704 uxorem
864 667 950 704 dare
979 674 1014 705 ct
1043 668 1184 705 tradere
1211 682 1294 706 cum
1322 670 1596 721 dispensatione
1622 673 1727 710 Sedis

197 726 428 777 Apostolicae
450 731 656 771 teneanturz,
682 726 860 777 quodque
879 727 961 764 talis
985 728 1058 764 tilia
1083 728 1273 778 praelibati
1300 729 1395 779 regis
1421 729 1610 774 Franciac,
1633 745 1728 782 quae

195 785 290 822 infra
307 797 447 822 annum
468 789 683 836 septennem
703 785 841 822 dicitur
855 785 1065 831 constituta„
1083 799 1150 823 suo
1169 791 1333 837 tempore
1355 787 1415 825 tali
1436 788 1612 839 praedicti
1633 791 1727 840 regis

195 844 348 895 Angliae
367 844 464 891 filio,
482 845 548 896 qui
564 843 642 894 jam
661 844 746 882 Xlll
764 845 891 882 aetatis
909 858 996 882 suae
1018 858 1157 882 annum
1181 845 1315 897 exegit,
1337 859 1422 883 cum
1441 847 1552 884 simili
1575 848 1727 899 dispen-

196 903 338 941 satione
365 903 688 941 matrimonialiter
712 916 797 940 cum
823 903 993 940 dotalitio
1017 903 1132 941 XVlll
1159 904 1302 941 milium
1329 905 1507 943 librarum
1532 906 1728 944 Turonen-

192 962 306 1009 sium3
338 963 451 1015 idque
482 963 652 1000 firmetur
679 968 792 1014 atque
822 963 979 1000 valletur
1010 976 1158 1000 exnunc
1190 964 1309 1002 modis
1340 965 1495 1003 inferius
1523 967 1725 1013 annotatis,

195 1021 365 1059 videlicet
383 1022 486 1073 quod
507 1022 604 1060 idem
625 1035 689 1059 rex
717 1021 871 1073 Angliae
889 1035 956 1073 pro
977 1022 1055 1059 filio
1077 1036 1158 1067 suoq
1188 1023 1361 1074 idemque
1379 1024 1477 1061 filius
1495 1038 1563 1076 pro
1584 1039 1638 1068 se,
1659 1026 1724 1077 qui

194 1081 240 1118 ad
259 1080 331 1119 boc
347 1081 594 1120 sufficientem
614 1082 724 1120 habet
741 1085 914 1127 aetatem,
931 1082 1150 1120 contrahant
1169 1084 1350 1134 sponsalia
1372 1084 1557 1135 praedicta
1575 1098 1725 1123 eornm-

194 1139 279 1177 dem
298 1139 393 1191 regis
411 1145 447 1177 et
470 1140 536 1177 filii
553 1140 776 1190 juramentis
795 1140 993 1186 firmanda3
1011 1146 1046 1178 et
1070 1155 1133 1178 rex
1161 1142 1334 1179 Franciae
1355 1143 1506 1179 nominc
1524 1143 1621 1180 tiliae
1638 1157 1724 1180 suae

195 1198 404 1247 praedictae
421 1198 616 1236 contrabat
636 1198 854 1249 hujusmodi
881 1199 1067 1250 sponsalia
1086 1213 1154 1250 pro
1172 1201 1308 1237 eadem.
1329 1200 1430 1248 Quae
1454 1205 1490 1237 ut
1512 1201 1630 1237 valida
1650 1202 1725 1238 sint

193 1260 230 1293 et
246 1256 371 1303 firma,
389 1257 579 1303 volumus,
593 1257 754 1294 dicimus
774 1261 810 1294 et
825 1257 1052 1294 arbitramur
1065 1258 1165 1308 quod
1187 1271 1249 1294 rex
1268 1258 1442 1295 Franciae
1456 1258 1639 1309 promittat
1660 1273 1725 1310 per

188 1314 443 1364 ¹iuramentum
473 1315 576 1366 quod
599 1315 678 1366 ipse
700 1315 738 1352 in
763 1315 926 1352 animam
953 1329 1056 1353 suam
1086 1316 1303 1366 praestabit.
1331 1316 1471 1353 tradere
1500 1316 1722 1367 praedictam

193 1371 306 1410 filiam
332 1386 437 1410 suam
465 1373 655 1424 praedicto
683 1373 817 1425 nuptui
850 1379 1017 1425 tempore
1045 1387 1120 1425 quo
1145 1374 1405 1411 concordatum
1438 1374 1598 1411 extiterit
1629 1375 1724 1412 inter

194 1431 293 1482 ipsos
309 1432 366 1468 vel
385 1445 452 1482 per
470 1445 537 1470 nos
555 1432 776 1470 arbitratum
802 1433 910 1470 suerit
929 1433 987 1470 vel
1010 1433 1217 1478 laudatum‚
1239 1446 1306 1483 pro
1330 1432 1468 1483 quibus
1493 1432 1723 1469 attendendis

193 1490 350 1529 tirmiter
371 1496 408 1528 et
431 1491 591 1528 fideliter
613 1492 863 1543 adimplendis
888 1493 1065 1537 dicimus,
1086 1492 1277 1529 laudamus
1303 1496 1339 1528 et
1366 1492 1591 1528 arbitramur
1619 1493 1720 1543 quod

193 1548 256 1587 tali
282 1562 399 1600 poena
421 1550 643 1601 apponenda
666 1550 836 1588 firmetur
859 1555 895 1588 et
911 1551 959 1587 ab
987 1555 1143 1601 utraque
1165 1555 1266 1601 parte
1289 1550 1467 1600 promissa
1492 1554 1525 1586 et
1545 1550 1720 1587 solvenda

193 1607 351 1646 valletur
369 1608 464 1659 parti
479 1609 623 1660 parenti
643 1623 662 1646 a
686 1615 789 1661 parte
807 1623 882 1647 non
902 1615 1053 1661 parente
1072 1610 1118 1646 ita
1139 1609 1239 1660 quod
1260 1609 1447 1659 negotium
1469 1609 1564 1646 istud
1585 1609 1622 1646 in
1643 1615 1721 1646 tuto

193 1672 354 1717 ponatur
373 1671 409 1704 et
425 1671 547 1718 partes
561 1668 606 1704 ad
621 1667 700 1718 ejus
715 1668 863 1706 finalem
882 1668 1135 1705 executionem
1155 1667 1338 1705 efficacius
1354 1667 1594 1713 inducantur,
1614 1667 1720 1717 cujus

193 1738 334 1776 poenae
348 1723 634 1777 promissionem
655 1732 691 1764 et
712 1727 977 1777 obligationem
999 1726 1194 1763 efficaciter
1213 1726 1331 1762 valere
1351 1725 1523 1762 volumus
1541 1730 1577 1761 et
1594 1725 1722 1761 decer-

193 1785 319 1823 nimus
335 1798 378 1822 ac
397 1791 535 1833 tenere⁷
556 1799 630 1823 non
650 1786 884 1824 obstantibus
907 1786 1056 1836 juribus
1075 1799 1170 1836 quae
1189 1798 1254 1836 pro
1275 1785 1440 1821 libertate
1466 1784 1722 1820 matrimonio—

193 1857 276 1881 rum
303 1843 518 1894 hujusmodi
543 1858 681 1896 poenas
706 1845 893 1890 inhibent,
919 1858 1014 1895 quae
1041 1858 1085 1881 ex
1108 1849 1204 1881 certa
1234 1843 1383 1880 scicntia
1407 1855 1474 1894 pro
1495 1848 1595 1879 tanto
1623 1843 1721 1880 bono

194 1901 357 1941 tollimus
377 1902 414 1940 in
442 1903 514 1940 hoc
531 1916 628 1941 casu.
651 1903 835 1941 Addentes
854 1903 1098 1940 nihilominus
1126 1902 1226 1953 quod
1255 1915 1354 1953 reges
1373 1901 1549 1952 praedicti
1577 1901 1720 1952 aliquos

193 1960 239 1997 de
252 1954 457 1999 baronibus
475 1962 552 1999 suis
571 1962 810 1999 notabiliores
827 1975 894 2013 per
909 1962 1118 2011 juramenta
1138 1961 1271 1997 faciant
1288 1960 1452 2010 obligare
1469 1960 1513 1995 ml
1535 1961 1717 2010 sponsalia

190 2019 376 2069 praedicta
395 2025 430 2056 et
460 2020 695 2057 matrimonia
714 2020 899 2071 praedicta
918 2026 953 2057 et
979 2019 1178 2057 attollenda
1204 2018 1464 2069 impedimenta
1493 2030 1559 2067 pro
1576 2018 1719 2055 viribus

192 2090 290 2129 quae
302 2083 452 2129 possent
469 2079 565 2116 circa
580 2079 652 2116 hoc
668 2080 724 2116 vel
745 2084 871 2116 contra
892 2079 981 2116 haec
996 2078 1164 2115 inveniri.
1186 2077 1281 2125 Quia
1302 2089 1387 2113 vero
1411 2076 1593 2126 sponsalia
1614 2089 1721 2126 prae-

193 2137 290 2175 dicta
320 2142 422 2174 tanto
452 2138 612 2188 amplius
641 2138 893 2176 desideramus
925 2138 1059 2175 babere
1097 2137 1237 2174 felicem
1274 2136 1442 2172 effectum
1474 2141 1509 2172 et
1538 2136 1721 2172 efficacem

192 2201 383 2243 eventum,
401 2202 542 2247 quanto
561 2210 628 2248 per
641 2197 710 2234 boc
723 2197 914 2248 probatur,
927 2197 1128 2240 credinms,
1144 2208 1269 2246 pacem
1287 2194 1508 2244 praedictam
1525 2194 1667 2231 firmius
1685 2200 1721 2230 et

195 2254 341 2292 fidelius
358 2254 545 2292 observari
557 2284 567 2302 ,
585 2268 656 2306 pro
671 2261 772 2293 tanto
792 2256 892 2306 pacis
911 2255 1010 2292 bono
1035 2253 1269 2291 decernimus
1292 2252 1507 2289 auctoritate
1524 2252 1723 2302 apostolica

192 2313 295 2366 quod
320 2318 414 2350 terra
438 2313 538 2351 illius
565 2315 661 2365 regis
685 2314 790 2365 cujus
813 2315 920 2365 culpa
947 2314 1001 2350 vel
1030 2312 1168 2349 malitia
1192 2310 1331 2348 steterit
1352 2310 1553 2362 quominus
1577 2315 1724 2347 contra-

194 2373 330 2410 hantur
363 2371 548 2422 sponsalia
577 2373 761 2423 praedicta
792 2377 827 2409 rt
858 2370 1134 2408 matrimonium
1161 2373 1452 2413 consummetur,
1480 2367 1725 2405 ecclesiastico

196 2430 384 2480 sub-iaceat
410 2429 623 2475 interdicto,
649 2430 718 2467 nisi
743 2443 854 2480 super
874 2430 942 2466 hoc
970 2428 1167 2479 requisitus
1187 2426 1370 2477 praedicta
1390 2439 1473 2462 cnm
1493 2425 1622 2461 effectu
1642 2438 1725 2462 cor—
