2184 3074
748 314 908 353 CODEX
936 315 1171 354 DUNENSIS
1666 320 1678 356 l
1694 320 1739 356 15

194 438 316 473 autem
336 433 508 471 humanis
530 432 736 484 praesidiis.
755 432 855 470 Alibi
877 438 1059 471 vocantur
1077 434 1152 471 duo
1171 434 1369 471 luminaria
1391 447 1542 486 magna,
1560 435 1656 472 sicut
1680 437 1735 473 sol

194 497 230 530 et
254 493 360 540 luna,
387 496 423 530 et
449 492 546 530 sieut
571 504 704 529 aurum
731 495 786 529 est
811 491 1032 541 praetiosius
1059 492 1214 542 plumbo
1237 497 1274 529 et
1296 492 1350 530 sol
1372 493 1459 530 luna
1483 493 1664 539 nobilior,
1696 507 1737 531 ac

193 551 320 589 divina
346 551 500 589 terrenis
522 550 708 588 nobiliora
735 563 799 587 seu
830 550 1020 601 digniora,
1050 551 1104 588 sic
1131 551 1367 588 sacerdotalis
1398 551 1560 602 dignitas
1586 552 1734 590 excedit

193 611 368 662 regalem,
392 614 428 647 et
445 610 570 647 minor
583 622 658 647 non
678 609 790 647 habet
803 609 974 659 judicare
992 609 1169 659 majorem
1193 611 1380 647 nolentem
1404 615 1441 648 et
1460 611 1631 648 invitum.
1652 612 1731 650 Rex

191 683 280 720 ergo
290 669 498 707 sacerdotes
513 668 648 706 invitos
667 672 703 706 et
716 673 924 715 renuentes,
947 682 1031 706 eum
1047 682 1115 706 suo
1130 669 1288 720 imperio
1303 682 1378 707 non
1393 669 1559 717 subsint,
1573 670 1620 707 ad
1639 670 1732 708 sub-

194 727 406 765 ventionem
432 727 655 778 compellere
674 739 750 764 non
773 726 903 771 habet,
931 740 1016 763 cum
1035 740 1092 764 res
1111 727 1377 765 ecclesiasticae
1397 728 1473 765 sint
1491 728 1732 766 mortificatae

193 789 230 823 et
256 798 277 823 a
305 785 499 837 temporali
526 785 790 836 jurisdictione
819 789 1027 836 exemptae,
1047 789 1083 822 et
1104 798 1190 822 cum
1213 785 1310 822 dicta
1335 786 1532 823 subventio
1563 791 1732 824 naturam

191 844 310 895 sapiat
327 844 503 882 decimae.
527 844 582 881 De
602 843 743 895 quibus
766 857 830 882 rex
853 857 892 881 se
913 856 986 881 non
1010 843 1121 881 habet
1142 844 1399 881 intromittere.
1429 844 1502 882 Pro
1524 844 1596 882 hiis
1619 844 1732 882 indu-

191 906 329 939 cuntur
349 902 434 952 jura
462 902 502 939 in
526 902 731 949 autentico,
754 907 822 939 etc.
844 902 1035 939 Praeterea
1062 901 1161 939 filius
1183 902 1300 953 magis
1326 907 1472 939 tenetur
1497 903 1591 953 patri
1618 916 1730 954 quam

191 960 364 998 subditus
379 960 561 1011 principi,
575 960 672 998 sicut
685 960 744 997 lex
758 960 850 997 dicit
865 960 967 1010 quod
984 960 1083 997 filius
1098 973 1172 997 non
1193 964 1338 997 tenetur
1355 965 1496 1011 patrem
1517 961 1732 999 alimentare

191 1019 222 1056 si
240 1023 347 1070 pater
363 1019 402 1056 in
423 1019 534 1056 bonis
552 1019 685 1056 habeat
706 1019 806 1056 unde
820 1019 937 1070 possit
949 1019 1175 1065 alimentari,
1194 1033 1279 1056 cum
1295 1023 1417 1056 tamen
1432 1019 1729 1056 alimentatorum

191 1069 300 1115 caus'a
315 1077 364 1115 sit
379 1077 488 1114 valde
500 1077 726 1115 favorabilis.
749 1078 846 1128 Ergo
862 1078 985 1115 minus
1003 1082 1147 1115 tenetur
1161 1078 1333 1115 subditus
1347 1077 1528 1128 principi,
1542 1077 1612 1115 nisi
1628 1078 1731 1128 prius

191 1135 430 1182 facultatibus
448 1136 629 1187 principis
647 1137 827 1181 exeussis3
846 1141 998 1187 propter
1017 1136 1087 1173 lioc
1102 1136 1301 1173 inducatur
1317 1136 1394 1182 lex,
1412 1141 1479 1173 etc.

242 1194 433 1232 Praeterea
451 1195 522 1232 viri
537 1195 773 1233 ecclesiastici
792 1196 838 1233 ad
857 1195 1134 1246 impositionem
1154 1208 1229 1232 non
1248 1199 1336 1232 sunt
1353 1193 1565 1244 obligandi,
1585 1194 1673 1244 quia
1693 1192 1729 1230 id

188 1265 387 1303 possumus
411 1253 515 1304 quod
541 1254 737 1291 commode
762 1267 979 1305 possumus3
1005 1254 1087 1300 sed,
1115 1254 1144 1291 si
1174 1257 1317 1290 tantum
1344 1266 1440 1290 onus
1467 1252 1684 1302 impositum
1709 1265 1729 1288 a

191 1310 346 1348 domino
362 1325 447 1362 rege
460 1312 586 1349 subire
602 1317 833 1358 tenerentur,
849 1326 917 1350 nec
931 1313 1163 1350 incurrerent
1177 1311 1504 1362 transgressionem
1516 1311 1730 1360 juramenti,

190 1368 279 1419 quia
298 1369 425 1406 multis
443 1369 692 1408 creditoribus
717 1375 891 1408 tenentur
917 1370 1106 1421 religionis
1126 1371 1340 1420 juramento
1366 1369 1506 1420 quibus
1524 1369 1731 1406 satisfacere

190 1439 266 1463 non
282 1431 452 1477 possent,
471 1431 507 1464 et
523 1428 583 1465 lex
601 1428 694 1466 dicit
712 1444 719 1466 :
740 1429 770 1467 si
789 1429 965 1467 dominus
984 1429 1021 1466 in
1040 1428 1247 1480 perjurium
1267 1427 1416 1473 incidit,
1443 1427 1530 1478 quia
1548 1426 1635 1463 dare
1654 1439 1729 1463 non

189 1485 308 1523 valeat
325 1486 428 1536 quod
451 1486 658 1536 juraverat,
680 1488 710 1525 si
737 1488 898 1525 vasallus
918 1501 1003 1525 eum
1023 1501 1088 1525 sua
1107 1487 1264 1538 pecunia
1289 1486 1580 1537 liberare-possit
1596 1490 1631 1522 et
1654 1499 1728 1522 non

189 1542 313 1589 faciat,
342 1544 493 1582 feodum
522 1546 690 1583 amittere
715 1546 839 1593 debet,
862 1551 899 1584 et
920 1547 1016 1584 sicut
1042 1546 1201 1584 vasallus
1225 1550 1369 1582 tenetur
1392 1545 1561 1589 domino,
1587 1544 1635 1581 ita
1660 1543 1730 1580 ‹lo-

190 1601 315 1639 minus
333 1603 483 1640 vasallo.
503 1604 583 1642 Rex
600 1618 688 1655 ergo
705 1618 792 1642 suos
810 1605 970 1642 feodales
987 1605 1115 1642 saltem
1131 1618 1151 1641 a
1166 1604 1317 1641 vinculo
1331 1603 1533 1653 juramenti
1548 1615 1624 1654 quo
1643 1606 1731 1639 sunt

189 1661 378 1698 constricti
397 1674 464 1698 sua
482 1663 640 1712 pecunia
658 1663 815 1701 liberare
839 1664 967 1709 debet,
990 1676 1075 1700 cum
1095 1663 1227 1713 possit,
1253 1662 1360 1700 aliter
1379 1662 1466 1711 jura
1488 1660 1730 1711 subjectionis

188 1719 357 1757 amittere
372 1720 491 1758 debet.
510 1722 567 1759 Ad
582 1722 652 1759 hoc
668 1723 901 1760 inducuntur
910 1724 1006 1773 jura,
1021 1728 1088 1760 etc.
1102 1723 1296 1773 Propterea
1310 1722 1340 1759 si
1355 1722 1401 1758 ad
1415 1721 1553 1758 dictam
1567 1720 1731 1757 subven-

189 1777 327 1814 tionem
359 1783 572 1817 tenerentur
600 1782 806 1819 sacerdotes
837 1787 873 1819 et
901 1782 1050 1827 elerici,
1082 1786 1321 1819 censerentur
1346 1780 1476 1818 ceteris
1512 1779 1729 1816 hominibus

189 1835 384 1874 deterioris
402 1838 644 1886 conditionis,
669 1846 704 1877 et
726 1845 944 1891 sequeretur
968 1840 1256 1891 inexpugnabile
1280 1839 1411 1875 vitium
1432 1838 1534 1888 quod
1554 1837 1624 1874 sub
1646 1850 1730 1886 rege

189 1893 500 1934 christianissimo
525 1899 731 1936 sacerdotes
753 1899 885 1936 durius
908 1903 1153 1936 tractarentur
1180 1911 1294 1948 quam
1321 1897 1391 1934 sul)
1414 1909 1497 1946 rege
1524 1896 1728 1939 Pharaone,

189 1952 259 1989 sub
284 1967 361 2003 quo
386 1956 562 1994 omnibus
586 1958 754 1995 servituti
779 1958 955 2008 subjectis
981 1958 1049 1996 soli
1073 1957 1280 1995 sacerdotes
1301 1961 1482 1992 eteorum
1507 1955 1603 1991 bona
1626 1958 1730 1990 erant

187 2010 355 2049 libertate
380 2013 519 2052 donati.
551 2016 728 2067 Exempla
751 2017 797 2053 de
823 2017 1058 2054 immunitate
1090 2029 1165 2052 non
1197 2015 1331 2051 minus.
1362 2014 1558 2063 Propterea
1585 2012 1614 2049 si
1647 2011 1729 2048 talis

187 2070 331 2107 exactio
350 2084 445 2110 nova
467 2073 618 2111 deberet
643 2080 679 2112 et
706 2080 826 2125 posset
844 2076 923 2112 fieri
949 2076 1076 2126 aliquo
1105 2074 1236 2119 modo,
1262 2073 1473 2110 nullatenus
1503 2075 1625 2121 posset
1649 2070 1727 2106 lieri

188 2127 336 2165 summo
362 2131 538 2180 pontifice
565 2132 787 2174 inconsulto.
819 2134 1004 2171 Probatur
1031 2134 1109 2183 lege
1136 2133 1173 2168 in
1205 2131 1317 2169 simili
1347 2143 1442 2181 quae
1465 2128 1556 2165 dicit
1580 2128 1609 2165 si
1637 2127 1729 2164 adeo

188 2186 310 2224 tenuis
330 2188 377 2224 sit
394 2190 512 2239 patria
536 2192 638 2242 quod
660 2192 800 2229 auxilio
819 2191 1112 2229 extraordinario
1139 2190 1322 2239 indigeat,
1347 2201 1492 2239 praeses
1517 2186 1730 2238 provinciae

186 2243 384 2295 diligenter
400 2248 556 2286 audiens
573 2250 771 2287 utilitatem
790 2263 1027 2287 communem
1043 2250 1174 2287 referet
1188 2247 1368 2298 principi,
1389 2245 1607 2283 auctoritate
1621 2245 1729 2294 eujus

184 2303 367 2342 auxilium
385 2307 722 2346 extraordinarium
742 2309 852 2346 debet
869 2308 1055 2354 ordinari,
1082 2308 1135 2345 sie
1159 2307 1196 2343 in
1217 2302 1612 2347 rebuseeclesiasticis
1634 2316 1727 2339 nova

185 2362 327 2399 exactio
344 2365 538 2403 statuenda
556 2379 631 2403 non
649 2372 704 2404 est
722 2367 933 2405 inconsulto
952 2379 1099 2404 summo
1118 2364 1316 2416 pontifice,
1335 2367 1370 2400 et
1391 2363 1421 2400 si
1440 2361 1486 2398 ad
1505 2361 1616 2398 talem
1636 2360 1728 2398 sub-

184 2421 396 2459 ventionem
416 2425 671 2475 perangariam
690 2426 862 2463 ecclesiae
881 2430 1084 2471 teneantur,
1110 2435 1290 2475 pauperes
1309 2425 1419 2458 erunt
1435 2419 1600 2456 desolati.

1531 2479 1576 2515 13
