2184 3074
6 2517 10 2535 -‹
5 2490 12 2506 ν
5 2381 17 2475 ἰ--Ἶτσκι
3 2087 18 2372 foe-v-az-mz-„xrz
4 2056 13 2064 ε

756 323 918 362 CODEX
943 323 1189 362 DUNENSlS.
1669 328 1738 366 1¹9

201 457 343 491 semus,
372 445 403 482 si
434 444 602 496 requisiti
635 457 814 491 essemus,
842 445 1035 492 instanter,
1068 449 1110 482 ut
1140 449 1234 482 esset
1257 458 1483 496 congruum,
1506 451 1633 485 contra
1657 447 1738 484 illos

201 502 402 553 procedere
426 503 646 541 auctoritate
659 503 880 554 apostolica,
900 507 1043 540 motum
1058 516 1123 540 seu
1145 503 1385 541 temeritatem
1402 503 1617 554 hujusmodi
1637 518 1739 543 com-

200 561 395 612 pescendo.
411 561 486 600 Nos
509 575 596 613 ergo
617 562 684 614 qui
702 562 921 600 auctoritate
935 562 1139 612 apostolica
1164 562 1261 599 inter
1278 567 1438 601 caeteros
1464 569 1738 601 conservatores

200 623 237 657 et
252 619 464 659 defensores
473 619 618 670 jurium
637 620 920 658 cistercensium
940 620 1234 671 praedictorum,
1251 620 1297 657 de
1310 621 1449 671 quibus
1469 621 1612 659 notorie
1630 622 1738 659 nobis

201 683 363 726 constat,
377 683 418 716 ut
430 692 542 730 supra
555 679 741 726 diximus,
759 679 925 730 deputati
945 679 1138 716 existimus
1159 683 1199 715 ut
1217 679 1414 730 praedictis
1433 680 1738 718 Cisterciensibus

200 738 413 776 assistamus
442 738 598 775 viriliter
630 738 667 775 in
699 738 910 789 praemissis
938 742 974 774 et
1003 737 1179 775 omnibus
1211 751 1250 774 ea
1283 738 1600 789 contingentibus,
1631 739 1737 777 vobis

200 795 376 833 omnibus
396 800 432 832 et
457 795 613 846 singulis
636 796 674 833 in
699 796 836 833 virtute
863 800 1009 832 sanctae
1033 795 1267 832 obedientiae
1288 801 1324 832 et
1345 797 1415 833 sub
1441 811 1559 848 poena
1580 811 1738 848 suspen·

198 853 314 892 sionis
339 858 374 891 et
404 854 800 891 excommunicationis
827 867 922 903 quos
947 853 993 890 ad
1026 853 1140 890 nostri
1173 853 1429 891 executionem
1460 855 1622 892 mandati
1650 868 1735 892 cum

199 913 391 962 diligentia
411 918 447 950 et
463 913 654 963 vigilantia
673 912 881 964 exequendi
906 913 1044 963 primo,
1068 912 1232 949 secundo
1255 918 1290 949 et
1313 913 1420 950 tertio
1440 913 1476 950 in
1502 913 1573 951 hiis
1591 914 1737 965 scriptis

199 984 395 1009 monemus
422 972 451 1009 si
478 972 516 1009 in
543 972 631 1009 dict-i
655 972 873 1009 executione
895 971 1059 1009 mandati
1085 971 1310 1022 negligentes
1339 973 1482 1009 fueritis
1510 974 1565 1010 vel
1595 973 1735 1010 remissi

199 1029 378 1067 fuerimus
392 1030 488 1067 sicut
501 1030 692 1081 congruit,
707 1029 970 1080 praecipiendo
985 1030 1205 1067 mandamus
1223 1036 1407 1080 quatenus
1431 1031 1511 1067 vice
1530 1036 1653 1068 nostra
1671 1045 1734 1068 seu

196 1086 321 1139 potius
340 1087 540 1138 apostolica
558 1087 773 1125 accedentes
798 1088 1041 1139 personaliter
1063 1087 1127 1125 ubi
1151 1093 1302 1138 propter
1326 1088 1395 1126 hoc
1422 1089 1533 1126 fuerit
1558 1090 1737 1126 acceden-

198 1147 309 1193 dum,
341 1159 426 1183 eum
450 1145 619 1196 requisiti
647 1145 790 1183 fueritis
821 1146 867 1182 de
897 1158 1044 1183 accessu
1073 1145 1287 1195 hujusmodi
1322 1146 1509 1193 faciendo,
1537 1147 1734 1185 inhibeatis

198 1205 270 1244 sub
301 1205 513 1243 testimonio
542 1205 764 1256 competenti
792 1204 968 1242 omnibus
995 1210 1030 1241 et
1055 1205 1229 1255 singulis,
1259 1205 1516 1255 cujuscunque
1546 1206 1735 1256 dignitatis

198 1265 256 1301 vel
274 1268 390 1303 status
403 1264 580 1310 existant,
600 1263 834 1315 simplicibus
853 1276 1005 1314 quoque
1022 1263 1248 1314 presbyteris
1262 1267 1298 1299 et
1315 1263 1514 1313 capellanis
1528 1268 1563 1300 et
1576 1264 1736 1315 quibus-

199 1335 348 1374 cunque
375 1322 477 1367 aliis,
503 1322 580 1360 sive
603 1322 679 1360 sint
704 1322 827 1360 clerici
856 1322 932 1359 sive
959 1321 1075 1371 layci,
1101 1321 1262 1372 religiosi
1294 1322 1351 1358 vel
1384 1334 1458 1358 non
1488 1322 1667 1373 religiosi,
1690 1323 1736 1359 de

197 1381 338 1432 quibus
359 1381 502 1419 fueritis
525 1382 711 1432 requisiti,
739 1394 784 1418 ne
812 1385 939 1418 contra
966 1381 1194 1418 voluntatem
1221 1386 1256 1417 et
1280 1380 1485 1418 libertatem
1514 1381 1662 1418 illorum
1690 1382 1735 1418 de

196 1439 345 1478 Thosan
373 1440 411 1477 in
430 1440 706 1478 adversantium
730 1440 782 1478 eis
804 1439 1002 1477 consilium
1028 1439 1084 1476 vel
1111 1439 1274 1476 savorem
1292 1439 1338 1476 ad
1362 1439 1485 1476 locum
1505 1439 1734 1490 praedictum

196 1498 244 1536 de
263 1498 487 1537 Pulsebroee
505 1499 700 1544 accedant,
727 1498 756 1536 si
781 1511 933 1550 quoque
956 1498 1176 1536 accesserint
1196 1498 1262 1544 ita,
1285 1511 1331 1535 ne
1350 1498 1439 1549 ipsi,
1458 1498 1547 1535 dum
1566 1498 1612 1535 de
1634 1512 1734 1535 rece-

195 1557 319 1596 dendo
344 1557 484 1595 suerint
509 1558 695 1608 requisiti,
721 1561 953 1604 remaneant,
977 1557 1041 1595 sed
1067 1556 1221 1594 indilate
1241 1557 1415 1594 recedant
1436 1558 1500 1594 ubi
1523 1563 1557 1594 et
1581 1558 1733 1608 quando

149 1645 155 1650 .
196 1616 313 1667 aliqui
333 1616 494 1667 religiosi
513 1617 571 1654 vel
589 1616 651 1653 alii
670 1616 786 1654 velint
810 1620 938 1653 contra
962 1615 1170 1653 libertatern
1195 1620 1231 1652 et
1251 1616 1478 1653 voluntatem
1502 1616 1667 1667 ipsorum
1687 1616 1733 1652 de

195 1674 344 1712 Thosan
372 1675 418 1712 de
447 1675 547 1712 dicto
579 1688 729 1712 nemore
751 1675 977 1726 quicquam,
1008 1675 1179 1712 arborem
1214 1688 1278 1711 seu
1310 1674 1478 1720 arbores,
1509 1688 1652 1711 ramum
1676 1675 1731 1711 vel

197 1746 320 1774 ramos
350 1734 479 1771 tollere
504 1734 562 1771 vel
593 1734 737 1771 auferre
767 1733 918 1770 nomine
947 1732 1117 1770 decimali
1149 1733 1205 1769 vel
1234 1732 1304 1769 alia
1337 1732 1478 1770 ratione
1510 1746 1734 1784 quacunque

196 1797 325 1830 contra
342 1793 549 1831 libertatem
569 1793 813 1844 praedictam,
828 1806 870 1830 ac
889 1793 972 1830 illos
991 1806 1120 1830 omnes
1138 1797 1174 1829 et
1187 1790 1353 1842 s‘ingulos
1367 1792 1506 1843 quibus
1521 1792 1618 1829 dicta
1634 1791 1734 1828 inlui-

195 1851 290 1890 bitio
320 1852 413 1889 sacta
439 1852 566 1899 fuerit,
589 1852 769 1889 moneatis
799 1851 992 1897 canonice,
1019 1856 1060 1888 ut
1085 1864 1216 1902 supra,
1244 1864 1289 1887 ne
1316 1856 1443 1887 eontra
1471 1850 1731 1887 inhibitionem

195 1923 293 1962 quae
310 1911 400 1962 ipsis
419 1912 511 1948 facta
531 1911 656 1958 suerit,
675 1911 878 1962 quicquam
898 1911 1016 1947 facere
1034 1910 1089 1947 vel
1110 1914 1344 1960 attemptare,
1363 1910 1418 1946 vel
1441 1904 1558 1946 facere
1575 1914 1733 1958 attemp-

198 1970 266 2008 tari
290 1975 493 2021 procurent
512 1971 569 2007 vel
591 1970 746 2016 faciant,
773 1974 951 2020 tanquam
972 1969 1170 2020 praedictis
1195 1968 1478 2005 adversantibus
1503 1968 1541 2004 in
1560 1967 1732 2003 adversa-

198 2029 299 2066 tione
329 2028 545 2079 buJusmodi
581 2028 818 2066 consentanei
856 2028 912 2065 vel
943 2027 1086 2064 ratione
1119 2040 1344 2078 quacunque
1377 2025 1574 2063 efficaciter
1604 2030 1734 2062 curent

197 2087 367 2125 assistere
394 2088 451 2125 vel
482 2101 611 2125 eorum
647 2087 892 2138 praesentiam
927 2086 1105 2124 adhibere
1135 2085 1346 2123 volentibus
1378 2089 1503 2121 contra
1539 2083 1657 2120 dictos
1687 2083 1732 2120 de

198 2147 346 2185 Thosan
365 2146 403 2183 in
422 2146 633 2197 praemissis
647 2146 790 2197 aliquid
804 2150 1032 2196 attemptare.
1051 2144 1123 2182 Vos
1142 2145 1252 2181 etiam
1271 2156 1399 2180 omnes
1415 2148 1450 2179 et
1467 2142 1633 2191 singulos
1651 2147 1734 2192 post

198 2205 462 2243 inhibitionem
478 2210 514 2243 et
531 2205 774 2243 monitionem
794 2205 1002 2256 praedictos
1016 2203 1170 2241 rebelles
1187 2202 1330 2240 notorie
1348 2215 1412 2238 seu
1431 2214 1506 2237 non
1520 2199 1734 2237 obedientes

199 2263 246 2301 ad
265 2264 418 2314 plenum
430 2293 439 2310 ,
455 2268 496 2300 ut
512 2264 703 2315 congruit,
722 2264 811 2315 quia
831 2277 897 2301 nos
916 2263 999 2300 illos
1016 2276 1061 2299 ex
1081 2275 1181 2299 nunc
1200 2266 1242 2298 ut
1260 2265 1396 2297 extunc
1413 2259 1462 2297 ob
1480 2272 1584 2296 suam
1601 2264 1734 2296 contu-

200 2322 357 2359 maciam
385 2335 448 2359 seu
484 2322 775 2360 inobedientiam
808 2321 1193 2365 excommunicamus,
1228 2319 1265 2356 in
1302 2318 1374 2355 hiis
1405 2317 1552 2368 seriptis
1586 2316 1734 2368 publice

199 2380 436 2431 ubicunque,
470 2381 772 2431 quandocunque
802 2385 838 2418 et
868 2380 1192 2430 quotienscunque
1222 2377 1390 2428 requisiti
1423 2376 1581 2420 fueritis,
1611 2375 1734 2412 nomi-

202 2438 316 2477 natim
331 2439 442 2476 etiam
461 2439 801 2476 excommunicatos
818 2438 1038 2475 denuntiare
1057 2436 1207 2482 curetis,
1226 2436 1299 2473 alio
1317 2448 1338 2472 a
1357 2434 1466 2472 nobis
1485 2447 1559 2471 non
1580 2447 1732 2484 exspec-
