2184 3074
744 273 905 312 CODEX
934 272 1180 313 DUNENSIS.
1656 274 1729 311 269

875 448 1067 487 CLXXIII.

301 569 473 619 Philippo
491 569 522 606 Ie
539 568 605 607 Bel
620 568 783 606 omionne
800 568 844 606 de
859 569 975 605 aaisir
993 567 1043 605 lea
1061 566 1160 605 biens
1178 567 1222 604 de
1237 568 1395 617 lacques
1415 567 1623 604 Leuc-hard.

247 761 460 814 Philippus,
478 763 546 800 Dei
559 762 692 813 gratia,
712 762 939 799 Francorum
959 775 1041 807 rex,
1061 762 1244 798 universis
1265 767 1472 812 praesentes
1493 761 1631 798 litteras
1651 761 1729 798 ins-

193 821 374 872 pecturis,
393 821 559 859 salutem.

243 877 379 916 Notum
399 879 555 916 facimus
568 879 670 930 quod
690 892 757 916 nos
771 879 948 916 dilectum
968 878 1143 915 clericum
1165 883 1332 915 nostrum
1349 877 1565 928 magistrum
1583 875 1728 914 solmn-

196 949 281 973 nem
301 936 547 983 Clarisensus,
566 937 787 974 canonicum
809 937 932 974 Sancti
951 936 1121 984 Quintini
1146 937 1182 973 in
1202 935 1459 980 Viromandia,
1479 934 1726 972 exhibitorem
1748 953 1754 959 ·

194 994 460 1046 praesentium,
480 995 740 1034 constituimus
763 1000 799 1032 et
819 995 1056 1041 ordinamus,
1084 995 1128 1031 ad
1157 994 1369 1032 saisandum
1392 999 1430 1031 et
1455 993 1668 1044 ponendum
1690 993 1728 1030 in

163 1078 166 1081 -
195 1066 308 1091 manu
340 1059 485 1100 nostra,
513 1059 689 1106 tanquam
722 1055 942 1105 superioris,
968 1054 1093 1091 omnia
1126 1054 1222 1091 bona
1255 1053 1407 1090 mobilia
1439 1059 1474 1090 et
1501 1052 1728 1093 immobilia,

193 1113 413 1164 ubieunque
431 1114 505 1151 sint
523 1119 559 1151 et
576 1114 614 1151 in
633 1115 924 1166 quibuscunque
946 1114 1036 1151 loeis
1054 1127 1117 1151 seu
1137 1114 1247 1150 rebus
1266 1113 1442 1157 existant,
1466 1125 1562 1163 qnae
1580 1113 1730 1149 fuerunt

195 1172 360 1210 defuncti
375 1173 505 1211 Jacobi
521 1173 634 1211 Caret
650 1186 715 1211 seu
733 1173 926 1210 Louchard
941 1173 988 1209 de
1002 1173 1176 1210 Atrebato
1190 1171 1367 1223 panetarii
1388 1171 1502 1208 nostri
1519 1170 1728 1221 quondam,

196 1231 242 1268 ad
262 1231 480 1269 salvandum
498 1232 559 1282 jus
577 1232 678 1283 quod
699 1233 737 1269 in
756 1232 808 1270 eis
826 1232 986 1269 dicimus
1014 1244 1081 1268 nos
1111 1231 1246 1268 habere
1267 1243 1331 1266 seu
1351 1230 1412 1279 jus
1431 1229 1582 1266 alterius
1600 1228 1729 1277 cujus-

196 1302 355 1340 cunque.

245 1349 383 1386 Dantes
396 1348 586 1400 praedicto
599 1349 734 1386 elerico
748 1353 874 1386 nostro
889 1353 1106 1398 potestatem
1121 1353 1157 1384 et
1172 1347 1386 1384 mandatum
1402 1346 1559 1396 speciale
1573 1345 1730 1390 levandi,

197 1407 372 1445 saisiandi
387 1412 422 1445 et
440 1407 611 1459 capiendi
631 1407 818 1459 praedicta
838 1408 935 1445 bona
953 1420 995 1444 ac
1013 1407 1122 1444 etiam
1142 1405 1352 1457 explet-andi
1371 1405 1511 1450 debita,
1530 1403 1678 1454 petendi
1697 1408 1733 1440 et

197 1465 402 1516 recipiendi
421 1466 568 1512 eadem,
593 1466 818 1517 quitationes
846 1465 1004 1503 faciendi
1031 1465 1077 1502 de
1103 1465 1259 1516 receptis
1277 1469 1313 1501 et
1330 1463 1454 1501 omnia
1479 1462 1549 1500 alia
1573 1461 1730 1499 faciendi

197 1537 293 1575 quae
312 1524 408 1562 eirca
427 1525 628 1575 praemissa
646 1530 682 1562 et
698 1538 739 1562 ea
760 1525 946 1575 tangentia
966 1524 1104 1561 fuerint
1121 1528 1318 1574 oportuna.
1595 1572 1597 1574 Ι

246 1582 462 1620 Mandantes
475 1583 652 1620 omnibus
669 1583 831 1628 ballivis,
846 1582 1066 1633 praepositis
1080 1587 1116 1619 et
1130 1582 1212 1619 aliis
1229 1581 1388 1619 subditis
1405 1579 1555 1623 nostris,
1572 1584 1609 1615 ut
1625 1592 1732 1629 prae—

198 1640 299 1678 dicto
324 1641 459 1678 clerico
482 1646 609 1679 nostro
633 1641 671 1678 in
694 1641 906 1692 praemissis
931 1641 1106 1678 omnibus
1133 1646 1168 1677 et
1189 1640 1346 1690 singulis
1369 1645 1405 1676 et
1430 1652 1471 1676 ea
1496 1637 1731 1688 tangentibus

198 1703 352 1750 pareant
368 1704 405 1736 et
422 1699 617 1738 intendant
629 1704 665 1737 et
681 1699 727 1737 ad
746 1692 963 1737 mandatum
978 1699 1100 1750 ipsius
1114 1699 1302 1736 executori
1321 1698 1429 1735 celeri
1445 1696 1682 1734 demandent.

247 1757 295 1795 Ut
314 1762 436 1794 autem
454 1758 640 1808 praefatus
658 1758 834 1809 magister
858 1757 1048 1795 lohannes
1072 1757 1304 1808 praedictum
1324 1756 1513 1807 negotium
1536 1755 1607 1792 sibi
1630 1767 1734 1791 com-

198 1813 353 1851 missum
372 1815 501 1853 utilius
515 1820 551 1853 et
564 1816 717 1853 liberius
735 1816 855 1853 valeat
871 1829 1080 1860 excercere,
1099 1815 1332 1866 quibuslibet
1351 1815 1433 1852 aliis
1445 1843 1453 1858 ,
1476 1818 1602 1850 tenore
1626 1826 1733 1862 prae-

198 1873 372 1920 sentium,
387 1873 601 1912 inhibemus
617 1888 663 1912 ne
676 1887 714 1912 se
723 1875 769 1912 de
782 1874 882 1912 dicto
893 1875 1042 1926 negotio
1056 1875 1196 1926 absque
1210 1873 1362 1925 praefati
1379 1870 1733 1922 magistri-lobannis

198 1943 372 1981 expresso
389 1933 564 1970 mandato
582 1933 815 1984 aliquatenus
836 1934 1094 1971 intromittant.

249 1989 382 2027 Actum
411 1991 510 2041 apud
536 1991 708 2038 Vicenas,
734 1994 771 2029 in
799 1992 927 2042 vigilia
958 1993 1053 2029 beati
1086 1991 1219 2029 Manioi
1247 1990 1422 2040 apostoli,
1452 2002 1549 2025 anno
1582 1987 1732 2025 Domini

198 2046 250 2083 M⁰
263 2047 336 2085 CC⁰
353 2049 592 2100 nonagesimo
610 2050 753 2100 quinto.
