2184 3074
760 286 923 327 conssx
950 287 1195 327 DUNENSlS.
1673 288 1745 330 52⁴5

211 406 502 444 instrumentum
519 405 566 443 in
586 418 663 457 quo
688 409 796 443 tenor
816 405 1067 456 praesentium
1091 405 1138 443 sit
1167 406 1345 453 insertus,
1364 407 1488 458 ipsum
1507 408 1617 446 nobis
1633 422 1746 460 quam

209 463 320 502 citius
337 463 496 502 allaturi.

258 520 382 562 Tehor
399 527 523 561 autem
541 522 816 574 praedictarum
837 522 1042 560 litterarum
1063 522 1146 560 talis
1163 528 1218 561 est
1236 539 1243 560 :

259 581 429 619 Clemens
453 580 668 635 episeopus‚
687 593 816 618 servus
839 594 1031 618 servorum
1053 581 1139 627 Dei,
1159 581 1295 621 dilecto
1313 582 1391 620 tilio
1413 582 1568 634 Symoni
1593 583 1747 621 Sanctae

208 629 366 678 Oeciliae
378 640 584 692 presbitero
597 639 776 678 cardinali
791 653 810 677 a
829 639 922 678 Sede
937 641 1068 692 legato,
1076 641 1231 679 salutem
1250 646 1287 679 et
1302 641 1548 692 apostolicam
1567 640 1744 680 benedic-

210 697 360 736 tionem.
383 698 478 747 Quia
501 698 760 737 Cistercienses
781 703 816 735 et
833 698 1033 749 Templarii
1049 704 1084 736 et
1102 698 1255 751 quidam
1278 699 1340 736 alii
1361 699 1523 751 religiosi
1543 704 1627 738 tuae
1646 700 1745 751 lega·

209 756 321 796 tionis
347 771 367 794 a
394 757 643 809 praestatione
677 757 843 794 decimae
868 757 1200 806 ecelesiasticorum
1232 763 1503 808 proventuum÷
1530 771 1643 809 quam
1677 771 1745 809 pro

208 816 356 867 negotio
369 815 472 867 regni
489 816 637 854 Siciliae
653 816 816 867 colligis,
827 830 865 853 se
879 830 945 867 per
959 816 1063 854 Sedis
1072 817 1305 868 Rpostolicae
1319 816 1511 868 privilegia
1526 822 1743 855 excusantes

210 880 294 926 post
311 879 363 920 te,
385 874 481 912 sicut
499 875 614 920 nosti2
632 879 668 912 et
686 880 771 926 post
788 888 855 912 nos
875 875 985 912 etiam
1004 875 1127 912 statim
1148 881 1344 926 postquam
1360 875 1494 926 jugum
1513 876 1743 926 apostolicae

209 933 396 972 servitutis
418 933 623 970 cervicibus
651 933 786 970 nostris
815 933 884 970 suit
909 933 1144 984 impositum,
1166 934 1379 984 importune
1405 933 1615 971 clamabant
1637 948 1676 971 se
1700 947 1742 972 ac

207 992 395 1037 ecclesias,
416 991 636 1029 monasteria
655 996 690 1028 et
707 992 778 1028 alia
798 992 875 1028 loca
895 991 1007 1029 eximi
1023 1006 1042 1028 a
1060 992 1244 1029 solutione
1262 991 1478 1042 hujusmodi
1497 993 1742 1043 postulantes,

208 1063 275 1088 nos
294 1050 360 1087 tibi
380 1049 619 1087 meminimus
639 1049 774 1087 nostris
795 1050 866 1087 sub
885 1055 982 1087 certa
1007 1050 1123 1087 forma
1147 1049 1292 1087 dedisse
1317 1050 1447 1087 litteris
1469 1050 1506 1088 in
1525 1050 1740 1088 mandatum

207 1113 250 1147 ut
259 1109 365 1160 Opsos
383 1109 576 1146 occasione
594 1108 802 1159 praedictae
825 1108 990 1145 decimae
1010 1108 1221 1146 nullatenus
1243 1106 1471 1154 mo‘testares,
1490 1109 1553 1146 sed
1571 1122 1743 1160 superse-

207 1158 312 1205 deres
334 1166 500 1217 ejusdem
525 1166 733 1204 collectioni
758 1166 937 1211 decimae„
956 1166 1078 1217 quoad
1103 1166 1222 1217 ipsos,
1245 1167 1363 1204 donec
1391 1166 1611 1204 duceremus
1631 1180 1743 1218 super

209 1225 286 1262 lioc
303 1225 405 1262 aliud
426 1224 690 1262 ordinandum.
716 1224 855 1262 Verum
883 1225 971 1276 quia
992 1224 1222 1275 praedictum
1248 1225 1437 1276 negotium
1463 1224 1565 1275 regni
1585 1225 1742 1262 Ceciliae

207 1283 355 1321 videtur
373 1283 450 1333 jam
482 1283 519 1320 in
544 1282 864 1320 consummatione
885 1283 1104 1328 consistere,
1131 1282 1305 1320 volumus
1326 1287 1362 1319 et
1392 1282 1640 1333 praesentium
1673 1283 1739 1322 tibi

206 1341 424 1379 auctoritate
448 1338 669 1378 mandamus
696 1346 898 1392 quatenus,
919 1341 948 1378 si
976 1341 1173 1390 eontigerit
1198 1354 1244 1378 ex
1272 1341 1343 1378 hoc
1372 1342 1481 1386 sorte,
1500 1341 1603 1392 quod
1627 1341 1741 1387 absit,

207 1399 348 1437 dictum
370 1399 543 1450 impediri
571 1399 760 1450 negotium
784 1405 820 1436 et
840 1400 1044 1450 praefatum
1071 1399 1311 1436 scandalizari
1334 1399 1507 1436 comitem
1533 1404 1569 1436 et
1587 1399 1743 1437 turbari.

208 1462 247 1496 tu
266 1458 404 1495 eisdem
425 1471 661 1509 nequaquam
680 1458 917 1495 obstantibus
936 1457 1103 1507 ejusdem
1123 1457 1288 1494 decimae
1303 1458 1491 1508 negotium
1511 1457 1635 1506 quoad
1656 1458 1743 1495 reli-

207 1516 330 1568 giosos
360 1516 629 1567 praedictos'in
654 1529 738 1553 eum
767 1521 904 1553 statum
930 1516 1147 1553 auctoritate
1175 1520 1297 1553 nostra
1325 1516 1479 1554 reducas
1504 1516 1540 1553 in
1566 1529 1642 1567 quo
1667 1522 1741 1553 erat

209 1577 428 1629 priusquam
442 1587 461 1611 a
482 1574 590 1611 nobis
606 1574 748 1611 litterae
763 1574 979 1624 hujusmodi
999 1579 1223 1611 emanarent.

907 1691 1011 1699 -Qooe

918 1820 1036 1858 CClV.

207 1939 258 1976 Le
282 1937 456 1975 cardinal
478 1937 605 1975 Simon
630 1938 673 1975 de
700 1939 839 1984 Br'ion,
869 1939 964 1989 le'qat
988 1939 1039 1976 du
1061 1939 1305 1989 Saint-Sie'ye,
1329 1951 1508 1988 convoqne
1532 1950 1582 1974 un
1607 1937 1740 1974 concile

251 1997 461 2047 provincial
494 1997 516 2033 ἁ
552 1997 717 2048 Bourqes
759 1998 782 2034 ἀ
826 1997 1014 2035 ἰόεοαείοη
1050 1998 1112 2035 des
1146 1997 1261 2034 dimes
1302 1997 1490 2034 accorde'es
1530 1996 1551 2031 ἁ
1589 1995 1739 2032 charles

258 2056 443 2107 d’Anjou.

257 2219 539 2257 venerabilibus
562 2225 597 2256 et
620 2220 656 2257 in
684 2221 831 2258 Cliristo
850 2221 994 2258 dilectis
1013 2220 1256 2257 coabbatibus
1275 2219 1351 2256 suis
1371 2224 1406 2255 et
1428 2231 1555 2255 eorum
1577 2230 1739 2254 conven-

210 2279 307 2316 {ibus
328 2279 437 2315 frater
457 2277 670 2328 Philippus,
688 2279 809 2316 dictus
828 2280 943 2316 abbas
958 2278 1256 2323 (lim-evanonsis,
1275 2278 1430 2314 salutem
1448 2282 1483 2313 et
1500 2276 1680 2313 sinceram
1702 2276 1737 2312 in

209 2336 371 2374 Domino
389 2337 587 2373 caritatem.

257 2395 400 2431 Tenore
422 2387 678 2445 *praesentium
708 2396 813 2433 vobis
840 2397 1012 2432 volumus
1036 2396 1112 2432 lieri
1141 2394 1375 2431 manifestum
1395 2394 1495 2444 quod
1516 2393 1737 2430 reverendus
