2184 3074
728 259 890 298 CODEX
915 259 1160 298 DUNENSlS.
1628 261 1700 298 57⁷

176 376 273 415 dieta
291 377 482 415 translatio
509 377 724 428 procederet
746 390 831 414 cum
854 377 1006 423 effectu,
1032 376 1257 414 monialibus
1283 376 1330 413 de
1355 375 1508 414 Bilocha
1530 379 1565 413 et
1589 375 1697 412 etiam

174 434 221 473 de
245 435 391 473 Boscho
412 434 519 486 juxta
551 435 770 473 Gandavum
800 439 894 473 esset
916 434 1195 472 incommodum
1228 438 1263 472 et
1287 448 1503 485 gravamen,
1524 433 1700 471 indecen-

176 493 264 530 tiam
283 506 326 531 ac
346 493 544 532 laesionem
562 506 638 532 non
665 494 850 531 modicam
876 494 1046 540 allatura,
1063 498 1174 544 prout
1203 494 1403 544 praemissa
1420 506 1466 530 ex
1487 492 1559 530 situ
1583 492 1699 542 ipsius

175 551 246 588 loci
268 550 358 602 ipsis
384 551 609 590 monialibus
624 551 827 603 propinqui
847 551 1024 588 nimirum
1040 556 1076 588 et
1088 551 1200 588 vicini
1216 564 1281 589 seu
1302 551 1411 588 etiam
1430 549 1593 600 contigui
1614 563 1700 599 per-

175 609 287 660 pendi
303 610 448 660 possint
464 611 598 648 clarius
625 614 661 648 et
685 610 848 656 ostendi,
867 610 983 648 dictas
1009 610 1147 647 litteras
1170 610 1286 647 nostri
1305 622 1505 647 consensus
1522 608 1699 645 duximus

175 667 410 714 revocandas,
429 667 476 705 de
492 668 606 706 Axele
624 668 849 707 monialibus
868 667 1073 706 inhibendo
1091 681 1138 705 ne
1156 668 1194 705 in
1213 667 1466 713 translatione,
1485 672 1551 704 etc.

855 942 1039 981 CCLVlll.

319 1055 439 1093 Lettre
469 1056 513 1094 de
542 1057 877 1094 recommandation
901 1069 1001 1107 pour
1030 1058 1241 1095 Guillaume
1269 1057 1550 1103 d'Huveskerh,

751 1116 925 1153 trdsorier
953 1115 997 1153 de
1026 1116 1128 1153 Lille.

223 1301 348 1340 Vestra
365 1302 579 1351 Sinceritas,
592 1308 697 1354 pater
713 1317 812 1351 care,
829 1304 934 1351 alias,
951 1310 992 1342 ut
1010 1305 1247 1342 meminimus
1258 1334 1267 1351 ,
1287 1317 1353 1342 nos
1369 1304 1510 1355 rogavit
1527 1308 1568 1341 ut
1588 1303 1634 1340 ad
1659 1303 1695 1340 id

174 1371 444 1410 apponeremus
462 1374 571 1412 opem
597 1366 634 1399 et
653 1375 803 1414 operam
827 1363 929 1413 quod
950 1363 1161 1400 carissimus
1187 1363 1482 1413 consanguineus
1506 1366 1630 1399 noster
1656 1374 1698 1398 ac

164 1416 292 1457 ,fidelis
319 1419 475 1457 clericus
504 1420 678 1471 magister
701 1420 763 1458 W.
781 1421 827 1458 de
851 1421 1105 1468 Haveskerke,
1134 1421 1335 1459 insulensis
1357 1420 1626 1466 thesaurarius,
1652 1419 1698 1457 de

170 1480 289 1513 vestra
307 1477 479 1515 societate
494 1482 531 1516 et
545 1478 684 1516 familia
703 1479 813 1516 vellet
830 1492 919 1517 esse.
940 1480 1175 1531 Quapropter
1190 1479 1464 1517 considerantes
1482 1479 1585 1529 quod
1607 1478 1696 1529 ipse,

173 1546 240 1583 per
254 1533 514 1574 discretionem
533 1537 728 1587 providam
752 1538 1034 1575 et'industriam
1062 1538 1365 1589 circumspectam
1393 1550 1413 1574 a
1438 1537 1600 1574 Domino
1624 1536 1695 1574 sibi

173 1591 344 1630 traditam
356 1622 366 1639 ,
384 1593 425 1631 in,
440 1595 616 1632 omnibus
629 1608 726 1646 quae
740 1599 901 1633 vestrum
921 1595 1100 1633 honorem
1115 1601 1151 1633 et
1164 1596 1401 1633 commodum
1417 1600 1566 1646 possent
1579 1595 1697 1646 respi—

172 1661 270 1696 cere,
287 1650 456 1689 ohtinere
479 1653 675 1690 vobiscum
703 1653 821 1704 possit
851 1657 887 1691 et
916 1653 1049 1691 debeat
1073 1654 1310 1691 laudabiliter
1336 1659 1373 1691 et
1399 1653 1543 1704 egregie
1573 1653 1695 1690 locum

172 1720 299 1756 suum,
316 1709 439 1760 ipsum
457 1711 568 1749 altera
586 1712 647 1749 die
663 1711 710 1749 ad
728 1716 885 1750 vestram
905 1712 1147 1763 praesentiam
1167 1713 1343 1750 duximus
1362 1711 1695 1756 transmittendum,

172 1779 284 1817 quem
301 1769 411 1805 vestri
428 1769 544 1820 gratia
562 1770 692 1808 curiali
706 1771 819 1808 modo
832 1775 867 1808 et
879 1770 1064 1808 amicabili
1083 1775 1344 1821 pertractantes
1357 1770 1396 1807 in
1411 1775 1573 1807 vestrum
1589 1769 1696 1805 fami-

172 1823 300 1862 liarem
319 1830 355 1862 et
372 1827 534 1874 socium,
553 1841 594 1865 ea
612 1827 802 1866 honestate
825 1842 900 1879 qua
917 1828 1054 1874 decuit,
1081 1828 1348 1879 assumpsistis,
1366 1841 1477 1878 super
1497 1840 1573 1877 quo
1591 1826 1696 1863 vobis

171 1882 364 1921 referimus
387 1885 523 1923 multas
545 1891 675 1936 grates.
694 1887 830 1926 Verum
845 1887 934 1938 quia
954 1887 1140 1924 credimus
1162 1887 1318 1924 firmiter
1337 1891 1372 1923 et
1386 1898 1576 1936 speramus
1595 1883 1695 1934 quod

172 1940 251 1990 ejus
268 1943 460 1981 servitium
477 1950 623 1995 gratum
644 1959 718 1983 non
747 1946 891 1983 modice
912 1946 1018 1983 vobis
1043 1959 1120 1984 esse
1145 1946 1276 1983 debeat
1301 1951 1336 1982 et
1361 1949 1567 1995 acceptum,
1586 1942 1694 1980 vestri

172 1998 304 2036 honori
339 2007 558 2052 congrueret
596 2004 627 2040 si
667 2005 872 2054 praefatum
907 2004 1175 2041 thesaurarium
1207 2007 1347 2040 vestrae
1377 2002 1552 2039 bonitatis
1581 2000 1695 2051 gratia

172 2059 402 2107 praeveniret
419 2060 641 2109 honoribus,
660 2062 819 2099 maxime
838 2076 922 2100 cum
941 2063 987 2099 ad
1006 2062 1043 2099 id
1063 2062 1100 2099 in
1122 2062 1250 2099 vestris
1278 2061 1468 2098 beneficiis
1487 2073 1591 2097 suam
1611 2073 1697 2110 per-

173 2127 301 2153 sonam
325 2117 562 2167 decentibus,
580 2125 615 2157 et
632 2134 727 2171 quae
746 2121 842 2170 jam,
870 2126 911 2157 ut
937 2121 1063 2166 fertur,
1087 2120 1228 2157 habetis
1256 2133 1342 2170 prae
1370 2119 1562 2164 manibus,
1593 2117 1697 2154 vobis

176 2173 335 2211 arrideat
351 2177 582 2226 oportunitas
600 2191 642 2215 ac
659 2178 787 2216 offerat
804 2192 843 2216 se
861 2179 1023 2215 facultas.
1043 2179 1138 2216 Hinc
1156 2182 1210 2215 est
1226 2177 1327 2228 quod
1341 2177 1505 2215 Vestram
1521 2176 1699 2213 Domina-

178 2231 315 2270 tionem
337 2235 485 2273 att-entis
504 2236 542 2273 in
560 2237 722 2274 Domino
746 2237 918 2288 precibus
942 2237 1166 2288 requirimus
1190 2241 1226 2273 et
1251 2249 1423 2286 rogamus
1445 2240 1626 2286 quatenus
1654 2234 1697 2270 ad

178 2302 348 2339 praesens
367 2292 404 2328 in
422 2293 551 2331 vestris
569 2294 757 2332 beneficiis
777 2295 892 2346 ipsius
912 2294 1127 2332 thesaurarii
1150 2294 1212 2345 pio
1236 2294 1358 2330 favore
1375 2298 1540 2344 gerentes
1559 2305 1700 2329 memo-

179 2347 269 2386 riam
297 2349 330 2386 ei
358 2350 530 2389 decenter
555 2353 750 2403 providere
766 2353 970 2404 dignemini
990 2358 1140 2404 propter
1157 2353 1293 2390 Deum.
1322 2352 1448 2389 scituri
1472 2351 1573 2403 quod
1592 2351 1701 2401 quic-

1508 2409 1555 2446 48
