2184 3074
14 2315 21 2372 -<=‘
16 2253 20 2259 ι
14 2079 21 2093 -0

729 349 887 387 conssx
921 349 1161 388 DUNENSIS.
1638 347 1709 385 49⁷

870 524 1018 562 eccm.

588 670 589 673 η
647 641 900 691 Αρρνοὸαἰίοη
926 642 1012 679 d’un
1039 647 1235 679 testament.

229 834 416 873 Universis
442 841 650 887 praesentes
678 836 815 872 litteras
842 835 1061 886 inspecturis
1088 837 1199 873 frater
1221 836 1322 881 Arm„
1341 835 1462 873 dictus
1488 834 1602 872 abbas
1627 834 1709 871 talis

181 893 410 941 monasterii,
426 894 580 931 salutem
599 894 637 931 in
659 894 829 931 Domino.

228 951 410 990 Noveritis
428 953 531 1004 quod
549 953 638 990 tales
656 952 845 990 constituti
862 965 985 990 coram
1003 951 1166 989 scabinis
1179 951 1226 988 de
1241 980 1354 988 .....
1374 950 1486 988 officii
1507 949 1709 1001 Brugensis

179 1009 421 1048 vadiaverunt
433 1023 498 1048 seu
513 1011 677 1057 wedden,
692 1015 734 1048 ut
746 1011 858 1061 vulgo
871 1010 1019 1056 dicitur,
1033 1023 1071 1047 se
1084 1014 1291 1047 servaturos
1305 1009 1578 1046 ordinationem
1593 1021 1707 1060 quam

179 1067 261 1105 talis
281 1097 408 1105 ......
429 1068 475 1105 de
493 1068 602 1106 bonis
616 1068 692 1106 suis
711 1068 750 1105 in
770 1072 987 1106 testamento
1001 1080 1069 1104 suo
1083 1067 1183 1113 feeit,
1199 1067 1404 1104 dummodo
1419 1080 1485 1104 nos
1500 1066 1708 1104 diceremus

179 1125 217 1163 in
231 1126 456 1164 conscientia
471 1131 594 1164 nostra
610 1127 710 1164 illam
726 1126 998 1164 ordinationem
1012 1126 1058 1162 de
1067 1125 1152 1175 jure
1164 1125 1293 1162 valere.
1310 1125 1384 1163 Nos
1399 1125 1513 1177 igitur
1524 1124 1708 1162 delibera-

163 1184 280 1222 ‘tione
310 1185 541 1235 praehabita,
568 1186 842 1223 communicato
875 1185 1078 1236 proborum
1106 1185 1279 1232 consilio,
1304 1185 1365 1222 die
1396 1190 1551 1231 statuta,
1582 1197 1706 1222 coram

179 1243 376 1294 praedictis
395 1244 531 1282 talibus
549 1258 591 1282 ac
608 1245 789 1292 scabinis,
808 1245 1010 1296 multisque
1027 1244 1107 1281 aliis
1123 1244 1249 1294 probis
1263 1244 1365 1290 viris,
1383 1243 1707 1295 pronuntiavimus

180 1302 219 1339 in
250 1302 475 1341 conscientia
500 1308 623 1341 nostra
653 1303 925 1341 ordinationem
949 1302 1038 1340 dicti
1059 1332 1207 1339 ......
1232 1316 1328 1353 quae
1345 1302 1552 1353 subscripta
1570 1307 1642 1346 est,
1661 1300 1708 1337 de

175 1361 260 1410 jure
277 1361 409 1399 valere.
428 1362 540 1400 Dedit
563 1363 662 1400 enim
680 1363 801 1400 dictus
825 1363 862 1400 P.
891 1363 951 1399 tali
979 1361 1202 1399 monasterio
1224 1366 1388 1407 tantum,
1407 1361 1464 1399 isti
1484 1366 1646 1405 tantum,
1664 1372 1707 1396 ac

180 1418 233 1455 illi
255 1422 417 1466 tantum,
442 1425 507 1457 ete.
536 1421 645 1467 Item,
665 1421 695 1458 si
721 1421 814 1472 quid
837 1422 875 1458 in
894 1420 1051 1472 pecunia
1070 1420 1246 1457 omnibus
1264 1420 1421 1471 erogatis
1440 1424 1645 1470 superesset
1663 1417 1709 1454 de

178 1475 287 1514 bonis
304 1477 398 1524 suis,
418 1483 563 1516 nostrae
579 1479 813 1530 dispositioni
832 1478 1027 1516 commisit.
1048 1478 1275 1529 Praeseripta
1301 1478 1414 1528 igitur
1431 1492 1451 1515 a
1470 1477 1570 1514 dicto
1597 1477 1633 1513 Ρ.
1655 1476 1709 1512 le-

177 1538 279 1585 gata,
297 1535 432 1574 donata
458 1541 494 1574 et
514 1538 683 1575 ordinata
716 1538 754 1574 in
780 1537 1004 1575 conscientia
1024 1541 1147 1574 nostra
1166 1536 1324 1574 dicimus
1343 1537 1389 1574 de
1403 1537 1487 1587 jure
1514 1536 1654 1580 valere,
1673 1539 1709 1571 et

180 1591 277 1629 idem
296 1593 342 1630 de
360 1594 540 1645 legatione
564 1609 628 1633 seu
656 1595 857 1633 donatione
881 1609 995 1647 quam
1014 1595 1149 1646 legavit
1166 1594 1252 1632 filiis
1276 1595 1342 1631 filii
1362 1595 1429 1631 sui.
1451 1595 1643 1632 Caeterum
1662 1591 1709 1628 de

181 1651 252 1689 hiis
265 1666 362 1703 quae
371 1654 455 1691 filio
469 1668 536 1692 suo
556 1685 703 1692 ......
722 1655 842 1702 dedit,
860 1655 1000 1693 scilieet
1018 1653 1115 1691 istud
1135 1653 1191 1690 vel
1208 1653 1317 1699 illud7
1338 1653 1504 1691 nondum
1524 1651 1709 1689 delibera-

179 1710 302 1748 vimus
328 1716 370 1749 ut
394 1712 431 1749 in
454 1714 678 1751 conscientia
706 1718 831 1751 nostra
860 1727 900 1750 ea
930 1714 977 1750 de
998 1713 1083 1763 jure
1114 1712 1234 1749 valere
1256 1712 1479 1756 diceremus,
1509 1724 1575 1748 nec
1598 1710 1707 1747 etiam

179 1767 343 1807 diximus
357 1783 398 1807 ea
412 1771 458 1808 de
471 1771 557 1821 jure
575 1772 706 1809 valere.
727 1771 767 1809 ln
789 1772 895 1822 cujus
910 1771 960 1808 rei
976 1769 1229 1808 testimonium
1249 1770 1430 1820 praesenti
1451 1769 1588 1819 scripto
1605 1767 1709 1819 sigi!-

181 1826 257 1864 lum
280 1840 355 1865 una
373 1841 458 1866 cum
483 1829 614 1881 sigillis
640 1830 770 1867 talium
790 1859 939 1866 ......
965 1828 1203 1866 scabinorum
1224 1827 1335 1865 officii
1356 1827 1556 1879 Brugensis
1582 1839 1706 1863 coram

178 1884 317 1935 quibus
343 1887 505 1925 scabinis
526 1888 786 1939 obligaverunt
805 1901 844 1925 se
868 1886 1046 1938 praedicti
1067 1914 1219 1923 ......
1239 1886 1466 1937 obligatione
1483 1898 1577 1935 quae
1596 1883 1709 1934 vulgo

177 1943 394 1995 weddinqhe
409 1945 558 1992 dieitur,
577 1946 776 1997 praemissa
797 1945 921 1982 omnia
943 1943 1207 1982 inviolabiliter
1225 1943 1430 1980 observare.

229 2002 382 2050 Actum,
404 2007 473 2042 etc.

1517 2507 1565 2544 63
