2184 3074
707 352 869 391 CODEX
895 353 1138 392 DUNENSlS.
1630 354 1702 391 513

170 475 333 517 vocatur,
357 470 468 509 habet
493 470 541 508 ab
566 471 758 508 occidente
784 475 917 508 terram
941 471 1069 508 talium
1096 476 1182 517 etc„
1208 472 1431 509 constitutus
1455 477 1606 523 propter
1632 470 1701 507 boe

170 540 294 567 coram
314 529 441 575 nobis,
462 529 573 566 frater
593 529 755 575 Franco,
774 533 864 566 tunc
881 529 1068 580 portarius
1088 534 1225 575 noster,
1246 530 1460 580 recognovit
1484 543 1523 567 se
1548 541 1701 566 conces·-

167 587 258 626 sisse
275 587 428 626 nomine
444 587 564 626 dictae
577 592 718 640 portae,
739 592 775 626 et
793 588 840 626 de
858 594 984 626 nostro
1002 602 1184 627 consensu
1203 589 1350 640 speciali
1369 594 1405 626 et
1421 601 1594 639 expresso
1608 600 1700 624 con-

167 646 276 685 cessit
301 646 526 698 praedictam
558 650 691 683 terram
718 650 830 683 totam
855 646 1008 691 talibus„
1035 647 1175 684 scilicet
1206 647 1244 684 L.
1268 652 1303 684 et
1329 647 1373 684 Μ.
1399 647 1445 684 ad
1470 659 1637 684 annuum
1664 650 1696 681 et

167 709 551 756 perpetuum-pactum
567 704 644 742 sive
661 717 813 741 censum
834 704 923 755 ipsis
940 734 946 741 .
968 734 975 741 .
997 734 1004 741 .
1021 734 1027 741 .
1045 734 1052 741 .
1073 705 1315 756 conjugibus,
1333 706 1486 757 suisque
1497 704 1696 742 heredibus

166 775 232 800 seu
253 762 528 801 successoribus
550 762 709 813 quilibet
732 775 799 813 pro
818 762 883 800 Vll
902 763 1006 800 libris
1026 763 1062 799 in
1083 764 1174 800 festo
1198 764 1260 800 tali
1282 769 1318 800 et
1346 764 1383 801 in
1410 764 1502 800 festo
1526 763 1588 800 tali
1610 775 1699 813 pro-

166 820 424 872 portionaliter
440 821 477 858 in
497 824 718 872 perpetuum
739 820 1015 871 persolvendisg
1035 820 1106 857 hiis
1125 821 1276 871 adjectis
1298 820 1575 858 conditionibus
1596 820 1696 871 quod

166 879 236 931 ipsi
255 879 447 930 conjuges,
465 879 617 917 heredes
632 892 696 916 seu
718 891 946 916 successores
965 891 1093 916 eorum
1112 879 1158 916 de
1184 884 1257 916 tota
1283 884 1376 916 terra
1401 879 1587 931 praedicta
1609 891 1699 915 sem-

166 953 233 990 per
258 940 296 977 in
323 944 422 977 carta
448 953 513 978 seu
541 939 643 977 brevi
670 938 790 976 dictae
816 943 943 989 portae
970 952 1086 975 unum
1115 939 1349 989 capitaneum
1375 938 1463 975 dare
1490 942 1526 975 et
1556 950 1700 975 servare

165 999 404 1047 tenebuntur,
426 999 491 1050 qui
509 998 556 1036 de
579 1004 655 1035 toto
676 1003 783 1049 pacto
802 1011 865 1035 seu
883 998 929 1035 de
946 1011 1090 1035 summa
1114 998 1302 1048 pensionis
1323 996 1530 1048 praedictae
1545 994 1699 1045 singulis

164 1057 272 1095 annis
285 1057 511 1108 praenotatis
526 1057 694 1094 terminis
707 1057 827 1094 dictae
840 1061 968 1108 portae
983 1069 1046 1093 seu
1060 1056 1282 1093 elemosinae
1299 1060 1444 1092 nostrae
1458 1054 1566 1106 plene
1582 1059 1699 1090 tenea-

165 1120 226 1153 tur
241 1120 276 1154 et
290 1116 430 1167 integre
445 1116 680 1167 respondere.
696 1115 805 1163 Quod
825 1115 854 1152 si
870 1129 937 1166 per
949 1114 1044 1152 duos
1058 1127 1174 1151 annos
1189 1128 1207 1151 a
1223 1118 1340 1151 morte
1355 1114 1454 1150 illius
1468 1112 1532 1164 qui
1550 1112 1587 1148 in
1603 1116 1699 1148 carta

164 1187 229 1212 seu
255 1174 358 1212 brevi
385 1174 506 1211 dictae
530 1179 634 1225 porta
661 1187 725 1211 seu
747 1173 971 1211 elemosinae
995 1173 1154 1224 scriptus
1180 1173 1256 1209 sive
1273 1172 1415 1223 positus
1436 1171 1562 1216 fuerit,
1582 1171 1701 1207 facere

165 1233 409 1284 neglexerint5
428 1237 491 1269 aut
509 1245 575 1283 per
591 1233 686 1269 duos
704 1245 822 1269 annos
840 1245 859 1269 a
877 1235 1015 1269 statuto
1034 1236 1198 1282 tempore
1217 1231 1293 1267 sive
1307 1230 1465 1267 termino
1480 1228 1697 1280 pensionem

162 1291 412 1342 supradictam
432 1304 497 1328 seu
517 1295 667 1341 pactum
688 1290 903 1341 impositum
928 1303 1002 1327 non
1021 1289 1213 1334 solverint,
1231 1289 1415 1340 portarius
1432 1287 1497 1338 qui
1517 1300 1584 1337 pro
1603 1291 1698 1322 tem-

163 1363 252 1401 pore
270 1350 398 1396 suerit,
417 1351 554 1388 dictam
573 1355 707 1387 terram
727 1355 839 1387 totam
860 1350 905 1387 ad
920 1350 982 1399 jus
1000 1354 1036 1386 et
1061 1349 1326 1400 possessionem
1346 1348 1465 1384 dictae
1483 1351 1608 1397 portae
1633 1357 1695 1382 seu

161 1410 399 1455 elemosinae,
424 1410 557 1454 libere,
580 1410 797 1447 auctoritate
816 1410 981 1460 propria„
1005 1409 1147 1460 absque
1167 1408 1368 1459 superioris
1395 1419 1458 1443 seu
1485 1405 1695 1455 aliquorum

157 1467 301 1518 judicio
315 1468 558 1519 requirendo,
573 1469 709 1519 poterit
722 1481 911 1513 revocare,
930 1473 965 1506 et
978 1468 1067 1505 dicti
1087 1468 1279 1518 conjuges,
1300 1466 1450 1504 heredes
1471 1478 1534 1502 seu
1550 1476 1696 1501 succes-

161 1539 260 1566 sores
286 1540 415 1565 eorum
437 1527 656 1578 quicunque
682 1527 718 1564 in
746 1540 832 1565 casu
852 1527 1068 1577 hujusmodi
1095 1527 1230 1564 dictam
1259 1531 1391 1563 terram
1411 1529 1522 1561 totam
1544 1522 1696 1573 pacifice

161 1590 198 1622 et
225 1585 367 1636 absque
394 1585 550 1636 strepitu
572 1585 693 1622 dictae
716 1590 843 1636 portae
865 1599 928 1623 seu
960 1585 1182 1622 elemosinae
1210 1583 1421 1633 relinquent
1451 1586 1486 1618 et
1510 1580 1695 1617 dimittent

162 1643 248 1681 inde
269 1643 476 1681 recedendo
500 1648 536 1680 et
563 1643 678 1680 nichil
701 1644 797 1693 juris
824 1644 861 1680 in
881 1643 1008 1680 eadem
1028 1643 1176 1693 penitus
1195 1641 1438 1679 reclamando.
1457 1640 1500 1676 Et
1519 1639 1556 1675 in
1572 1643 1690 1675 morte

159 1703 272 1753 hujus
289 1703 470 1754 capitanei
494 1716 557 1740 seu
576 1703 809 1740 revocatione
827 1703 991 1752 ejusdem
1020 1701 1278 1752 subrogandus
1301 1714 1412 1737 unam
1435 1700 1568 1736 libram
1589 1710 1693 1734 cerae

158 1762 275 1799 solvet
295 1761 415 1811 dictae
437 1765 565 1812 portae
589 1774 652 1798 seu
679 1762 900 1798 elemosinae
928 1761 1079 1797 nomine
1099 1759 1224 1796 relevii
1252 1763 1315 1795 aut
1342 1758 1436 1794 duos
1463 1756 1599 1793 solidos
1627 1769 1694 1806 pro

157 1819 303 1866 eadem,
325 1819 397 1857 hoc
411 1819 521 1857 etiam
539 1820 734 1857 observato
751 1819 854 1870 quod
871 1819 1076 1864 Johnnnes,
1095 1818 1216 1854 dictus
1232 1816 1411 1867 Eggaerd.¹
1426 1815 1491 1866 qui
1509 1814 1571 1851 llll
1589 1827 1693 1850 men-

157 1892 261 1916 suras
285 1878 341 1916 vel
369 1878 516 1916 circiter
533 1878 579 1915 de
598 1878 695 1916 dicta
714 1883 808 1916 terra
828 1883 927 1915 tenet
947 1878 992 1915 ad
1014 1889 1200 1928 praesens,
1220 1876 1290 1913 sub
1308 1874 1446 1912 eisdem
1466 1872 1692 1910 conditioni-

156 1938 242 1983 bus,
260 1937 612 1985 consuetudinibus,
639 1943 747 1989 pacto
766 1943 801 1976 et
819 1951 930 1975 censu
956 1937 1093 1988 quibus
1122 1949 1221 1973 nnnc
1246 1948 1364 1985 usque
1389 1947 1448 1971 eas
1474 1933 1607 1970 tenuit.
1627 1945 1693 1981 per

155 1996 352 2034 duodecim
371 2010 489 2034 annos
504 2011 524 2034 a
539 1997 631 2034 festo
645 1997 707 2034 tali
723 1997 846 2035 datam
862 2001 1090 2048 praesentem
1107 1995 1277 2046 proximo
1292 1993 1558 2043 subsequentes
1571 1990 1691 2026 colere

156 2055 288 2093 debeat
311 2060 347 2092 et
372 2060 510 2102 tenere,
534 2061 570 2093 et
592 2056 639 2093 de
667 2061 768 2093 tanto
794 2069 906 2093 censu
933 2068 1044 2106 quem
1071 2054 1190 2090 dictae
1212 2058 1338 2103 portae
1363 2050 1528 2088 solvebat
1552 2053 1587 2085 et
1614 2060 1688 2084 non

155 2115 251 2151 ultra
275 2114 383 2152 dictis
409 2114 651 2166 conjugibus,
670 2128 874 2165 eorumque.
893 2112 1167 2151 successoribus
1195 2109 1427 2160 respondere.
1457 2109 1629 2157 lnsuper,
1658 2106 1688 2142 si

154 2172 242 2210 dicti
262 2173 438 2224 conjuges
457 2174 514 2210 vel
536 2173 688 2211 heredes
707 2179 769 2210 aut
787 2185 1014 2223 successores
1033 2184 1161 2208 eorum
1190 2170 1226 2206 in
1252 2173 1438 2219 posterum
1460 2166 1596 2203 dictam
1616 2169 1689 2201 ter·

154 2244 232 2268 ram
248 2232 304 2268 vel
320 2231 401 2281 ejus
416 2236 557 2283 partem
575 2232 733 2269 vendere
752 2231 953 2276 voluerint,
974 2230 1044 2267 hoc
1062 2229 1165 2280 prius
1181 2227 1343 2278 portario
1357 2226 1421 2276 qui
1439 2237 1507 2275 pro
1525 2229 1689 2273 tempore

154 2289 240 2337 erit,
267 2289 439 2327 intimare
464 2290 656 2328 debebunt
677 2295 719 2327 ut
750 2291 870 2327 dietus
897 2289 1080 2340 portarius
1112 2286 1280 2323 forsitan.
1300 2285 1328 2322 si
1358 2283 1529 2325 voluerit„
1551 2282 1686 2318 dietam

154 2353 288 2386 terram
302 2348 460 2386 redimat
473 2349 576 2400 justo
595 2350 714 2401 pretio
734 2349 930 2386 mediante.
952 2346 1174 2383 Condictum
1193 2344 1302 2381 etiam
1318 2342 1457 2380 exstitit
1473 2346 1508 2378 et
1524 2352 1687 2376 conven—

153 2411 232 2444 tum
251 2408 298 2445 de
319 2409 486 2460 ipsorum
506 2410 707 2460 conjugum
733 2421 906 2459 expresso
928 2419 1108 2444 consensu
1134 2418 1202 2455 pro
1229 2417 1285 2441 se.
1310 2402 1462 2452 suisque
1487 2399 1687 2437 heredibus

153 2471 188 2503 et
205 2469 481 2506 successoribus
498 2470 806 2520 quibuscunque.
827 2467 996 2505 adhibito
1011 2465 1112 2516 quod
1134 2464 1220 2514 ipsi7
1239 2476 1366 2500 eorum
1387 2460 1538 2557 hereges
1556 2464 1592 2496 et
1608 2471 1687 2494 suc-

1504 2520 1525 2556 5
