2184 3074
723 286 886 326 CODEX
912 287 1158 326 DUNENSIS.
1643 290 1714 328 215

170 406 365 443 dominum
399 406 571 443 comitem
602 409 817 442 remaneant
840 409 1018 455 tanquam
1045 403 1240 441 commissa
1259 408 1456 454 postquam
1479 404 1716 455 pervenerint

167 464 213 501 ad
233 468 387 501 aetatem
408 463 446 500 in
465 476 540 514 qua
558 462 702 513 possint
716 462 792 499 doli
813 475 965 514 capaces
983 462 1115 499 merito
1133 461 1360 512 nuncupari,
1378 466 1413 498 et
1434 462 1581 499 interim
1594 492 1602 508 7
1621 463 1709 513 quia

168 526 265 560 aetas
284 535 412 559 eorum
432 522 579 572 ignorat
603 520 695 572 quid
718 520 856 567 videat,
879 521 1022 571 possint
1046 520 1167 558 redire
1190 520 1494 571 quandocunque
1520 534 1639 572 usque
1664 522 1708 558 ad

169 580 310 618 dictum
325 585 471 631 tempus
485 584 521 618 et
532 580 632 618 bona
646 579 813 630 ipsorum
829 592 1057 630 recuperare,
1073 579 1136 616 sed
1150 592 1348 630 quousque
1361 580 1540 626 venerint,
1557 585 1709 617 tenean-

170 644 230 678 tur
247 644 284 678 et
306 639 578 684 custodiantur,
601 642 714 689 prout
739 650 851 688 supra
875 637 1018 675 dictum
1042 642 1096 675 est
1116 650 1181 688 per
1198 637 1393 675 dominum
1413 639 1584 677 comitem
1603 645 1708 676 ante-

170 699 325 736 dictum.
348 697 389 734 ln
409 697 516 747 cujus
535 696 681 734 consilii
701 696 912 734 testimonio
933 709 999 733 nos
1017 695 1217 746 praedicti,
1236 701 1303 734 etc.

873 821 992 831 *-

849 963 1028 1001 CXXXll.

216 1082 336 1120 Letlre
359 1081 510 1119 relative
528 1082 551 1118 ἀ
569 1093 621 1118 un
642 1080 749 1130 depol
770 1093 818 1118 αιι
843 1082 940 1131 sajet
962 1080 1101 1131 duqnel
1126 1081 1174 1118 les
1199 1080 1356 1118 troubles
1375 1087 1407 1118 et
1428 1081 1477 1119 les
1499 1094 1653 1132 quet-res

494 1139 656 1177 donnent
672 1139 746 1177 lieu
763 1139 806 1176 de
823 1141 1009 1177 concevoir
1024 1139 1087 1177 des
1106 1140 1335 1190 inquietudes
1355 1144 1375 1176 ¹.

213 1345 376 1383 Salutem
403 1349 439 1382 et
467 1345 564 1381 inter
591 1343 704 1393 hujus
732 1343 890 1381 labentis
919 1343 1016 1381 vitae
1045 1344 1226 1394 procellas
1248 1343 1294 1380 ad
1318 1343 1511 1381 coelestem
1543 1345 1698 1395 patriani

163 1417 309 1457 semper
325 1405 364 1442 in
383 1404 514 1441 melius
533 1403 730 1454 proficisci.

212 1463 306 1502 Cum
324 1463 461 1501 alicubi
480 1467 634 1500 eventus
652 1466 908 1507 succrescunt,
931 1461 969 1498 in
988 1461 1127 1512 quibus
1147 1461 1248 1498 nulla
1266 1461 1354 1498 boni
1373 1474 1473 1512 spes,
1490 1461 1554 1498 scd
1574 1462 1699 1512 potius

163 1521 374 1561 detrimenti
393 1526 428 1559 et
445 1521 666 1573 perditionis
685 1520 900 1566 attenditur,
926 1519 1095 1556 adhiberi
1119 1519 1230 1556 debet
1254 1519 1476 1557 habundans
1497 1520 1638 1556 cautela
1657 1525 1699 1557 ut

164 1581 202 1619 in
228 1581 302 1620 illis
323 1592 434 1618 omne
460 1581 576 1618 latens
599 1579 807 1631 periculum
835 1578 1001 1616 celeriter
1027 1578 1193 1615 evitetur.
1221 1578 1295 1615 Nos
1325 1578 1439 1628 igitur
1464 1578 1501 1615 in
1529 1578 1697 1628 partibus

162 1640 269 1678 vobis
293 1639 380 1677 satis
406 1638 629 1690 propinquis
655 1637 884 1675 attendentes
917 1641 1068 1674 eventus
1098 1636 1186 1673 satis
1217 1636 1398 1673 terribiles
1424 1641 1460 1673 et
1484 1636 1530 1673 ad
1557 1636 1637 1674 lites
1662 1642 1698 1674 et

162 1698 415 1736 contentiones
433 1697 666 1748 gravissimas
684 1700 942 1746 provocantes,
956 1695 1002 1732 de
1016 1694 1088 1732 hiis
1107 1708 1202 1745 quae
1218 1699 1336 1732 vestra
1352 1699 1440 1732 sunt
1453 1700 1489 1732 et
1505 1695 1551 1732 de
1570 1700 1695 1733 nostro

161 1755 330 1808 deposito
347 1756 449 1806 quod
467 1769 579 1806 penes
598 1768 663 1792 vos
681 1759 753 1801 est,
772 1754 1095 1805 quamplurimum
1116 1753 1370 1791 formidamus.

216 1886 223 1902 '
245 1886 296 1914 Les
321 1885 483 1913 monasteres
501 1886 534 1912 de
554 1885 640 1912 Suede
663 1889 689 1911 et
714 1885 746 1911 de
773 1883 901 1918 Norwege
951 1892 998 1911 san
1013 1884 1060 1910 des
1079 1883 1172 1918 depots
1190 1883 1325 1918 prccieux.
1338 1883 1412 1909 Telle
1426 1887 1465 1909 est
1479 1882 1694 1909 vraisemblablc-

162 1934 268 1961 avaient
285 1937 409 1960 coutume
421 1933 453 1959 de
464 1932 564 1959 confier
575 1939 626 1958 aux
640 1931 768 1966 religieux
782 1931 816 1958 de
827 1930 900 1957 'rho-
952 1934 1025 1957 ment
1040 1931 1064 1957 la
1077 1938 1172 1956 source
1185 1930 1218 1956 de
1232 1938 1261 1956 ee
1275 1930 1426 1956 document.
