2184 3074
499 357 573 394 490
1026 352 1188 390 CODEX
1213 352 1461 391 DUNENSIS.

500 483 604 508 mum
635 475 799 508 nostram
830 474 984 520 propter
1012 481 1163 519 guerras
1194 471 1230 504 et
1261 467 1446 505 defectum
1483 472 1647 518 segetum
1675 473 1712 507 et
1733 469 1805 507 alia
1827 470 2032 510 infortuni·

499 530 793 580 quamplurima,
814 542 910 579 quae
927 527 1172 579 permissione
1197 526 1325 564 divina
1353 526 1420 564 diu
1445 527 1624 566 sustinuit
1649 532 1687 566 et
1715 528 1840 566 adhue
1861 529 2030 580 graviora

497 587 654 624 sustinet
670 587 743 624 hiis
769 587 919 634 diebus,
944 586 992 623 de
1015 585 1164 623 licentia
1187 584 1340 635 capituli
1358 585 1559 634 generalis,
1586 585 1634 623 ad
1650 585 1804 624 dilectas
1828 591 1867 624 et
1881 587 2032 626 devotus

497 646 611 682 nostri
640 645 781 683 ordinis
808 645 991 691 abbatias,
1013 644 1187 695 proprios
1210 643 1308 680 filios
1331 643 1479 680 avulsos
1503 643 1550 680 ab
1575 644 1756 683 uberibus
1781 645 1911 683 matris
1926 658 2031 693 sune,

497 717 572 740 non
594 704 674 741 sine
699 704 815 740 multa
838 702 961 740 cordis
986 701 1235 739 amaritudine
1256 705 1292 738 et
1312 714 1502 752 pressura,
1521 701 1764 752 dispersionis
1788 702 1906 753 gratia
1923 714 2027 740 com-

494 762 672 811 pellimur
700 762 895 799 destinare.
932 761 1054 808 Quare
1084 760 1281 797 Caritatem
1314 759 1479 796 Vestram
1514 759 1741 810 requirimus
1772 760 1964 798 humiliter
1995 766 2032 798 et

495 833 668 870 rogamus
687 820 863 871 quatinus
882 820 920 856 in
942 818 1090 856 Christo
1109 818 1212 855 fratri
1216 846 1366 854 ......
1382 817 1570 867 dyacono,
1585 818 1770 856 monacho
1788 818 1923 856 domus
1941 832 2029 857 nos-

495 884 586 925 trae,
604 878 710 915 latori
729 878 998 929 praesentium,
1017 876 1063 913 ad
1084 876 1239 913 domum
1259 876 1368 913 talem
1387 875 1637 927 proficiscenti
1656 877 1775 926 gratia
1793 877 2028 925 comedendi,

494 950 579 975 eum
606 950 673 987 per
696 949 761 973 vos
792 936 948 973 transire
982 935 1195 986 contigerit,
1219 934 1381 972 caritatis
1407 938 1444 972 et
1467 933 1710 973 humanitatis
1741 935 1922 973 beneficia
1943 949 2030 974 cum

492 995 653 1033 vecturis
672 995 888 1032 necessariis
906 994 1067 1045 benigne
1085 998 1121 1031 et
1139 993 1393 1045 favorabiliter
1409 993 1644 1044 impendatis.
1663 994 1760 1032 Sane
1776 994 1978 1033 venerabili
1995 1001 2030 1034 et

492 1056 530 1092 in
557 1054 704 1092 Christo
732 1054 928 1091 karissimo
953 1053 1049 1104 patri
1075 1052 1230 1090 domino
1251 1052 1376 1090 abbati
1399 1052 1488 1090 dicti
1511 1052 1583 1090 loci
1607 1066 1694 1090 cum
1714 1053 1920 1092 reverentia
1937 1053 2028 1092 offe-

491 1113 608 1150 rimus
638 1126 764 1163 preces
795 1116 938 1150 nostras
968 1117 1011 1150 ut
1037 1112 1187 1149 fratrem
1218 1115 1389 1149 nostrum
1414 1111 1645 1150 antedictum
1671 1124 1757 1149 cum
1783 1112 1862 1152 suia
1890 1112 2025 1154 ovibus

491 1172 660 1218 retineat,
691 1171 811 1208 donec
842 1183 1018 1222 processu
1049 1170 1243 1221 temporis,
1282 1170 1428 1209 meliori
1458 1171 1624 1217 fortuna,
1666 1171 1813 1211 favente
1846 1171 2031 1219 nomino,

491 1230 694 1276 arridente,
712 1230 886 1268 eumdem
904 1234 939 1268 et
957 1230 1048 1268 alios
1066 1229 1272 1281 poterimus
1288 1242 1471 1268 revocare.
1490 1229 1642 1276 Datum,
1659 1234 1726 1269 etc.

1205 1356 1321 1367 -οοφ-

1152 1497 1366 1536 CCCXLlV.

608 1620 729 1656 Lem-e
745 1619 894 1657 relative
910 1632 989 1656 aux
1004 1619 1187 1668 fonctions
1204 1616 1401 1655 abbatiales
1418 1615 1514 1654 dans
1533 1615 1564 1653 le
1585 1617 1789 1653 monaster-e
1806 1614 1850 1655 dc
1868 1614 1906 1652 la

1049 1675 1465 1714 mavelle-Jerusalem.

534 1869 745 1907 Venerabili
772 1875 813 1907 ut
843 1883 965 1921 supra.
986 1871 1080 1908 Cum
1105 1870 1202 1908 vices
1228 1870 1420 1908 reverendi
1446 1869 1562 1920 patris
1580 1867 1727 1906 domini
1746 1865 2026 1908 Clarevallemis

483 1927 530 1964 de
547 1929 723 1966 mandato
741 1929 858 1980 ipsius
877 1930 1027 1981 speciali
1053 1930 1093 1966 in
1116 1929 1342 1967 monasterio
1370 1929 1495 1967 Novae
1521 1927 1756 1966 Jherusalem
1773 1937 1894 1976 usque
1921 1936 2022 1962 nunc

484 1987 762 2038 suppleveritis,
793 1988 879 2025 licet
908 1989 1125 2026 mandatum
1156 1989 1315 2040 speciale
1342 1988 1510 2039 ejusdem
1536 1987 1681 2024 abbatis
1711 1985 1758 2023 de
1784 1996 1883 2022 novo
1909 1982 2021 2021 creati

486 2046 654 2083 nondum
685 2047 911 2098 receperitis,
933 2048 1100 2098 ejusdem
1125 2052 1248 2085 tamen
1277 2047 1423 2085 abbatis
1447 2046 1547 2083 vices
1572 2046 1612 2082 in
1639 2043 1816 2082 omnibus
1847 2055 1956 2093 agere
1985 2045 2022 2078 et

485 2105 657 2155 supplere
684 2105 847 2152 debetis,
866 2106 985 2143 donec
1017 2106 1121 2143 alteri
1148 2106 1376 2144 commiserit
1402 2105 1502 2143 vioes
1527 2117 1624 2142 suas.
1648 2104 1773 2152 Quare
1796 2099 2021 2139 Diseretioni

485 2162 634 2200 Vestrae
664 2164 895 2202 consulimus
929 2165 1107 2215 quatinus
1142 2165 1189 2203 ad
1221 2164 1478 2215 recipiendum
1513 2162 1782 2214 professionem
1816 2158 1954 2200 uariae
1984 2162 2023 2197 et

487 2220 685 2270 Elysabeth
705 2222 924 2271 procedatis.
945 2223 1045 2260 Bene
1061 2223 1190 2261 valete.

1183 2386 1290 2396 ⁴⁴⁴-
