2184 3074
747 362 908 401 CODEX
935 364 1182 403 DUNENSIS.
1683 374 1729 411 85

197 479 402 516 Romanam
422 479 562 517 curiam
584 483 760 530 tanquam
780 485 935 518 matrem
954 481 1098 519 facilius
1121 495 1370 530 recurramus,
1392 489 1432 522 ut
1457 485 1504 522 ab
1532 486 1611 535 ejus
1637 487 1730 524 ube·-

196 535 301 575 ribus
321 537 543 586 nutriamur,
561 538 778 576 auctoritate
795 539 1041 577 defendamur
1057 546 1093 578 et
1114 554 1133 578 a
1153 542 1288 580 nostris
1305 545 1612 609 oppressionibus
1635 547 1729 584 rele-

195 607 338 643 vemur,
359 609 539 634 memores
562 600 683 634 autem
705 596 784 634 sitis
805 597 1095 648 praedictorum,
1113 599 1202 650 quia
1220 599 1249 637 si
1269 614 1337 667 P‚¹'⁰
1355 601 1436 653 ipso
1456 616 1582 654 preces
1602 603 1726 642 humi·

195 653 279 691 liter
291 653 544 702 effundamus,
562 655 695 692 cedet
685 668 723 692 in
743 656 922 707 requiem
942 670 1017 694 non
1036 657 1200 695 laborem
1211 659 1323 709 ,quia
1338 659 1482 698 labores
1498 662 1727 701 voluntarios

194 711 334 762 appetit
356 716 393 750 et
417 717 541 751 noctes
565 713 700 751 ducit
690 727 904 765 insompnes
928 720 969 752 ut
991 715 1100 752 nobis
1125 720 1161 753 et
1183 687 1264 755 aliis
1290 718 1452 768 quietem
1477 720 1596 757 valeat
1618 734 1727 771 prae·

193 782 334 820 parare.

908 841 916 844 ⁴
924 837 1012 848 -.ο-

905 977 1013 1016 LXll.

503 1097 668 1146 Enquete
690 1107 760 1133 sur
786 1095 817 1133 le
843 1101 1030 1134 testament
1054 1097 1097 1134 de
1123 1098 1252 1135 Pierre
1278 1099 1408 1137 Bonin.

924 1159 948 1176 ω

237 1299 297 1338 Hii
316 1305 405 1338 sunt
421 1300 567 1338 articuli
587 1314 699 1353 super
715 1301 854 1352 quibus
867 1302 1104 1339 examinandi
1119 1308 1206 1340 sunt
1221 1307 1327 1340 testes
1341 1317 1408 1354 per
1422 1317 1486 1342 vos
1501 1306 1718 1356 magistrum

188 1358 254 1396 Β
223 1388 344 1396 .....
366 1388 374 1406 ,
394 1356 699 1398 archidiaconum
718 1361 1031 1398 Cameracensem.

234 1417 383 1455 Primus
399 1418 578 1456 articulus
596 1423 650 1456 est
662 1419 765 1469 quod
780 1424 981 1470 quaeratur
994 1425 1120 1456 utrum
1136 1420 1267 1458 Petrus
1281 1420 1402 1458 dictus
1415 1421 1538 1458 Bonin
1554 1423 1722 1461 condidit

188 1478 475 1514 testamentum?
497 1476 591 1514 Dico
615 1476 718 1527 quod
742 1477 796 1514 sic
821 1482 974 1515 extenso
999 1477 1182 1515 vocabulo
1211 1479 1417 1516 testamenti
1445 1480 1490 1515 ad
1517 1481 1723 1530 quamlibet

187 1535 427 1572 voluntatem.
453 1535 499 1572 Et
522 1534 715 1585 quaeritur
735 1539 862 1572 utrum
888 1535 925 1572 in
944 1536 1091 1586 scriptis
1115 1537 1171 1573 vel
1196 1536 1276 1574 sine
1302 1537 1473 1587 scriptis?
1499 1538 1591 1575 Dico
1618 1540 1720 1589 quod

186 1593 266 1631 sine
284 1593 449 1644 scriptis,
465 1593 554 1644 quia
573 1607 682 1631 suum
698 1594 950 1645 nuncupative
964 1594 1133 1632 condidit
1151 1599 1421 1632 testamentum.
1436 1596 1482 1633 Et
1494 1609 1617 1634 coram
1634 1598 1721 1648 qui-

186 1651 283 1690 bus?
302 1651 396 1689 Dico
414 1652 516 1703 quod
535 1665 659 1690 coram
680 1652 753 1690 illis
771 1653 837 1704 qui
857 1653 1048 1690 convocati
1069 1653 1215 1690 fuerant
1232 1658 1268 1690 et
1284 1654 1400 1704 rogati
1421 1653 1459 1690 in
1479 1658 1600 1701 testes,
1622 1669 1720 1706 quo-

186 1722 270 1746 rum
291 1709 443 1747 nomina
465 1715 553 1747 sunt
572 1709 634 1747 illa
652 1723 749 1761 quae
766 1709 1005 1747 continentur
1023 1710 1061 1747 in
1085 1714 1313 1748 testamento.
1336 1710 1382 1747 Et
1405 1712 1598 1762 quaeritur
1624 1713 1688 1750 ubi
1703 1716 1720 1749 ‘s'

185 1769 278 1806 Dico
304 1768 407 1819 quod
431 1769 587 1819 Brugis,
618 1769 657 1806 in
681 1782 824 1806 camera
851 1782 939 1806 suae
957 1769 1091 1806 domus
1117 1769 1207 1806 sitae
1233 1770 1271 1806 in
1297 1769 1380 1806 vico
1397 1769 1462 1820 qui
1481 1770 1619 1808 dicitur
1636 1772 1718 1809 Alta

186 1827 320 1864 Platea.
346 1827 392 1864 Et
415 1827 595 1878 quando?
618 1827 712 1864 Dico
731 1827 834 1878 quod
853 1841 951 1865 anno
969 1827 1122 1865 Domini
1142 1827 1193 1865 Μο
1211 1828 1284 1865 CC⁰
1301 1827 1339 1864 iu
1359 1827 1419 1864 die
1436 1828 1589 1866 Sanctae
1607 1830 1720 1867 Kate-

186 1885 288 1923 rinae
304 1890 388 1923 ante
409 1899 558 1923 nonam.
576 1886 632 1923 De
650 1885 828 1937 qualitate
845 1885 934 1923 dicti
955 1886 1131 1937 temporis
1150 1899 1225 1923 non
1240 1887 1374 1923 recolo.
1386 1887 1431 1924 Et
1444 1888 1634 1938 quomodo
1649 1888 1719 1926 hoc

185 1945 302 1982 sciat?
319 1945 412 1982 Dico
427 1959 486 1982 me
500 1945 593 1983 scire
606 1945 785 1996 quoniam
803 1958 888 1982 cum
903 1945 985 1982 aliis
1003 1949 1227 1983 convocatus
1245 1949 1280 1982 et
1294 1950 1441 1995 rogatus
1454 1945 1501 1982 ab
1515 1946 1596 1996 ipso
1611 1947 1719 1985 Petro

186 2003 309 2040 Bonin
328 2003 478 2042 interfui
504 2008 681 2054 tanquam
704 2003 804 2041 testis
829 2009 865 2040 et
890 2008 1068 2054 tanquam
1096 2017 1194 2041 unus
1218 2008 1457 2041 executorum
1483 2017 1656 2050 suorum,
1684 2011 1720 2043 et

186 2062 351 2099 intellexi
370 2062 495 2099 omnia
513 2075 609 2113 quae
627 2062 767 2099 fiebant
785 2062 924 2099 ibidem
944 2076 1011 2113 per
1028 2062 1179 2099 Petrum
1198 2062 1445 2113 praedictum,
1464 2067 1553 2099 tunc
1572 2064 1716 2101 nullum

186 2121 339 2159 rationis
362 2122 533 2159 mentalis
558 2121 743 2159 defectum
767 2121 984 2168 habentem,
1003 2126 1045 2158 ut
1063 2121 1177 2158 michi
1209 2126 1297 2158 tunc
1316 2121 1491 2172 temporis
1509 2121 1717 2160 videbatur.

234 2179 427 2219 Secundus
446 2179 624 2217 articulus
642 2184 697 2217 est
713 2179 816 2230 quod
834 2184 1035 2230 quaeratur
1051 2179 1144 2230 quid
1164 2179 1202 2216 in
1222 2179 1286 2216 illo
1304 2183 1522 2216 testamento
1549 2180 1719 2218 contine·

184 2239 320 2276 batur?
338 2237 432 2276 Dico
450 2239 553 2289 quod
572 2252 613 2276 ea
631 2239 919 2277 continebantur
937 2239 975 2276 in
994 2239 1058 2276 illo
1080 2252 1175 2289 quae
1199 2243 1326 2290 patent
1349 2238 1387 2275 in
1415 2238 1534 2275 littera
1562 2239 1719 2290 sigillata

185 2297 316 2349 sigillis
336 2309 465 2334 eorum
485 2297 549 2348 qui
568 2297 782 2335 auctoritate
798 2298 921 2348 papali
940 2298 1133 2335 occasione
1156 2296 1333 2347 praedicti
1362 2297 1569 2334 testamenti
1598 2297 1720 2345 citati,

185 2359 474 2406 comparuerunt
491 2355 734 2406 personaliter
750 2355 936 2393 Cameraci
948 2385 957 2402 ,
975 2355 1127 2392 domine
1150 2354 1429 2400 archidiacone,
1450 2367 1573 2391 coram
1594 2355 1719 2402 vobis,

186 2427 280 2466 quos
298 2413 549 2464 comparuisse
567 2413 731 2451 novistis.
750 2413 853 2462 Quae
870 2413 1003 2464 legata,
1022 2426 1118 2463 quae
1135 2412 1270 2450 donata
1290 2417 1326 2450 et
1343 2413 1483 2463 quibus
1502 2413 1669 2464 personis
1684 2419 1719 2451 et

187 2472 233 2510 ad
250 2485 345 2523 quos
362 2485 451 2509 usus
469 2471 743 2509 convertenda?
760 2471 853 2509 Dico
867 2471 969 2522 quod
984 2471 1109 2508 omnia
1125 2470 1215 2508 haec
1227 2476 1389 2521 quatuor
1403 2474 1530 2521 patent
1544 2470 1580 2508 in
1598 2471 1715 2509 littera
