2184 3074
752 253 913 292 CODEX
940 253 1183 293 DUNENSlS.
1661 263 1731 302 205

199 375 340 427 apicem
365 373 559 412 sublimari
586 377 623 410 et
652 372 841 410 exorando
868 371 1048 410 instanter
1079 377 1119 409 ut
1151 372 1385 424 imponerent
1406 375 1469 412 alii
1497 389 1594 414 onus
1623 378 1732 415 istud.

246 433 319 484 Ipsi
337 445 441 479 vere,
460 445 528 470 suo
542 431 735 483 proposito
750 430 882 468 fortius
902 430 1130 478 insistentes,
1150 436 1275 469 nostra
1294 434 1526 472 recusatione
1545 448 1587 472 ac
1601 435 1735 487 depre-

194 493 337 530 catione
363 491 517 528 omnino
542 490 708 541 repulsa,
736 501 932 540 personam
965 494 1127 526 nostram
1153 495 1489 543 quantumcunque
1514 494 1731 532 renitentem

194 551 355 602 quadam
376 549 551 587 violentia
571 553 787 599 coegerunt„
806 552 842 585 et
860 547 1020 585 extensis
1041 547 1077 584 in
1097 561 1176 585 eam
1198 549 1371 588 manibus
1390 551 1436 588 ad
1455 553 1731 590 assentiendum

192 622 320 647 eorum
342 607 534 646 desideriis
557 619 624 644 nos
656 606 893 657 pertinaciter
917 610 1107 644 attraxere.
1133 607 1255 654 Unde,
1278 622 1323 645 ne
1349 609 1498 647 divinae
1521 611 1733 649 videremur

192 665 447 719 providentiae
473 665 643 711 obviare7
666 678 753 702 suae
773 664 1008 715 dispositioni
1033 665 1177 702 obicem
1201 671 1395 716 protervae
1419 668 1649 708 difficultatis
1674 671 1734 707 in-

192 727 306 770 serr-e,
333 737 375 762 ac
393 737 440 761 ne
458 723 621 761 scandali
641 724 698 760 vel
717 723 955 761 dissentionis
974 725 1164 774 materiam
1183 725 1466 775 praeberemus,
1483 728 1618 765 devicti
1638 729 1730 766 dura

192 789 227 822 et
250 783 403 821 ferventi
426 782 702 834 praedictorum
726 782 879 819 fratrum
901 782 1074 819 instantia
1087 811 1096 828 a
1111 783 1206 820 votis
1226 783 1271 820 ad
1288 785 1461 823 ultimum
1474 816 1482 832 ,
1502 800 1730 838 quamquam

194 842 313 888 inviti,
327 841 583 893 acquievimus
597 840 825 888 eorumdem,
841 840 1100 878 submittentes
1116 842 1481 884 nostraeffdcbilitatis
1497 845 1672 882 humeros
1687 847 1732 882 ad

194 899 438 952 portandum,
454 912 530 936 non
552 899 655 950 quod
681 898 728 935 de
751 898 876 949 aliqua
904 903 1027 935 nostra
1057 899 1193 936 virtute
1222 900 1395 938 fiduciam
1420 902 1642 949 habeamus,
1670 905 1733 941 sed

194 960 281 1010 quia
300 959 346 996 de
364 958 466 995 Illius
488 970 679 1008 speramus
703 957 844 994 auxilio
868 957 934 1007 qui
959 971 1028 1008 pro
1047 971 1090 994 eo
1114 958 1371 997 laborantibus
1397 961 1459 997 (lat
1482 962 1576 998 ferre
1598 962 1731 1012 jugum

194 1017 356 1056 suaviter
373 1021 408 1054 et
429 1017 558 1053 leviter
574 1029 669 1053 onus
692 1029 801 1053 suum
815 1045 824 1062 ,
851 1016 916 1066 qui
936 1016 982 1053 (le
1001 1016 1166 1054 allluenti
1185 1030 1273 1054 suae
1293 1018 1468 1057 bonitatis
1489 1020 1629 1071 irriguo
1649 1035 1734 1072 spe-

194 1075 354 1114 rantium
378 1075 416 1112 in
435 1088 473 1112 se
493 1079 641 1126 pectora
667 1074 834 1124 largiflue
855 1074 1038 1125 compluit
1060 1080 1095 1112 et
1122 1076 1314 1123 fecundat,
1345 1078 1410 1127 qui
1440 1078 1730 1117 balbutientium

194 1135 340 1186 linguas
353 1146 440 1171 suae
457 1132 604 1170 virtutis
621 1132 784 1184 potentia
803 1133 1019 1183 eloquentes
1034 1134 1147 1171 efficit
1163 1139 1199 1171 et
1217 1135 1407 1174 facundas.

243 1193 358 1230 Porro
379 1192 468 1243 quia
491 1196 658 1230 nostrum
678 1191 979 1242 recognoscimus
1000 1192 1279 1243 imperfectum,
1305 1199 1459 1245 propter
1477 1196 1579 1246 quod
1602 1196 1734 1235 alienis

195 1251 373 1290 subsidiis
408 1251 600 1303 potissime
631 1251 860 1302 indigemuS‚
891 1251 936 1288 ad
968 1251 1149 1289 sinceram
1187 1252 1422 1290 devotionem
1447 1259 1604 1292 vestram
1644 1269 1735 1293 con-

195 1311 351 1349 fidenter
390 1311 635 1357 recurrimus,
675 1315 871 1361 vestraque
908 1311 1082 1362 suffragia
1123 1311 1346 1350 fiducialiter
1385 1314 1634 1363 postulamus,
1674 1327 1736 1351 ro-

193 1374 319 1421 gantes
345 1382 411 1407 vos
449 1373 485 1406 et
513 1368 688 1406 attentius
724 1368 960 1406 exhortantes
995 1374 1179 1419 quatenus
1217 1370 1344 1407 sedula
1379 1383 1445 1408 nos
1476 1372 1575 1422 apud
1612 1372 1731 1410 Deum

195 1427 457 1466 intercessione
483 1427 636 1477 juvetis,
668 1427 851 1465 solventes
880 1428 1025 1479 linguas
1065 1428 1102 1466 in
1133 1442 1259 1479 preces
1291 1434 1327 1466 et
1353 1429 1390 1466 in
1419 1430 1527 1481 juges
1556 1431 1736 1481 pronubis

194 1485 377 1524 orationes
407 1485 503 1523 labia
534 1489 757 1523 exercentes.
791 1486 846 1523 Ex
886 1486 1028 1524 intimis
1062 1500 1289 1538 quaesumus
1321 1488 1514 1525 affectibus
1545 1489 1736 1540 supplica-

197 1545 313 1582 tiones
345 1544 406 1581 ad’
423 1544 567 1581 coelum
588 1544 744 1595 dirigite
779 1556 821 1581 ac
855 1544 936 1581 sine
960 1545 1234 1582 intermissione
1261 1558 1328 1582 nos
1362 1547 1439 1582 Deo
1466 1546 1579 1583 sacris
1606 1548 1735 1585 vestris

194 1602 532 1640 interventionibus
559 1602 835 1649 commendate,
862 1603 990 1640 crebra
1023 1604 1073 1640 ob
1105 1603 1177 1640 hoc
1206 1603 1277 1641 sibi
1305 1617 1459 1641 munera
1490 1609 1527 1641 et
1556 1605 1735 1643 sacrificia

193 1661 404 1707 offerentes,
423 1665 465 1698 u't
482 1673 595 1712 super
613 1673 680 1698 nos
699 1661 856 1698 imbrem
874 1661 1013 1712 gratiae
1040 1675 1128 1699 suae
1147 1662 1250 1713 pluat
1274 1667 1309 1700 et
1330 1676 1452 1700 rorem
1472 1663 1601 1700 solitae
1629 1663 1736 1701 beni-

192 1719 342 1770 gnitatis
373 1719 546 1756 infundat
576 1719 678 1770 quod
705 1732 773 1757 nos
798 1724 901 1757 actus
928 1725 1074 1758 nostros
1100 1721 1301 1771 dirigentes
1324 1722 1370 1758 ad
1398 1721 1515 1772 ipsam
1536 1722 1735 1760 Ecclesiam

194 1791 316 1824 suam,
337 1791 451 1828 quam
485 1778 593 1816 nobis
619 1778 850 1815 committere
879 1779 1012 1825 voluit7
1045 1780 1244 1816 salubriter
1272 1793 1397 1830 regere
1424 1793 1466 1817 ae
1490 1780 1536 1818 de
1563 1781 1735 1819 universo

196 1836 312 1888 ipsius
329 1849 438 1887 grege
454 1836 668 1886 vigilantiae
685 1841 832 1874 nostrae
849 1837 991 1874 credito
1011 1850 1137 1874 curam
1161 1851 1287 1887 gerere
1310 1838 1474 1875 debitam
1497 1839 1605 1888 juxta
1625 1853 1734 1877 suum

196 1894 470 1945 beneplacitum
493 1895 692 1932 valeamus.
720 1895 812 1933 Nam
836 1908 919 1933 cum
947 1895 1026 1932 sitis
1053 1895 1100 1932 de
1126 1895 1225 1933 curis
1251 1896 1480 1933 secularibus
1502 1897 1602 1933 exuti
1629 1903 1664 1934 et
1691 1898 1738 1934 de

199 1953 328 1991 mundi
356 1953 467 1990 rebus
491 1953 673 2004 expediti,
699 1954 933 1991 commodius
953 1957 988 1990 et
1013 1954 1243 2004 frequentius
1264 1955 1455 1991 intendere
1479 1955 1640 1992 orationi
1668 1970 1737 2007 po-

200 2011 299 2049 testis
315 2016 351 2048 et
363 2012 687 2062 contemplationis
705 2013 772 2050 alis
791 2013 837 2050 ad
856 2013 1144 2063 supplicandum
1164 2017 1200 2050 et
1213 2013 1505 2064 colloquendum
1522 2015 1598 2050 Deo
1618 2015 1739 2052 levius

200 2076 236 2107 et
252 2070 462 2121 expeditius
484 2071 630 2108 elevari.
662 2071 784 2109 Oretis
815 2072 969 2122 insuper
991 2078 1035 2108 ut
1059 2071 1231 2108 conditor
1263 2076 1299 2108 et
1322 2072 1520 2118 Dominus,
1545 2074 1738 2123 prostratis

200 2141 417 2180 guerrarum
453 2133 490 2166 et
519 2129 799 2167 inimicitiarum
823 2129 1031 2175 fluctibus,
1063 2130 1164 2180 pacis
1205 2129 1441 2180 impartiatur
1478 2131 1737 2182 tranquillum,

203 2193 355 2226 matrem
374 2187 574 2225 Ecclesiam
590 2193 756 2240 protegat
769 2194 804 2226 ct
820 2190 956 2226 exaltet
968 2194 1002 2226 et
1021 2189 1054 2226 ei
1070 2194 1222 2227 cunctos
1237 2189 1354 2240 ipsius
1371 2189 1543 2226 humiliet
1557 2190 1741 2228 inimicos.

203 2247 276 2284 Nos
293 2259 380 2283 vero
391 2275 400 2292 ,
417 2246 505 2296 quia
523 2259 668 2298 semper
683 2247 793 2286 vestri
809 2247 953 2286 ordinis
967 2253 1148 2286 amatores
1162 2247 1354 2285 extitimus
1373 2252 1409 2284 et
1423 2247 1575 2285 honoris
1595 2253 1628 2285 et
1651 2247 1740 2285 boni

205 2305 262 2342 sui
286 2304 417 2342 fervidi
439 2305 630 2352 zelatores,
658 2305 814 2343 firmiter
837 2307 874 2344 in
900 2307 1026 2343 animo
1051 2307 1214 2357 gerimus
1233 2319 1298 2344 vos
1315 2311 1352 2343 et
1369 2306 1541 2343 eumdem
1569 2306 1739 2344 ordinem

209 2367 359 2414 paterna
377 2362 626 2401 benivolentia
646 2365 856 2412 confovere,
875 2365 1058 2416 vobisque
1075 2364 1252 2402 continue
1270 2365 1465 2415 oportunis
1490 2364 1616 2402 adesse
1634 2378 1740 2414 prae-
