<?xml version="1.0" encoding="UTF-8"?>
<!DOCTYPE html PUBLIC "-//W3C//DTD XHTML 1.0 Transitional//EN"
    "http://www.w3.org/TR/xhtml1/DTD/xhtml1-transitional.dtd">
<html xmlns="http://www.w3.org/1999/xhtml" xml:lang="en" lang="en">
 <head>
  <title>
</title>
<meta http-equiv="Content-Type" content="text/html;charset=utf-8" />
  <meta name='ocr-system' content='tesseract 3.04.00' />
  <meta name='ocr-capabilities' content='ocr_page ocr_carea ocr_par ocr_line ocrx_word'/>
</head>
<body>
  <div class='ocr_page' id='page_1' title='image "./codexdunensissiv00kervuoft/codexdunensissiv00kervuoft_0553.png"; bbox 0 0 2184 3074; ppageno 0'>
   <div class='ocr_carea' id='block_1_1' title="bbox 748 333 1722 379">
    <p class='ocr_par' dir='ltr' id='par_1_1' title="bbox 748 333 1722 379">
     <span class='ocr_line' id='line_1_1' title="bbox 748 333 1722 379; baseline 0.011 -10"><span class='ocrx_word' id='word_1_1' title='bbox 748 333 909 371; x_wconf 75' lang='lat' dir='ltr'><strong>conssx</strong></span> <span class='ocrx_word' id='word_1_2' title='bbox 936 334 1181 372; x_wconf 84' lang='lat' dir='ltr'><strong>DUNENSlS.</strong></span> <span class='ocrx_word' id='word_1_3' title='bbox 1656 343 1696 379; x_wconf 71' lang='lat'><strong>51</strong></span> <span class='ocrx_word' id='word_1_4' title='bbox 1711 344 1722 379; x_wconf 83' lang='grc' dir='ltr'>Ι</span> 
     </span>
    </p>
   </div>
   <div class='ocr_carea' id='block_1_2' title="bbox 192 448 1729 1436">
    <p class='ocr_par' dir='ltr' id='par_1_2' title="bbox 192 448 1729 1436">
     <span class='ocr_line' id='line_1_2' title="bbox 200 448 1714 503; baseline 0.002 -16"><span class='ocrx_word' id='word_1_5' title='bbox 200 450 370 502; x_wconf 74' lang='lat' dir='ltr'><strong>paverint</strong></span> <span class='ocrx_word' id='word_1_6' title='bbox 399 454 435 487; x_wconf 89' lang='lat' dir='ltr'><strong>et</strong></span> <span class='ocrx_word' id='word_1_7' title='bbox 468 448 656 485; x_wconf 74' lang='lat' dir='ltr'>detineant</span> <span class='ocrx_word' id='word_1_8' title='bbox 688 449 869 486; x_wconf 85' lang='lat' dir='ltr'><strong>violenter</strong></span> <span class='ocrx_word' id='word_1_9' title='bbox 901 448 940 486; x_wconf 90' lang='lat' dir='ltr'><strong>in</strong></span> <span class='ocrx_word' id='word_1_10' title='bbox 970 449 1230 499; x_wconf 79' lang='lat' dir='ltr'><strong>gravissimum</strong></span> <span class='ocrx_word' id='word_1_11' title='bbox 1260 451 1464 503; x_wconf 88' lang='lat' dir='ltr'><strong>dampnum</strong></span> <span class='ocrx_word' id='word_1_12' title='bbox 1497 459 1662 492; x_wconf 86' lang='lat' dir='ltr'><strong>nostrum</strong></span> <span class='ocrx_word' id='word_1_13' title='bbox 1694 470 1714 490; x_wconf 80' lang='lat' dir='ltr'><strong>e</strong></span> 
     </span>
     <span class='ocr_line' id='line_1_3' title="bbox 200 506 1729 563; baseline 0.003 -18"><span class='ocrx_word' id='word_1_14' title='bbox 200 507 398 546; x_wconf 72' lang='lat' dir='ltr'><strong>laesionem</strong></span> <span class='ocrx_word' id='word_1_15' title='bbox 428 518 634 551; x_wconf 78' lang='lat' dir='ltr'><strong>enormem3</strong></span> <span class='ocrx_word' id='word_1_16' title='bbox 661 518 745 543; x_wconf 87' lang='lat' dir='ltr'><strong>eum</strong></span> <span class='ocrx_word' id='word_1_17' title='bbox 773 506 882 543; x_wconf 88' lang='lat' dir='ltr'><strong>etiam</strong></span> <span class='ocrx_word' id='word_1_18' title='bbox 915 507 1098 557; x_wconf 78' lang='lat' dir='ltr'><strong>praefatus</strong></span> <span class='ocrx_word' id='word_1_19' title='bbox 1125 521 1294 546; x_wconf 88' lang='lat' dir='ltr'><strong>summus</strong></span> <span class='ocrx_word' id='word_1_20' title='bbox 1317 510 1483 560; x_wconf 80' lang='lat' dir='ltr'>pontifex</span> <span class='ocrx_word' id='word_1_21' title='bbox 1506 525 1550 549; x_wconf 86' lang='lat' dir='ltr'><strong>ex</strong></span> <span class='ocrx_word' id='word_1_22' title='bbox 1570 512 1729 563; x_wconf 88' lang='lat' dir='ltr'><strong>quibus-</strong></span> 
     </span>
     <span class='ocr_line' id='line_1_4' title="bbox 199 564 1726 615; baseline 0.003 -11"><span class='ocrx_word' id='word_1_23' title='bbox 199 565 284 604; x_wconf 88' lang='lat' dir='ltr'><strong>dam</strong></span> <span class='ocrx_word' id='word_1_24' title='bbox 303 578 378 603; x_wconf 93' lang='lat' dir='ltr'><strong>non</strong></span> <span class='ocrx_word' id='word_1_25' title='bbox 395 564 491 602; x_wconf 85' lang='lat' dir='ltr'><strong>veris</strong></span> <span class='ocrx_word' id='word_1_26' title='bbox 509 569 545 601; x_wconf 92' lang='lat' dir='ltr'><strong>et</strong></span> <span class='ocrx_word' id='word_1_27' title='bbox 561 564 741 615; x_wconf 77' lang='lat' dir='ltr'><strong>suggestis</strong></span> <span class='ocrx_word' id='word_1_28' title='bbox 760 565 897 602; x_wconf 88' lang='lat' dir='ltr'><strong>moveri</strong></span> <span class='ocrx_word' id='word_1_29' title='bbox 925 565 1096 603; x_wconf 87' lang='lat' dir='ltr'><strong>credatur</strong></span> <span class='ocrx_word' id='word_1_30' title='bbox 1118 566 1163 602; x_wconf 91' lang='lat' dir='ltr'><strong>ad</strong></span> <span class='ocrx_word' id='word_1_31' title='bbox 1186 568 1460 606; x_wconf 82' lang='lat' dir='ltr'><strong>concedandam</strong></span> <span class='ocrx_word' id='word_1_32' title='bbox 1489 577 1726 609; x_wconf 79' lang='lat' dir='ltr'><strong>memoratam</strong></span> 
     </span>
     <span class='ocr_line' id='line_1_5' title="bbox 198 622 1729 678; baseline 0.003 -16"><span class='ocrx_word' id='word_1_33' title='bbox 198 624 480 662; x_wconf 77' lang='lat' dir='ltr'><strong>subventionem</strong></span> <span class='ocrx_word' id='word_1_34' title='bbox 499 622 688 674; x_wconf 90' lang='lat' dir='ltr'><strong>praedicto</strong></span> <span class='ocrx_word' id='word_1_35' title='bbox 708 623 796 673; x_wconf 72' lang='lat' dir='ltr'><strong>regi,</strong></span> <span class='ocrx_word' id='word_1_36' title='bbox 810 627 846 659; x_wconf 90' lang='lat' dir='ltr'><strong>et</strong></span> <span class='ocrx_word' id='word_1_37' title='bbox 859 623 1017 660; x_wconf 92' lang='lat' dir='ltr'><strong>nimium</strong></span> <span class='ocrx_word' id='word_1_38' title='bbox 1033 637 1143 674; x_wconf 78' lang='lat' dir='ltr'><strong>grave</strong></span> <span class='ocrx_word' id='word_1_39' title='bbox 1156 630 1248 662; x_wconf 86' lang='lat' dir='ltr'><strong>esset</strong></span> <span class='ocrx_word' id='word_1_40' title='bbox 1264 638 1330 664; x_wconf 89' lang='lat' dir='ltr'><strong>nos</strong></span> <span class='ocrx_word' id='word_1_41' title='bbox 1346 628 1516 678; x_wconf 90' lang='lat' dir='ltr'><strong>compelli</strong></span> <span class='ocrx_word' id='word_1_42' title='bbox 1532 629 1576 666; x_wconf 90' lang='lat' dir='ltr'><strong>ad</strong></span> <span class='ocrx_word' id='word_1_43' title='bbox 1592 629 1729 667; x_wconf 77' lang='lat' dir='ltr'><strong>subve-</strong></span> 
     </span>
     <span class='ocr_line' id='line_1_6' title="bbox 198 681 1725 736; baseline 0.003 -16"><span class='ocrx_word' id='word_1_44' title='bbox 198 682 379 721; x_wconf 86' lang='lat' dir='ltr'><strong>niendum</strong></span> <span class='ocrx_word' id='word_1_45' title='bbox 404 681 450 719; x_wconf 87' lang='lat' dir='ltr'><strong>de</strong></span> <span class='ocrx_word' id='word_1_46' title='bbox 476 681 584 719; x_wconf 87' lang='lat' dir='ltr'><strong>bonis</strong></span> <span class='ocrx_word' id='word_1_47' title='bbox 611 681 746 719; x_wconf 87' lang='lat' dir='ltr'><strong>nostris</strong></span> <span class='ocrx_word' id='word_1_48' title='bbox 771 681 925 719; x_wconf 91' lang='lat' dir='ltr'><strong>domino</strong></span> <span class='ocrx_word' id='word_1_49' title='bbox 951 682 1026 732; x_wconf 82' lang='lat' dir='ltr'><strong>regi</strong></span> <span class='ocrx_word' id='word_1_50' title='bbox 1053 683 1217 733; x_wconf 83' lang='lat' dir='ltr'><strong>praefato</strong></span> <span class='ocrx_word' id='word_1_51' title='bbox 1240 697 1307 722; x_wconf 90' lang='lat' dir='ltr'><strong>nos</strong></span> <span class='ocrx_word' id='word_1_52' title='bbox 1326 685 1575 736; x_wconf 77' lang='lat' dir='ltr'><strong>impugnanti,</strong></span> <span class='ocrx_word' id='word_1_53' title='bbox 1600 693 1725 725; x_wconf 88' lang='lat' dir='ltr'><strong>contra</strong></span> 
     </span>
     <span class='ocr_line' id='line_1_7' title="bbox 197 739 1724 792; baseline 0.003 -14"><span class='ocrx_word' id='word_1_54' title='bbox 197 740 426 792; x_wconf 85' lang='lat' dir='ltr'><strong>praedictum</strong></span> <span class='ocrx_word' id='word_1_55' title='bbox 458 739 654 776; x_wconf 92' lang='lat' dir='ltr'><strong>dominum</strong></span> <span class='ocrx_word' id='word_1_56' title='bbox 682 739 854 776; x_wconf 86' lang='lat' dir='ltr'><strong>comitem</strong></span> <span class='ocrx_word' id='word_1_57' title='bbox 884 739 948 789; x_wconf 89' lang='lat' dir='ltr'><strong>qui</strong></span> <span class='ocrx_word' id='word_1_58' title='bbox 976 753 1014 776; x_wconf 93' lang='lat' dir='ltr'><strong>se</strong></span> <span class='ocrx_word' id='word_1_59' title='bbox 1039 745 1074 777; x_wconf 87' lang='lat' dir='ltr'><strong>et</strong></span> <span class='ocrx_word' id='word_1_60' title='bbox 1100 744 1232 778; x_wconf 78' lang='lat' dir='ltr'><strong>terram</strong></span> <span class='ocrx_word' id='word_1_61' title='bbox 1263 754 1367 779; x_wconf 92' lang='lat' dir='ltr'><strong>suam</strong></span> <span class='ocrx_word' id='word_1_62' title='bbox 1401 757 1443 781; x_wconf 91' lang='lat' dir='ltr'><strong>ac</strong></span> <span class='ocrx_word' id='word_1_63' title='bbox 1475 757 1541 782; x_wconf 91' lang='lat' dir='ltr'><strong>nos</strong></span> <span class='ocrx_word' id='word_1_64' title='bbox 1566 750 1602 782; x_wconf 90' lang='lat' dir='ltr'><strong>et</strong></span> <span class='ocrx_word' id='word_1_65' title='bbox 1629 746 1724 783; x_wconf 89' lang='lat' dir='ltr'><strong>bona</strong></span> 
     </span>
     <span class='ocr_line' id='line_1_8' title="bbox 197 796 1726 852; baseline 0.003 -16"><span class='ocrx_word' id='word_1_66' title='bbox 197 803 322 840; x_wconf 84' lang='lat' dir='ltr'><strong>nostra</strong></span> <span class='ocrx_word' id='word_1_67' title='bbox 346 796 525 842; x_wconf 71' lang='lat' dir='ltr'><strong>defendit,</strong></span> <span class='ocrx_word' id='word_1_68' title='bbox 550 796 765 848; x_wconf 84' lang='lat' dir='ltr'><strong>praesertim</strong></span> <span class='ocrx_word' id='word_1_69' title='bbox 792 809 876 833; x_wconf 89' lang='lat' dir='ltr'><strong>cum</strong></span> <span class='ocrx_word' id='word_1_70' title='bbox 904 796 1000 834; x_wconf 89' lang='lat' dir='ltr'><strong>idem</strong></span> <span class='ocrx_word' id='word_1_71' title='bbox 1027 797 1202 836; x_wconf 89' lang='lat' dir='ltr'><strong>dominus</strong></span> <span class='ocrx_word' id='word_1_72' title='bbox 1230 812 1352 837; x_wconf 88' lang='lat' dir='ltr'><strong>eomes</strong></span> <span class='ocrx_word' id='word_1_73' title='bbox 1381 814 1527 852; x_wconf 89' lang='lat' dir='ltr'><strong>semper</strong></span> <span class='ocrx_word' id='word_1_74' title='bbox 1550 803 1726 841; x_wconf 86' lang='lat' dir='ltr'><strong>obtulerit</strong></span> 
     </span>
     <span class='ocr_line' id='line_1_9' title="bbox 197 854 1726 913; baseline 0.003 -18"><span class='ocrx_word' id='word_1_75' title='bbox 197 861 233 895; x_wconf 86' lang='lat' dir='ltr'><strong>et</strong></span> <span class='ocrx_word' id='word_1_76' title='bbox 249 855 377 895; x_wconf 76' lang='lat' dir='ltr'><strong>offerat</strong></span> <span class='ocrx_word' id='word_1_77' title='bbox 396 868 435 893; x_wconf 91' lang='lat' dir='ltr'><strong>se</strong></span> <span class='ocrx_word' id='word_1_78' title='bbox 451 859 621 906; x_wconf 88' lang='lat' dir='ltr'><strong>paratum</strong></span> <span class='ocrx_word' id='word_1_79' title='bbox 640 859 736 892; x_wconf 87' lang='lat' dir='ltr'><strong>stare</strong></span> <span class='ocrx_word' id='word_1_80' title='bbox 748 854 824 905; x_wconf 83' lang='lat' dir='ltr'><strong>juri</strong></span> <span class='ocrx_word' id='word_1_81' title='bbox 840 868 963 892; x_wconf 87' lang='lat' dir='ltr'><strong>coram</strong></span> <span class='ocrx_word' id='word_1_82' title='bbox 983 868 1130 893; x_wconf 88' lang='lat' dir='ltr'><strong>summo</strong></span> <span class='ocrx_word' id='word_1_83' title='bbox 1145 857 1320 907; x_wconf 82' lang='lat' dir='ltr'><strong>pontifice</strong></span> <span class='ocrx_word' id='word_1_84' title='bbox 1333 872 1396 896; x_wconf 91' lang='lat' dir='ltr'><strong>seu</strong></span> <span class='ocrx_word' id='word_1_85' title='bbox 1411 860 1482 897; x_wconf 91' lang='lat' dir='ltr'><strong>alio</strong></span> <span class='ocrx_word' id='word_1_86' title='bbox 1500 874 1726 913; x_wconf 89' lang='lat' dir='ltr'><strong>quoeunque</strong></span> 
     </span>
     <span class='ocr_line' id='line_1_10' title="bbox 192 913 1724 968; baseline 0.004 -16"><span class='ocrx_word' id='word_1_87' title='bbox 192 915 320 966; x_wconf 82' lang='lat' dir='ltr'><strong>judice</strong></span> <span class='ocrx_word' id='word_1_88' title='bbox 337 913 577 965; x_wconf 77' lang='lat' dir='ltr'><strong>competenti,</strong></span> <span class='ocrx_word' id='word_1_89' title='bbox 598 913 627 951; x_wconf 89' lang='lat' dir='ltr'><strong>si</strong></span> <span class='ocrx_word' id='word_1_90' title='bbox 656 926 719 950; x_wconf 85' lang='lat' dir='ltr'><strong>rex</strong></span> <span class='ocrx_word' id='word_1_91' title='bbox 743 918 870 950; x_wconf 90' lang='lat' dir='ltr'><strong>contra</strong></span> <span class='ocrx_word' id='word_1_92' title='bbox 896 926 980 951; x_wconf 89' lang='lat' dir='ltr'><strong>eum</strong></span> <span class='ocrx_word' id='word_1_93' title='bbox 1001 914 1039 951; x_wconf 89' lang='lat' dir='ltr'><strong>in</strong></span> <span class='ocrx_word' id='word_1_94' title='bbox 1057 914 1183 965; x_wconf 89' lang='lat' dir='ltr'><strong>aliquo</strong></span> <span class='ocrx_word' id='word_1_95' title='bbox 1202 916 1359 954; x_wconf 89' lang='lat' dir='ltr'><strong>voluerit</strong></span> <span class='ocrx_word' id='word_1_96' title='bbox 1376 918 1534 968; x_wconf 84' lang='lat' dir='ltr'><strong>experiri</strong></span> <span class='ocrx_word' id='word_1_97' title='bbox 1554 935 1561 956; x_wconf 87' lang='lat'>:</span> <span class='ocrx_word' id='word_1_98' title='bbox 1587 920 1724 958; x_wconf 88' lang='lat' dir='ltr'><strong>idcirco</strong></span> 
     </span>
     <span class='ocr_line' id='line_1_11' title="bbox 195 971 1724 1027; baseline 0.003 -17"><span class='ocrx_word' id='word_1_99' title='bbox 195 971 388 1010; x_wconf 77' lang='lat' dir='ltr'><strong>offerentes</strong></span> <span class='ocrx_word' id='word_1_100' title='bbox 413 985 480 1010; x_wconf 88' lang='lat' dir='ltr'><strong>nos</strong></span> <span class='ocrx_word' id='word_1_101' title='bbox 505 976 652 1023; x_wconf 90' lang='lat' dir='ltr'><strong>paratos</strong></span> <span class='ocrx_word' id='word_1_102' title='bbox 678 976 774 1009; x_wconf 88' lang='lat' dir='ltr'><strong>stare</strong></span> <span class='ocrx_word' id='word_1_103' title='bbox 794 971 870 1022; x_wconf 89' lang='lat' dir='ltr'><strong>juri</strong></span> <span class='ocrx_word' id='word_1_104' title='bbox 890 985 1002 1022; x_wconf 86' lang='lat' dir='ltr'><strong>super</strong></span> <span class='ocrx_word' id='word_1_105' title='bbox 1019 973 1228 1023; x_wconf 77' lang='lat' dir='ltr'><strong>praemissis</strong></span> <span class='ocrx_word' id='word_1_106' title='bbox 1254 987 1377 1012; x_wconf 84' lang='lat' dir='ltr'><strong>eoram</strong></span> <span class='ocrx_word' id='word_1_107' title='bbox 1405 976 1575 1026; x_wconf 83' lang='lat' dir='ltr'><strong>quolibet</strong></span> <span class='ocrx_word' id='word_1_108' title='bbox 1597 977 1724 1027; x_wconf 83' lang='lat' dir='ltr'><strong>judice</strong></span> 
     </span>
     <span class='ocr_line' id='line_1_12' title="bbox 195 1032 1724 1089; baseline 0.003 -18"><span class='ocrx_word' id='word_1_109' title='bbox 195 1033 434 1085; x_wconf 72' lang='lat' dir='ltr'><strong>competenti,</strong></span> <span class='ocrx_word' id='word_1_110' title='bbox 453 1037 489 1071; x_wconf 93' lang='lat' dir='ltr'><strong>et</strong></span> <span class='ocrx_word' id='word_1_111' title='bbox 501 1033 666 1084; x_wconf 86' lang='lat' dir='ltr'><strong>volentes</strong></span> <span class='ocrx_word' id='word_1_112' title='bbox 680 1033 790 1070; x_wconf 88' lang='lat' dir='ltr'><strong>etiam</strong></span> <span class='ocrx_word' id='word_1_113' title='bbox 806 1032 916 1070; x_wconf 89' lang='lat' dir='ltr'><strong>nobis</strong></span> <span class='ocrx_word' id='word_1_114' title='bbox 929 1032 1024 1070; x_wconf 87' lang='lat' dir='ltr'><strong>circa</strong></span> <span class='ocrx_word' id='word_1_115' title='bbox 1041 1033 1110 1070; x_wconf 87' lang='lat' dir='ltr'><strong>hoc</strong></span> <span class='ocrx_word' id='word_1_116' title='bbox 1125 1035 1343 1084; x_wconf 77' lang='lat' dir='ltr'><strong>prospicere,</strong></span> <span class='ocrx_word' id='word_1_117' title='bbox 1358 1036 1402 1073; x_wconf 88' lang='lat' dir='ltr'><strong>ad</strong></span> <span class='ocrx_word' id='word_1_118' title='bbox 1418 1037 1549 1074; x_wconf 88' lang='lat' dir='ltr'><strong>Sedem</strong></span> <span class='ocrx_word' id='word_1_119' title='bbox 1565 1039 1724 1089; x_wconf 82' lang='lat' dir='ltr'><strong>Aposto-</strong></span> 
     </span>
     <span class='ocr_line' id='line_1_13' title="bbox 194 1092 1721 1144; baseline 0.003 -14"><span class='ocrx_word' id='word_1_120' title='bbox 194 1092 314 1131; x_wconf 72' lang='lat' dir='ltr'><strong>licamv</strong></span> <span class='ocrx_word' id='word_1_121' title='bbox 329 1105 575 1143; x_wconf 81' lang='lat' dir='ltr'><strong>provocamus</strong></span> <span class='ocrx_word' id='word_1_122' title='bbox 595 1097 631 1129; x_wconf 87' lang='lat' dir='ltr'><strong>et</strong></span> <span class='ocrx_word' id='word_1_123' title='bbox 655 1092 885 1143; x_wconf 80' lang='lat' dir='ltr'><strong>appellamus</strong></span> <span class='ocrx_word' id='word_1_124' title='bbox 911 1097 1037 1129; x_wconf 89' lang='lat' dir='ltr'><strong>contra</strong></span> <span class='ocrx_word' id='word_1_125' title='bbox 1060 1106 1304 1144; x_wconf 86' lang='lat' dir='ltr'><strong>quoscunque</strong></span> <span class='ocrx_word' id='word_1_126' title='bbox 1323 1095 1486 1133; x_wconf 82' lang='lat' dir='ltr'><strong>volentes</strong></span> <span class='ocrx_word' id='word_1_127' title='bbox 1509 1102 1634 1133; x_wconf 89' lang='lat' dir='ltr'><strong>contra</strong></span> <span class='ocrx_word' id='word_1_128' title='bbox 1655 1111 1721 1135; x_wconf 85' lang='lat' dir='ltr'><strong>nos</strong></span> 
     </span>
     <span class='ocr_line' id='line_1_14' title="bbox 195 1150 1722 1204; baseline 0.003 -15"><span class='ocrx_word' id='word_1_129' title='bbox 195 1151 386 1190; x_wconf 88' lang='lat' dir='ltr'><strong>occasione</strong></span> <span class='ocrx_word' id='word_1_130' title='bbox 403 1152 690 1202; x_wconf 84' lang='lat' dir='ltr'><strong>praemissorum</strong></span> <span class='ocrx_word' id='word_1_131' title='bbox 718 1150 917 1202; x_wconf 85' lang='lat' dir='ltr'><strong>procedere</strong></span> <span class='ocrx_word' id='word_1_132' title='bbox 942 1151 999 1187; x_wconf 88' lang='lat' dir='ltr'><strong>vel</strong></span> <span class='ocrx_word' id='word_1_133' title='bbox 1020 1155 1235 1201; x_wconf 86' lang='lat' dir='ltr'><strong>attemptare</strong></span> <span class='ocrx_word' id='word_1_134' title='bbox 1255 1153 1377 1204; x_wconf 87' lang='lat' dir='ltr'><strong>aliqua</strong></span> <span class='ocrx_word' id='word_1_135' title='bbox 1396 1154 1519 1191; x_wconf 93' lang='lat' dir='ltr'><strong>minus</strong></span> <span class='ocrx_word' id='word_1_136' title='bbox 1542 1155 1656 1204; x_wconf 64' lang='lat' dir='ltr'><strong>juste,</strong></span> <span class='ocrx_word' id='word_1_137' title='bbox 1676 1170 1722 1194; x_wconf 87' lang='lat' dir='ltr'><strong>ne</strong></span> 
     </span>
     <span class='ocr_line' id='line_1_15' title="bbox 195 1210 1721 1263; baseline 0.002 -14"><span class='ocrx_word' id='word_1_138' title='bbox 195 1211 388 1249; x_wconf 90' lang='lat' dir='ltr'><strong>occasione</strong></span> <span class='ocrx_word' id='word_1_139' title='bbox 405 1210 692 1261; x_wconf 84' lang='lat' dir='ltr'><strong>praemissorum</strong></span> <span class='ocrx_word' id='word_1_140' title='bbox 712 1214 838 1247; x_wconf 85' lang='lat' dir='ltr'><strong>contra</strong></span> <span class='ocrx_word' id='word_1_141' title='bbox 854 1223 921 1247; x_wconf 90' lang='lat' dir='ltr'><strong>nos</strong></span> <span class='ocrx_word' id='word_1_142' title='bbox 940 1210 977 1247; x_wconf 93' lang='lat' dir='ltr'><strong>in</strong></span> <span class='ocrx_word' id='word_1_143' title='bbox 997 1210 1122 1262; x_wconf 88' lang='lat' dir='ltr'><strong>aliquo</strong></span> <span class='ocrx_word' id='word_1_144' title='bbox 1138 1216 1280 1261; x_wconf 87' lang='lat' dir='ltr'><strong>praeter</strong></span> <span class='ocrx_word' id='word_1_145' title='bbox 1298 1213 1352 1248; x_wconf 84' lang='lat' dir='ltr'><strong>vel</strong></span> <span class='ocrx_word' id='word_1_146' title='bbox 1373 1218 1497 1250; x_wconf 87' lang='lat' dir='ltr'><strong>contra</strong></span> <span class='ocrx_word' id='word_1_147' title='bbox 1509 1215 1605 1263; x_wconf 85' lang='lat' dir='ltr'><strong>juris</strong></span> <span class='ocrx_word' id='word_1_148' title='bbox 1618 1215 1721 1252; x_wconf 90' lang='lat' dir='ltr'><strong>ordi-</strong></span> 
     </span>
     <span class='ocr_line' id='line_1_16' title="bbox 196 1268 1719 1320; baseline 0.002 -14"><span class='ocrx_word' id='word_1_149' title='bbox 196 1282 279 1306; x_wconf 90' lang='lat' dir='ltr'><strong>nem</strong></span> <span class='ocrx_word' id='word_1_150' title='bbox 299 1268 521 1319; x_wconf 82' lang='lat' dir='ltr'><strong>procedant,</strong></span> <span class='ocrx_word' id='word_1_151' title='bbox 541 1273 791 1319; x_wconf 86' lang='lat' dir='ltr'><strong>supponentes</strong></span> <span class='ocrx_word' id='word_1_152' title='bbox 816 1281 882 1305; x_wconf 91' lang='lat' dir='ltr'><strong>nos</strong></span> <span class='ocrx_word' id='word_1_153' title='bbox 906 1281 1034 1306; x_wconf 90' lang='lat' dir='ltr'><strong>omnes</strong></span> <span class='ocrx_word' id='word_1_154' title='bbox 1053 1272 1087 1305; x_wconf 91' lang='lat' dir='ltr'><strong>et</strong></span> <span class='ocrx_word' id='word_1_155' title='bbox 1110 1269 1274 1320; x_wconf 81' lang='lat' dir='ltr'><strong>singulos</strong></span> <span class='ocrx_word' id='word_1_156' title='bbox 1295 1270 1400 1307; x_wconf 92' lang='lat' dir='ltr'><strong>nobis</strong></span> <span class='ocrx_word' id='word_1_157' title='bbox 1424 1271 1662 1309; x_wconf 85' lang='lat' dir='ltr'><strong>adhaerentes</strong></span> <span class='ocrx_word' id='word_1_158' title='bbox 1686 1279 1719 1309; x_wconf 75' lang='lat' dir='ltr'><strong>et</strong></span> 
     </span>
     <span class='ocr_line' id='line_1_17' title="bbox 195 1327 1719 1381; baseline 0.003 -17"><span class='ocrx_word' id='word_1_159' title='bbox 195 1331 340 1365; x_wconf 90' lang='lat' dir='ltr'><strong>nostros</strong></span> <span class='ocrx_word' id='word_1_160' title='bbox 353 1331 389 1364; x_wconf 87' lang='lat' dir='ltr'><strong>et</strong></span> <span class='ocrx_word' id='word_1_161' title='bbox 401 1327 572 1364; x_wconf 86' lang='lat' dir='ltr'><strong>ecclesias</strong></span> <span class='ocrx_word' id='word_1_162' title='bbox 584 1331 739 1374; x_wconf 79' lang='lat' dir='ltr'><strong>nostras,</strong></span> <span class='ocrx_word' id='word_1_163' title='bbox 749 1330 883 1364; x_wconf 83' lang='lat' dir='ltr'><strong>statum</strong></span> <span class='ocrx_word' id='word_1_164' title='bbox 898 1331 1066 1364; x_wconf 86' lang='lat' dir='ltr'><strong>nostrum</strong></span> <span class='ocrx_word' id='word_1_165' title='bbox 1081 1332 1116 1364; x_wconf 84' lang='lat' dir='ltr'><strong>et</strong></span> <span class='ocrx_word' id='word_1_166' title='bbox 1132 1333 1253 1365; x_wconf 84' lang='lat' dir='ltr'><strong>nostra</strong></span> <span class='ocrx_word' id='word_1_167' title='bbox 1269 1329 1486 1378; x_wconf 83' lang='lat' dir='ltr'><strong>protectioni</strong></span> <span class='ocrx_word' id='word_1_168' title='bbox 1504 1331 1607 1368; x_wconf 75' lang='lat' dir='ltr'><strong>Sedis</strong></span> <span class='ocrx_word' id='word_1_169' title='bbox 1621 1333 1719 1381; x_wconf 87' lang='lat' dir='ltr'><strong>ejus-</strong></span> 
     </span>
     <span class='ocr_line' id='line_1_18' title="bbox 194 1385 1032 1436; baseline -0.001 -13"><span class='ocrx_word' id='word_1_170' title='bbox 194 1385 294 1430; x_wconf 76' lang='lat' dir='ltr'><strong>dem,</strong></span> <span class='ocrx_word' id='word_1_171' title='bbox 313 1390 349 1423; x_wconf 87' lang='lat' dir='ltr'><strong>et</strong></span> <span class='ocrx_word' id='word_1_172' title='bbox 367 1398 451 1422; x_wconf 87' lang='lat' dir='ltr'><strong>cum</strong></span> <span class='ocrx_word' id='word_1_173' title='bbox 468 1385 641 1422; x_wconf 87' lang='lat' dir='ltr'><strong>instantia</strong></span> <span class='ocrx_word' id='word_1_174' title='bbox 656 1385 816 1436; x_wconf 87' lang='lat' dir='ltr'><strong>petimus</strong></span> <span class='ocrx_word' id='word_1_175' title='bbox 835 1386 1032 1436; x_wconf 89' lang='lat' dir='ltr'><strong>apostolos.</strong></span> 
     </span>
    </p>
   </div>
   <div class='ocr_carea' id='block_1_3' title="bbox 928 1509 1007 1518">
    <p class='ocr_par' dir='ltr' id='par_1_3' title="bbox 928 1509 1007 1518">
     <span class='ocr_line' id='line_1_19' title="bbox 928 1509 1007 1518; baseline 0.013 -1"><span class='ocrx_word' id='word_1_176' title='bbox 928 1509 1007 1518; x_wconf 56' lang='lat'><strong>‘0—</strong></span> 
     </span>
    </p>
   </div>
   <div class='ocr_carea' id='block_1_4' title="bbox 863 1637 1061 1688">
    <p class='ocr_par' dir='ltr' id='par_1_4' title="bbox 863 1637 1061 1688">
     <span class='ocr_line' id='line_1_20' title="bbox 863 1637 1061 1688; baseline 0 0"><span class='ocrx_word' id='word_1_177' title='bbox 863 1637 1061 1688; x_wconf 63' lang='lat' dir='ltr'><strong>ccctvn.</strong></span> 
     </span>
    </p>
   </div>
   <div class='ocr_carea' id='block_1_5' title="bbox 318 1766 1590 1817">
    <p class='ocr_par' dir='ltr' id='par_1_5' title="bbox 318 1766 1590 1817">
     <span class='ocr_line' id='line_1_21' title="bbox 318 1766 1590 1817; baseline 0 -14"><span class='ocrx_word' id='word_1_178' title='bbox 318 1766 437 1815; x_wconf 81' lang='lat' dir='ltr'><strong>Appel</strong></span> <span class='ocrx_word' id='word_1_179' title='bbox 454 1779 503 1803; x_wconf 81' lang='lat' dir='ltr'><strong>au</strong></span> <span class='ocrx_word' id='word_1_180' title='bbox 512 1779 610 1815; x_wconf 81' lang='lat' dir='ltr'><strong>pape</strong></span> <span class='ocrx_word' id='word_1_181' title='bbox 629 1767 793 1817; x_wconf 77' lang='lat' dir='ltr'><strong>interjeee&#39;</strong></span> <span class='ocrx_word' id='word_1_182' title='bbox 804 1779 881 1816; x_wconf 83' lang='lat' dir='ltr'><strong>par</strong></span> <span class='ocrx_word' id='word_1_183' title='bbox 899 1767 930 1803; x_wconf 81' lang='lat' dir='ltr'><strong>le</strong></span> <span class='ocrx_word' id='word_1_184' title='bbox 946 1768 1033 1804; x_wconf 68' lang='lat' dir='ltr'><strong>cure}</strong></span> <span class='ocrx_word' id='word_1_185' title='bbox 1049 1767 1092 1804; x_wconf 85' lang='lat' dir='ltr'><strong>de</strong></span> <span class='ocrx_word' id='word_1_186' title='bbox 1104 1768 1368 1805; x_wconf 77' lang='lat' dir='ltr'><strong>Sainle-Marie</strong></span> <span class='ocrx_word' id='word_1_187' title='bbox 1385 1769 1407 1804; x_wconf 85' lang='grc' dir='ltr'><em>ἀ</em></span> <span class='ocrx_word' id='word_1_188' title='bbox 1426 1769 1590 1805; x_wconf 82' lang='lat' dir='ltr'><strong>Damme.</strong></span> 
     </span>
    </p>
   </div>
   <div class='ocr_carea' id='block_1_6' title="bbox 184 1967 1716 2494">
    <p class='ocr_par' dir='ltr' id='par_1_6' title="bbox 184 1967 1716 2494">
     <span class='ocr_line' id='line_1_22' title="bbox 184 1967 1715 2023; baseline 0.001 -17"><span class='ocrx_word' id='word_1_189' title='bbox 184 1982 188 1986; x_wconf 91' lang='lat'>·</span> <span class='ocrx_word' id='word_1_190' title='bbox 238 1967 333 2017; x_wconf 85' lang='lat' dir='ltr'><strong>Quia</strong></span> <span class='ocrx_word' id='word_1_191' title='bbox 352 1970 575 2018; x_wconf 75' lang='lat' dir='ltr'><strong>Baffluinus,</strong></span> <span class='ocrx_word' id='word_1_192' title='bbox 593 1971 736 2009; x_wconf 91' lang='lat' dir='ltr'><strong>domini</strong></span> <span class='ocrx_word' id='word_1_193' title='bbox 757 1972 936 2009; x_wconf 81' lang='lat' dir='ltr'><strong>Leonardi</strong></span> <span class='ocrx_word' id='word_1_194' title='bbox 955 1972 1000 2009; x_wconf 89' lang='lat' dir='ltr'><strong>de</strong></span> <span class='ocrx_word' id='word_1_195' title='bbox 1018 1972 1138 2009; x_wconf 87' lang='lat' dir='ltr'><strong>Fliseo</strong></span> <span class='ocrx_word' id='word_1_196' title='bbox 1156 1977 1383 2023; x_wconf 69' lang='lat' dir='ltr'><strong>procurator,</strong></span> <span class='ocrx_word' id='word_1_197' title='bbox 1402 1972 1466 2021; x_wconf 92' lang='lat' dir='ltr'><strong>qui</strong></span> <span class='ocrx_word' id='word_1_198' title='bbox 1486 1985 1525 2009; x_wconf 90' lang='lat' dir='ltr'><strong>se</strong></span> <span class='ocrx_word' id='word_1_199' title='bbox 1541 1970 1634 2022; x_wconf 83' lang='lat' dir='ltr'><strong>gerit</strong></span> <span class='ocrx_word' id='word_1_200' title='bbox 1647 1984 1715 2020; x_wconf 91' lang='lat' dir='ltr'><strong>pro</strong></span> 
     </span>
     <span class='ocr_line' id='line_1_23' title="bbox 190 2028 1713 2081; baseline 0.001 -17"><span class='ocrx_word' id='word_1_201' title='bbox 190 2028 398 2078; x_wconf 85' lang='lat' dir='ltr'><strong>praeposito</strong></span> <span class='ocrx_word' id='word_1_202' title='bbox 425 2029 598 2068; x_wconf 88' lang='lat' dir='ltr'><strong>ecclesiae</strong></span> <span class='ocrx_word' id='word_1_203' title='bbox 624 2030 748 2068; x_wconf 87' lang='lat' dir='ltr'><strong>Sancti</strong></span> <span class='ocrx_word' id='word_1_204' title='bbox 774 2031 971 2068; x_wconf 89' lang='lat' dir='ltr'><strong>Donatiani</strong></span> <span class='ocrx_word' id='word_1_205' title='bbox 996 2031 1215 2081; x_wconf 69' lang='lat' dir='ltr'><strong>Bmgensis,</strong></span> <span class='ocrx_word' id='word_1_206' title='bbox 1234 2030 1356 2067; x_wconf 90' lang='lat' dir='ltr'><strong>minus</strong></span> <span class='ocrx_word' id='word_1_207' title='bbox 1375 2029 1473 2079; x_wconf 89' lang='lat' dir='ltr'><strong>juste</strong></span> <span class='ocrx_word' id='word_1_208' title='bbox 1497 2035 1532 2066; x_wconf 87' lang='lat' dir='ltr'><strong>et</strong></span> <span class='ocrx_word' id='word_1_209' title='bbox 1550 2028 1713 2066; x_wconf 83' lang='lat' dir='ltr'><strong>indebite</strong></span> 
     </span>
     <span class='ocr_line' id='line_1_24' title="bbox 190 2087 1712 2138; baseline 0.001 -16"><span class='ocrx_word' id='word_1_210' title='bbox 190 2096 248 2122; x_wconf 91' lang='lat' dir='ltr'><strong>me</strong></span> <span class='ocrx_word' id='word_1_211' title='bbox 274 2087 491 2138; x_wconf 84' lang='lat' dir='ltr'><strong>magistrum</strong></span> <span class='ocrx_word' id='word_1_212' title='bbox 513 2088 554 2126; x_wconf 94' lang='lat' dir='ltr'><strong>B.</strong></span> <span class='ocrx_word' id='word_1_213' title='bbox 574 2088 839 2138; x_wconf 74' lang='lat' dir='ltr'><strong>presbiterum,</strong></span> <span class='ocrx_word' id='word_1_214' title='bbox 858 2094 1027 2126; x_wconf 86' lang='lat' dir='ltr'><strong>curatum</strong></span> <span class='ocrx_word' id='word_1_215' title='bbox 1053 2088 1225 2126; x_wconf 85' lang='lat' dir='ltr'><strong>ecclesiae</strong></span> <span class='ocrx_word' id='word_1_216' title='bbox 1242 2088 1374 2125; x_wconf 84' lang='lat' dir='ltr'><strong>Beatae</strong></span> <span class='ocrx_word' id='word_1_217' title='bbox 1391 2087 1527 2124; x_wconf 85' lang='lat' dir='ltr'><strong>Mariae</strong></span> <span class='ocrx_word' id='word_1_218' title='bbox 1546 2087 1583 2124; x_wconf 91' lang='lat' dir='ltr'><strong>in</strong></span> <span class='ocrx_word' id='word_1_219' title='bbox 1604 2087 1712 2130; x_wconf 69' lang='lat' dir='ltr'><strong>Dam.⁴</strong></span> 
     </span>
     <span class='ocr_line' id='line_1_25' title="bbox 188 2143 1713 2199; baseline 0.001 -19"><span class='ocrx_word' id='word_1_220' title='bbox 188 2143 398 2196; x_wconf 84' lang='lat' dir='ltr'><strong>interpellat</strong></span> <span class='ocrx_word' id='word_1_221' title='bbox 410 2150 446 2184; x_wconf 89' lang='lat' dir='ltr'><strong>et</strong></span> <span class='ocrx_word' id='word_1_222' title='bbox 460 2146 726 2198; x_wconf 75' lang='lat' dir='ltr'><strong>interpellavit,</strong></span> <span class='ocrx_word' id='word_1_223' title='bbox 741 2152 778 2184; x_wconf 89' lang='lat' dir='ltr'><strong>et</strong></span> <span class='ocrx_word' id='word_1_224' title='bbox 794 2148 1005 2199; x_wconf 88' lang='lat' dir='ltr'><strong>importune</strong></span> <span class='ocrx_word' id='word_1_225' title='bbox 1022 2148 1260 2198; x_wconf 89' lang='lat' dir='ltr'><strong>prosequitur</strong></span> <span class='ocrx_word' id='word_1_226' title='bbox 1277 2151 1312 2183; x_wconf 89' lang='lat' dir='ltr'><strong>et</strong></span> <span class='ocrx_word' id='word_1_227' title='bbox 1326 2146 1472 2183; x_wconf 78' lang='lat' dir='ltr'><strong>infestat</strong></span> <span class='ocrx_word' id='word_1_228' title='bbox 1486 2145 1588 2196; x_wconf 86' lang='lat' dir='ltr'><strong>quod</strong></span> <span class='ocrx_word' id='word_1_229' title='bbox 1608 2159 1713 2182; x_wconf 87' lang='lat' dir='ltr'><strong>man-</strong></span> 
     </span>
     <span class='ocr_line' id='line_1_26' title="bbox 186 2202 1716 2253; baseline -0.001 -13"><span class='ocrx_word' id='word_1_230' title='bbox 186 2202 315 2241; x_wconf 84' lang='lat' dir='ltr'><strong>datum</strong></span> <span class='ocrx_word' id='word_1_231' title='bbox 341 2205 484 2243; x_wconf 89' lang='lat' dir='ltr'><strong>domini</strong></span> <span class='ocrx_word' id='word_1_232' title='bbox 507 2206 695 2244; x_wconf 88' lang='lat' dir='ltr'><strong>Theodisii</strong></span> <span class='ocrx_word' id='word_1_233' title='bbox 733 2207 930 2253; x_wconf 77' lang='lat' dir='ltr'><strong>Maloeeffi,</strong></span> <span class='ocrx_word' id='word_1_234' title='bbox 956 2207 1124 2244; x_wconf 85' lang='lat' dir='ltr'><strong>canonici</strong></span> <span class='ocrx_word' id='word_1_235' title='bbox 1157 2205 1429 2244; x_wconf 89' lang='lat' dir='ltr'><strong>Cameracensis</strong></span> <span class='ocrx_word' id='word_1_236' title='bbox 1454 2204 1650 2249; x_wconf 77' lang='lat' dir='ltr'><strong>ecelesiae,</strong></span> <span class='ocrx_word' id='word_1_237' title='bbox 1676 2209 1716 2240; x_wconf 89' lang='lat' dir='ltr'><strong>ut</strong></span> 
     </span>
     <span class='ocr_line' id='line_1_27' title="bbox 186 2262 1715 2317; baseline 0 -18"><span class='ocrx_word' id='word_1_238' title='bbox 186 2262 334 2309; x_wconf 77' lang='lat' dir='ltr'><strong>dicitur,</strong></span> <span class='ocrx_word' id='word_1_239' title='bbox 350 2276 371 2300; x_wconf 89' lang='lat' dir='ltr'><strong>a</strong></span> <span class='ocrx_word' id='word_1_240' title='bbox 386 2263 541 2302; x_wconf 90' lang='lat' dir='ltr'><strong>domino</strong></span> <span class='ocrx_word' id='word_1_241' title='bbox 555 2279 650 2317; x_wconf 90' lang='lat' dir='ltr'><strong>papa</strong></span> <span class='ocrx_word' id='word_1_242' title='bbox 665 2266 853 2317; x_wconf 87' lang='lat' dir='ltr'><strong>praedicto</strong></span> <span class='ocrx_word' id='word_1_243' title='bbox 867 2266 1019 2303; x_wconf 90' lang='lat' dir='ltr'><strong>domino</strong></span> <span class='ocrx_word' id='word_1_244' title='bbox 1035 2264 1226 2302; x_wconf 81' lang='lat' dir='ltr'><strong>Leonardo</strong></span> <span class='ocrx_word' id='word_1_245' title='bbox 1243 2264 1318 2301; x_wconf 88' lang='lat' dir='ltr'><strong>dati</strong></span> <span class='ocrx_word' id='word_1_246' title='bbox 1329 2293 1338 2310; x_wconf 80' lang='grc'>,</span> <span class='ocrx_word' id='word_1_247' title='bbox 1353 2276 1516 2314; x_wconf 86' lang='lat' dir='ltr'><strong>exequar</strong></span> <span class='ocrx_word' id='word_1_248' title='bbox 1530 2267 1566 2299; x_wconf 89' lang='lat' dir='ltr'><strong>et</strong></span> <span class='ocrx_word' id='word_1_249' title='bbox 1580 2275 1715 2299; x_wconf 84' lang='lat' dir='ltr'><strong>execu-</strong></span> 
     </span>
     <span class='ocr_line' id='line_1_28' title="bbox 186 2321 1716 2377; baseline -0.001 -18"><span class='ocrx_word' id='word_1_250' title='bbox 186 2321 277 2360; x_wconf 87' lang='lat' dir='ltr'><strong>tioni</strong></span> <span class='ocrx_word' id='word_1_251' title='bbox 300 2323 539 2372; x_wconf 85' lang='lat' dir='ltr'><strong>demandem,</strong></span> <span class='ocrx_word' id='word_1_252' title='bbox 557 2339 654 2377; x_wconf 90' lang='lat' dir='ltr'><strong>quae</strong></span> <span class='ocrx_word' id='word_1_253' title='bbox 677 2326 860 2372; x_wconf 80' lang='lat' dir='ltr'><strong>executio,</strong></span> <span class='ocrx_word' id='word_1_254' title='bbox 879 2326 909 2363; x_wconf 89' lang='lat' dir='ltr'><strong>si</strong></span> <span class='ocrx_word' id='word_1_255' title='bbox 936 2339 1002 2376; x_wconf 88' lang='lat' dir='ltr'><strong>per</strong></span> <span class='ocrx_word' id='word_1_256' title='bbox 1028 2338 1087 2362; x_wconf 92' lang='lat' dir='ltr'><strong>me</strong></span> <span class='ocrx_word' id='word_1_257' title='bbox 1114 2325 1233 2371; x_wconf 85' lang='lat' dir='ltr'><strong>fieret,</strong></span> <span class='ocrx_word' id='word_1_258' title='bbox 1259 2325 1351 2361; x_wconf 85' lang='lat' dir='ltr'><strong>soret</strong></span> <span class='ocrx_word' id='word_1_259' title='bbox 1376 2323 1413 2360; x_wconf 92' lang='lat' dir='ltr'><strong>in</strong></span> <span class='ocrx_word' id='word_1_260' title='bbox 1444 2322 1716 2373; x_wconf 84' lang='lat' dir='ltr'><strong>praejudicium</strong></span> 
     </span>
     <span class='ocr_line' id='line_1_29' title="bbox 185 2379 1716 2435; baseline -0.002 -17"><span class='ocrx_word' id='word_1_261' title='bbox 185 2381 493 2431; x_wconf 83' lang='lat' dir='ltr'><strong>provocationum</strong></span> <span class='ocrx_word' id='word_1_262' title='bbox 522 2387 559 2421; x_wconf 88' lang='lat' dir='ltr'><strong>et</strong></span> <span class='ocrx_word' id='word_1_263' title='bbox 583 2385 874 2435; x_wconf 88' lang='lat' dir='ltr'><strong>appellationum</strong></span> <span class='ocrx_word' id='word_1_264' title='bbox 901 2398 946 2421; x_wconf 82' lang='lat' dir='ltr'><strong>ex</strong></span> <span class='ocrx_word' id='word_1_265' title='bbox 967 2388 1070 2434; x_wconf 87' lang='lat' dir='ltr'><strong>parte</strong></span> <span class='ocrx_word' id='word_1_266' title='bbox 1089 2383 1242 2422; x_wconf 87' lang='lat' dir='ltr'><strong>illustris</strong></span> <span class='ocrx_word' id='word_1_267' title='bbox 1262 2381 1443 2434; x_wconf 87' lang='lat' dir='ltr'><strong>principis</strong></span> <span class='ocrx_word' id='word_1_268' title='bbox 1460 2380 1602 2417; x_wconf 89' lang='lat' dir='ltr'><strong>domini</strong></span> <span class='ocrx_word' id='word_1_269' title='bbox 1621 2379 1716 2416; x_wconf 89' lang='lat' dir='ltr'><strong>Gui-</strong></span> 
     </span>
     <span class='ocr_line' id='line_1_30' title="bbox 185 2437 1712 2494; baseline -0.001 -19"><span class='ocrx_word' id='word_1_270' title='bbox 185 2437 294 2476; x_wconf 89' lang='lat' dir='ltr'><strong>donis</strong></span> <span class='ocrx_word' id='word_1_271' title='bbox 309 2441 453 2478; x_wconf 88' lang='lat' dir='ltr'><strong>comitis</strong></span> <span class='ocrx_word' id='word_1_272' title='bbox 469 2441 664 2480; x_wconf 85' lang='lat' dir='ltr'><strong>Flandriae</strong></span> <span class='ocrx_word' id='word_1_273' title='bbox 682 2456 750 2494; x_wconf 88' lang='lat' dir='ltr'><strong>pro</strong></span> <span class='ocrx_word' id='word_1_274' title='bbox 765 2456 802 2480; x_wconf 91' lang='lat' dir='ltr'><strong>se</strong></span> <span class='ocrx_word' id='word_1_275' title='bbox 819 2447 854 2480; x_wconf 91' lang='lat' dir='ltr'><strong>et</strong></span> <span class='ocrx_word' id='word_1_276' title='bbox 870 2443 939 2480; x_wconf 91' lang='lat' dir='ltr'><strong>sibi</strong></span> <span class='ocrx_word' id='word_1_277' title='bbox 955 2441 1240 2479; x_wconf 82' lang='lat' dir='ltr'><strong>adhaerentibus</strong></span> <span class='ocrx_word' id='word_1_278' title='bbox 1254 2441 1299 2478; x_wconf 84' lang='lat' dir='ltr'><strong>ad</strong></span> <span class='ocrx_word' id='word_1_279' title='bbox 1319 2440 1449 2477; x_wconf 84' lang='lat' dir='ltr'><strong>Sedem</strong></span> <span class='ocrx_word' id='word_1_280' title='bbox 1467 2438 1712 2490; x_wconf 79' lang='lat' dir='ltr'><strong>Apostolicam</strong></span> 
     </span>
    </p>
   </div>
  </div>
 </body>
</html>
