2184 3074
716 273 875 312 com-:x
908 271 1150 311 DUNENSlS.
1629 271 1691 308 43¹

825 436 1042 475 ccxcvlu.

376 525 378 529 ·
399 532 402 538 Ι
463 555 577 594 Vente
595 553 705 592 d’une
726 558 825 591 rente
842 565 893 590 au
908 551 1023 602 profit
1042 551 1086 590 de
1104 551 1238 602 l’dqlise
1261 550 1315 588 de.
1338 580 1344 587 .
1366 580 1373 587 .
1395 580 1402 587 .

215 745 451 785 Universitati
470 750 612 783 vestrae
629 745 882 796 significamus
899 744 1002 796 quod
1029 756 1117 790 nos,
1138 748 1291 794 urgente
1306 742 1520 780 debitorum
1536 744 1692 791 {nostro-

166 817 250 843 rum
275 804 491 843 necessitate
515 805 566 841 ob
587 815 785 842 usurarum
815 803 1030 854 voraginem
1058 802 1287 848 evitandam,
1311 801 1483 839 unanimi
1509 813 1690 839 consensu

168 869 311 912 nostro,
329 877 398 916 pro
422 864 612 902 communi
637 864 811 901 ecelesiae
829 868 976 901 nostrae
992 862 1165 907 utilitate,
1188 861 1425 899 vendidimus
1446 861 1609 912 legitime
1631 861 1694 899 tali

168 923 276 961 talem
302 923 491 960 redditum
514 922 640 974 quoad
668 922 782 959 vitam
809 934 912 959 suam
938 934 1005 972 pro
1024 925 1122 958 tanta
1143 933 1289 958 summa
1315 919 1495 971 pecuniae
1516 919 1625 957 nobis
1646 919 1693 956 ab

166 979 296 1029 eodem
315 980 543 1031 integraliter
570 980 757 1031 persoluta
781 984 818 1016 et
842 979 880 1016 in
897 979 1056 1016 utilitate
1077 978 1250 1015 ecclesiae
1272 982 1420 1015 nostrae
1442 977 1604 1015 totaliter
1616 976 1692 1027 jam

166 1051 362 1085 conversa,
376 1052 488 1089 quem
507 1051 675 1075 annuum
699 1037 886 1074 redditum
904 1036 1157 1087 promittimus
1175 1040 1211 1073 et
1228 1040 1398 1072 tenemur
1413 1035 1533 1072 eidem
1553 1035 1695 1072 solvere

167 1098 314 1136 duobus
333 1098 500 1135 terminis
517 1098 624 1144 anni,
638 1097 811 1134 videlieet
825 1109 937 1133 unam
957 1095 1188 1133 medietatem
1206 1124 1308 1131 .....
1325 1099 1360 1131 et
1373 1093 1482 1130 aliam
1501 1093 1539 1130 in
1560 1123 1567 1129 .
1585 1122 1593 1130 .
1610 1122 1617 1129 .
1634 1123 1641 1129 .
1659 1123 1665 1129 .
1680 1109 1687 1130 z

167 1156 269 1207 quod
282 1156 312 1194 si
327 1157 375 1194 ob
390 1156 574 1193 defectum
589 1155 784 1193 solutionis
799 1159 945 1192 nostrae
957 1167 1147 1205 expensas,
1162 1153 1264 1204 quod
1284 1152 1396 1197 absit,
1410 1151 1467 1188 vel
1485 1151 1689 1201 dampnum

166 1216 397 1253 incurrerent
414 1214 586 1265 aliquod,
597 1214 644 1251 ad
661 1214 787 1252 omnia
805 1213 943 1250 eisdem
959 1212 1148 1250 reddenda
1167 1224 1234 1249 nos
1251 1210 1549 1262 recognoscimus
1567 1209 1691 1246 effica-

165 1274 256 1311 citer
273 1274 454 1324 obligatos
472 1278 508 1310 et
526 1273 775 1310 satisfacturos
793 1273 839 1309 de
855 1271 1086 1323 praemissis,
1108 1271 1154 1308 ad
1182 1278 1291 1321 quae}
1304 1269 1432 1309 omnia
1459 1267 1688 1306 observanda

167 1345 233 1370 nos
251 1337 288 1369 et
305 1345 533 1369 successores
552 1336 697 1369 nostros
710 1331 919 1382 specialiter
937 1330 1161 1380 obligamus.
1181 1327 1435 1366 renuntiantes
1455 1327 1492 1364 in
1512 1326 1692 1377 praemis-

164 1391 214 1428 sis
239 1390 447 1442 exceptioni
474 1404 549 1428 non
576 1394 790 1427 numeratae
816 1389 1012 1440 pecuniae,
1039 1388 1114 1424 doli
1139 1387 1244 1433 mali,
1263 1386 1334 1431 vis,
1360 1389 1496 1429 metus„
1516 1384 1691 1421 omnibus

164 1449 307 1501 gratiis,
325 1448 583 1499 indulgentiis,
610 1447 812 1499 privilegiis
835 1450 871 1484 et
887 1445 1062 1483 omnibus
1088 1445 1169 1482 aliis
1192 1443 1472 1494 exceptionibus
1501 1447 1537 1479 et
1562 1442 1692 1479 desen—

164 1508 333 1547 sionibus
364 1520 459 1558 quae
483 1507 591 1544 nobis
616 1511 652 1543 et
676 1505 850 1543 ecclesiae
877 1508 1022 1542 nostrae
1052 1507 1202 1554 possent
1231 1501 1404 1552 prodesse
1441 1505 1475 1537 et
1503 1500 1602 1536 dieto
1630 1500 1690 1536 tali

166 1567 294 1604 obesse
311 1570 347 1603 et
363 1578 458 1616 quae
476 1570 602 1602 contra
618 1576 791 1616 praesens
812 1563 1098 1600 instrumentum
1118 1561 1174 1597 vel
1193 1561 1328 1596 sactum
1349 1559 1386 1595 in
1405 1571 1448 1595 eo
1473 1563 1687 1596 contentum

166 1624 316 1676 possent
332 1623 409 1661 ullo
426 1636 593 1674 unquam
613 1627 778 1672 tempore
799 1621 897 1658 obici
915 1620 973 1657 vel
993 1619 1169 1671 proponi,
1187 1623 1254 1655 ete.

875 1742 975 1754 dae—-

690 1869 778 1951 4:012
840 1881 1023 1919 ccxclx.

303 2004 535 2042 Mandement
553 2002 597 2040 de
615 1999 778 2051 l’official
795 1999 839 2036 de
863 1998 899 2036 la
918 1998 1073 2035 Morinie
1093 1995 1240 2034 adresse'
1262 1995 1283 2031 ἁ
1304 1992 1416 2030 l’abbe'
1431 1992 1474 2029 de
1478 2021 1563 2028 .....

218 2198 396 2236 Officialis
420 2196 658 2242 Morinensis,
683 2200 750 2232 etc.
774 2193 992 2238 Mandamus
1010 2191 1136 2228 vobis.
1158 2189 1228 2226 sub
1248 2200 1365 2239 poena
1389 2183 1642 2236 suspensionis
1662 2188 1695 2218 et

170 2254 564 2294 excommunicationis
579 2254 735 2291 firmiter
753 2250 996 2302 injungendo,
1016 2250 1064 2286 ita
1083 2247 1185 2299 quod
1203 2247 1241 2284 in
1267 2246 1338 2283 hiis
1354 2242 1582 2295 exequendis
1597 2254 1695 2279 unus

160 2320 330 2353 vestrum
358 2314 472 2351 alium
500 2313 556 2350 vel
584 2312 676 2349 alios
702 2323 777 2348 non
805 2313 1008 2360 exspectet,
1031 2306 1149 2343 citetis
1176 2317 1299 2342 eoram
1322 2302 1431 2340 nobis
1458 2301 1503 2338 ad
1530 2305 1695 2338 octavam

170 2372 294 2412 Sancti
320 2372 506 2418 Malichai,
523 2371 692 2408 abbatem
712 2374 748 2406 et
766 2372 988 2406 conventum
1066 2394 1093 2402 ..
1110 2378 1172 2402 seu
1189 2367 1463 2414 procuratorem
1481 2358 1694 2396 eorumdem
