2184 3074
0 3041 10 3060 a:
0 3010 9 3031 n
0 2974 6 2983 ,
0 2958 7 2963 3
0 2830 3 2842 ..

22 3068 28 3074 ν
16 2959 31 3058 ,.’*“-“’”·“
18 2935 23 2945 ²
16 2905 19 2917 Α*
17 2875 19 2878 ’

739 340 901 378 CODEX
929 340 1171 379 DUNENSlS.
1648 342 1719 380 25⁴7

829 515 1079 554 CCCLXXXI.

281 630 378 681 Bref
396 630 448 668 du
472 643 567 680 pape
592 632 740 670 Nicolas
771 633 903 683 velatif
924 647 973 671 au
1001 640 1187 672 testamen!
1210 634 1254 671 de
1280 635 1449 683 Reinqot,
1475 634 1564 670 cure
1590 632 1634 669 de

332 715 336 718 ⁴
788 690 922 740 l'e'q‘liae
947 692 990 729 de
1016 693 1123 730 Mere.

215 882 451 928 .Nicholaus,
469 886 536 919 etc.
557 882 758 932 Conquesti
776 888 863 920 sunt
886 885 993 922 nobis
1015 884 1222 932 Gosuinus,
1245 885 1449 923 monachus
1474 884 1521 921 de
1544 883 1692 921 Thosan
1706 910 1714 926 ,

184 940 437 980 cisterciensis
454 939 599 978 ordinis
611 969 620 986 ,
637 940 880 979 Tornacensis
904 942 1091 992 dyocesis,
1113 948 1149 980 et
1174 943 1374 981 Nicholaus
1401 943 1447 980 de
1465 942 1565 981 Nova
1583 941 1715 984 Tem,

185 1000 389 1052 presbyter,
407 1004 620 1037 executores
640 1001 847 1038 testamenti
872 1002 1062 1052 quondam
1090 1003 1277 1053 Reingoti,
1296 1002 1446 1040 rectoris
1470 1000 1643 1039 ecelesiae
1668 997 1716 1035 de

184 1058 304 1105 Mera,
322 1058 426 1110 quod
442 1058 632 1096 Johannes
651 1058 697 1095 de
716 1059 971 1106 Everswerde,
990 1061 1193 1111 presbyter,
1213 1061 1400 1098 Arnoldus
1422 1060 1542 1097 dictus
1563 1058 1714 1107 Hayon,

185 1123 266 1165 etc.,
291 1118 387 1168 layci
411 1115 656 1168 Trajectensis
680 1118 868 1168 dyocesis,
886 1132 998 1170 super
1023 1120 1182 1170 quadam
1206 1120 1384 1172 pecuniae
1409 1131 1568 1163 summa,
1591 1115 1715 1160 terris,

185 1176 482 1228 possessionibus
498 1180 535 1213 et
550 1175 662 1213 rebus
680 1176 762 1213 aliis
780 1189 873 1227 quas
886 1177 1007 1214 dictus
1023 1182 1142 1215 rector
1159 1179 1204 1214 ad
1223 1191 1260 1215 se
1278 1178 1420 1215 ratione
1435 1188 1612 1228 personae
1626 1186 1715 1211 suae

185 1239 391 1288 spectantes
409 1248 476 1286 per
493 1247 626 1272 manus
641 1234 828 1272 dictorum
846 1242 1085 1273 executor-um
1105 1236 1143 1273 in
1161 1237 1242 1287 pios
1262 1249 1349 1274 usus
1362 1235 1503 1286 erogari
1518 1231 1715 1285 praecepit,

186 1294 415 1344 injuriantur
431 1293 589 1340 eisdem,
608 1298 762 1344 propter
778 1294 880 1345 quod
899 1295 1016 1345 ipsius
1034 1296 1240 1332 testamenti
1259 1295 1441 1340 executio,
1463 1305 1574 1344 quam
1593 1291 1715 1328 dictus

185 1351 391 1390 monachus
413 1351 460 1388 de
482 1351 656 1389 mandato
682 1351 740 1389 sui
763 1352 965 1403 superioris
988 1353 1149 1404 suscepit
1169 1357 1205 1390 et
1228 1353 1476 1404 prosequitur,
1499 1349 1715 1401 impeditum

186 1411 346 1463 ideoque
363 1409 586 1448 Discrctioni
600 1410 701 1447 Tuae
721 1423 787 1461 per
804 1411 1003 1461 apostolica
1023 1411 1158 1462 scripta
1172 1411 1391 1449 mandamus
1404 1414 1586 1462 quatenus
1598 1407 1716 1459 parti-

184 1470 256 1508 bus
273 1463 634 1507 convocatis‘audias
652 1481 817 1515 causam,
836 1474 872 1506 et
888 1470 1134 1521 appellatione
1154 1475 1310 1516 remota,
1328 1469 1449 1507 usuris
1470 1466 1715 1511 cessantibus,

183 1528 312 1566 debito
337 1527 412 1565 fine
433 1527 584 1565 decidas
609 1527 746 1565 faciens
769 1528 871 1579 quod
894 1529 1100 1567 decreveris
1125 1542 1192 1579 per
1213 1541 1406 1566 censuram
1432 1525 1714 1565 ecclesiasticam

184 1587 343 1639 tirmiter
359 1586 562 1624 observari.
585 1586 710 1625 Testes
730 1592 851 1625 autem
876 1589 940 1639 qui
966 1589 1103 1625 suerint
1128 1588 1325 1633 nominati,
1347 1588 1376 1625 si
1402 1600 1439 1625 se
1467 1585 1601 1637 gratia,
1627 1583 1716 1621 odio

185 1645 243 1684 vel
261 1645 394 1683 timore
411 1645 699 1692 substraxerint,
718 1659 873 1684 censura
895 1647 1025 1694 simili,
1047 1648 1292 1698 appellatione
1315 1651 1492 1691 cessante,
1516 1643 1715 1694 compellas

184 1707 328 1766 veritati
347 1706 602 1747 testimonium
622 1707 829 1758 perbibere.
848 1708 982 1745 Datum
994 1738 1002 1753 ,
1022 1713 1090 1745 etc.

884 1832 999 1843 *OQ—-

820 1973 1088 2012 CCCLXXXll.

276 2091 527 2130 Consultation
554 2093 616 2130 des
648 2093 815 2130 docceurs
845 2092 1037 2129 d’Orle'ans
1067 2104 1136 2128 sur
1164 2103 1215 2128 un
1245 2090 1316 2140 fies
1338 2090 1389 2126 dn
1423 2090 1624 2126 rnoriaslere

842 2150 904 2187 des
923 2151 1059 2187 Demos.

927 2250 974 2257 .-

236 2341 424 2380 Universis
442 2350 651 2395 praesentes
671 2347 807 2383 litteras
826 2346 1046 2396 inspecturis
1066 2345 1232 2382 ollicialis
1255 2343 1529 2381 Aurelianensis
1546 2343 1712 2379 salutem.

235 2399 418 2439 Noveritis
432 2404 539 2453 ‘quod
558 2404 596 2441 in
616 2405 820 2455 praesentia
842 2404 1005 2455 magistri
1026 2404 1105 2449 W.,
1123 2403 1245 2440 clerici
1266 2407 1411 2439 nostrae
1433 2401 1556 2438 curiae
1579 2400 1710 2437 notarii

182 2458 294 2508 jurati
314 2459 361 2506 ad
377 2459 466 2499 haec
483 2475 579 2512 quae
598 2469 806 2514 sequuntur
822 2463 1005 2500 audienda
1023 2468 1058 2499 et
1077 2462 1115 2499 in
1134 2462 1290 2499 sormam
1308 2461 1495 2512 publicam
1514 2458 1712 2510 redigenda
