2184 3074
757 245 920 284 CODEX
948 243 1188 283 DUNENSlS.
1664 246 1735 282 207

199 367 398 414 niacensis5
434 365 808 404 praemonstratensis
842 368 877 401 et
909 363 1129 402 Sanctorum
1166 363 1364 412 Augustini
1397 367 1432 399 et
1464 362 1654 400 Benedicti
1695 376 1737 398 ac

198 425 356 462 aliorum
376 425 570 472 ordinum,
598 437 742 462 necnon
771 437 791 460 a
819 422 1003 473 magistris
1030 425 1066 459 et
1092 421 1398 472 praeceptoribus
1425 421 1559 459 domus
1583 421 1737 458 militiae

195 483 338 534 Templi
376 487 412 520 et
449 482 642 533 hospitalis
677 481 825 520 Sancti·
839 479 1023 518 Johannis
1066 479 1373 526 Jerosolimitani,
1409 479 1565 516 Sanctae
1602 479 1736 516 Mariae

195 542 512 580 'theutonicorum
543 546 579 579 et
610 540 878 578 Calatravensis
910 539 1026 590 ipsius
1057 538 1179 588 regni,
1216 542 1252 575 et
1281 538 1576 576 contradicentes
1606 543 1735 575 aucto-

197 599 303 637 ritate
322 604 446 638 nostra
466 613 533 650 per
551 603 585 636 te
602 599 660 636 vel
679 598 794 636 alium
815 601 880 635 aut
895 597 987 634 alios
1005 596 1191 647 apostolos
1217 600 1435 647 potestatem
1454 597 1712 647 compescendi
1725 626 1733 642 ,

196 669 270 695 non
290 658 459 696 obstante
480 658 510 695 si
533 657 722 708 aliquibus
741 662 796 694 oet
820 656 868 693 ab
891 655 1019 693 eadem
1045 654 1138 693 Sede
1166 655 1354 692 indultum
1377 656 1478 706 quod
1512 656 1651 706 legatus
1676 656 1732 692 vel

195 715 348 753 nuntius
369 715 487 767 ipsius
511 715 616 753 Sedis
647 715 771 766 aliqua
804 713 1066 766 procuratione
1094 712 1270 750 exhibere
1299 713 1356 750 vel
1385 713 1638 760 contribuere,
1663 713 1733 751 nisi

193 774 239 811 ad
257 787 319 812 eos
337 774 627 821 declinaverint,
646 774 802 811 minime
820 777 1033 818 teneantur,
1053 784 1118 809 seu
1147 772 1250 822 quod
1274 771 1444 809 interdici
1469 772 1526 809 vel
1555 771 1730 823 suspendi

192 832 247 869 vel
279 832 596 870 excommunicari
630 844 707 869 non
735 830 881 882 possint
917 843 985 881 per
1015 829 1153 867 litteras
1191 829 1412 880 apostolicas
1450 843 1525 867 non
1559 830 1731 867 facientes

192 893 338 944 plenam
362 898 399 931 et
417 906 631 944 expressam
650 906 693 930 ac
710 892 757 929 de
773 892 889 929 verbo
910 891 957 928 ad
975 891 1132 928 verbum
1156 891 1202 928 dc
1216 891 1361 941 judicio
1387 891 1603 941 hujusmodi
1626 905 1733 928 men—

193 951 346 998 tionem,
364 953 445 990 sine
463 951 656 1003 aliquibus
676 951 880 1002 privilegiis
898 950 954 988 vel
975 949 1217 1001 indulgentiis
1236 950 1526 1002 quibuscunque
1545 950 1730 1001 personis7

191 1009 280 1047 locis
296 1010 354 1047 vel
371 1010 587 1056 ordinibus,
614 1009 686 1047 sub
704 1009 837 1060 quavis
861 1009 979 1046 forma
1006 1021 1091 1045 vere
1117 1008 1164 1045 ab
1190 1008 1318 1045 eadem
1344 1008 1439 1046 Sede
1461 1008 1659 1051 concessi&
1686 1008 1732 1045 de

189 1068 345 1118 quibus,
366 1081 607 1119 quorumque
633 1067 719 1105 totis
745 1067 938 1104 tenoribus
968 1067 1006 1103 in
1034 1067 1170 1103 nostris
1199 1066 1328 1103 litteris
1355 1067 1489 1104 similis
1515 1066 1654 1103 mentio
1685 1066 1732 1103 sit

189 1126 377 1175 habenda,
400 1133 436 1164 et
457 1141 524 1178 per
544 1140 640 1178 quae
656 1138 830 1177 praesens
856 1125 1073 1162 mandatum
1099 1125 1383 1175 quomodolibet
1399 1126 1519 1162 valeat
1532 1125 1705 1176 impediri
1719 1152 1730 1171 ‚

189 1185 403 1223 discretioni
430 1190 514 1222 tuae
537 1185 692 1222 liberam
719 1183 960 1227 concedimus
987 1182 1204 1220 auctoritate
1231 1182 1480 1234 praesentium
1509 1183 1730 1220 facultatem.

190 1244 345 1291 Datum,
363 1248 430 1282 etc.

239 1303 336 1341 Eine
373 1303 488 1354 igitur
521 1302 736 1340 discretioni
784 1307 867 1355 tuae
909 1301 956 1338 de
993 1314 1068 1352 qua
1102 1301 1250 1351 plenam
1283 1300 1320 1337 in
1356 1300 1518 1337 Domino
1553 1300 1727 1337 fiduciam

188 1363 371 1413 gerimus,
405 1375 478 1414 qua
508 1362 702 1412 fungimur
725 1361 945 1399 auctoritate
971 1360 1192 1398 mandamus
1219 1365 1403 1411 quatenus
1429 1360 1475 1396 ad
1506 1360 1725 1398 Remensem

188 1425 224 1458 et
242 1421 332 1459 alias
357 1421 523 1459 civitates
541 1425 577 1458 et
593 1421 771 1471 dyoceses
790 1419 982 1458 Remensis
1001 1419 1216 1470 provinciae
1233 1419 1477 1470 personaliter
1494 1419 1725 1464 accedentes,

188 1485 224 1517 et
242 1480 433 1523 facultates
447 1484 483 1517 et
494 1484 704 1531 'proventus
718 1479 888 1517 omnium
903 1479 1158 1525 ecclesiarum,
1179 1478 1488 1516 monasteriorum
1508 1482 1544 1514 et
1559 1478 1723 1514 locorum

187 1539 519 1578 ecclesiasticorum
538 1539 830 1577 Tornacensium
848 1551 922 1576 non
937 1542 1319 1589 exemptorun1‚quae
1328 1542 1586 1588 procuratores
1596 1541 1726 1574 aucto-

188 1598 294 1636 ritate
314 1599 565 1649 praesentium
592 1598 702 1636 nobis
721 1603 907 1649 praestare
927 1602 1116 1643 tenentur,
1147 1597 1422 1634 communicato
1444 1596 1600 1634 consilio
1622 1596 1724 1646 quod

189 1657 250 1694 illa
270 1670 355 1694 cum
381 1657 547 1694 locorum
571 1657 836 1707 dyochesani87
851 1656 976 1706 vel‚ysi
995 1656 1138 1707 egerint
1156 1656 1193 1692 in
1212 1669 1267 1699 re5
1287 1668 1371 1692 cum
1391 1655 1540 1692 illorum
1561 1655 1724 1699 vicariis,

189 1719 253 1754 aut
266 1728 351 1753 cum
369 1715 519 1753 duobus
537 1716 748 1754 constitutis
767 1715 805 1752 in
824 1715 1069 1766 dignitatibus
1085 1714 1354 1752 cathedralium
1374 1713 1611 1751 ecclesiarum
1631 1714 1725 1750 civi—

187 1779 302 1812 tatum
323 1775 510 1826 ipsorum,
529 1780 642 1826 prout
657 1775 826 1813 videritis
845 1774 1064 1820 convenire,
1082 1787 1124 1811 ac
1146 1774 1255 1811 etiam
1275 1777 1550 1824 exemptorum,
1568 1773 1722 1823 provida

187 1834 505 1884 circunspectione
522 1834 739 1885 diligentius
757 1833 1004 1879 attendentes,
1020 1833 1224 1883 imponatis
1242 1833 1429 1883 utrisque,
1450 1845 1525 1868 non
1544 1832 1723 1882 exemptis

187 1892 356 1930 videlicet-
373 1905 416 1930 ac
433 1892 633 1944 exemptis,
652 1893 832 1943 pecuniae
847 1892 1071 1943 quantitates
1089 1905 1181 1942 quas
1199 1890 1440 1928 aestimabitis
1458 1895 1701 1940 congruentes
1713 1920 1722 1935 ‚

189 1949 348 1987 taxando
383 1963 510 1987 earum
540 1950 695 1988 cuilibet
717 1954 853 1987 certam
876 1955 912 1987 et
938 1949 1196 1986 rationabilem
1223 1949 1270 1985 de
1293 1949 1382 1999 ipsis
1402 1949 1508 1998 juxta
1532 1949 1722 1986 facultates

146 2016 150 2020 ’
188 2008 358 2059 proprias
385 2009 650 2058 quantitatem,
678 2013 791 2059 prout
807 2013 926 2045 vestra
945 2007 1120 2045 discretio
1138 2007 1273 2044 viderit
1293 2006 1485 2057 expedire,
1507 2011 1543 2042 et
1565 2006 1721 2057 singulis

186 2067 232 2103 de
272 2066 456 2116 impositis
497 2067 568 2104 sibi
612 2066 885 2118 quantitatibus
925 2065 1134 2103 nuntiando
1171 2065 1222 2102 eis
1257 2065 1548 2116 peremptorium
1588 2064 1718 2115 viginti

185 2124 330 2161 dierum
347 2124 565 2171 terminum,
585 2125 678 2162 infra
698 2138 830 2176 quem,
854 2129 1051 2175 postquam
1074 2124 1121 2160 de
1139 2123 1354 2173 hujusmodi
1383 2123 1569 2160 taxatione
1590 2136 1721 2174 perve—

186 2185 282 2220 nerit
299 2182 346 2220 ad
367 2182 517 2220 illorum
546 2183 695 2229 notitia,
722 2184 768 2220 de
791 2183 974 2233 impositis
992 2182 1063 2219 sibi
1087 2187 1346 2233 procuratores
1369 2182 1596 2219 satisfaciant
1612 2196 1720 2233 prae-

184 2241 350 2291 figendo,
383 2254 543 2287 necnon,
574 2242 604 2280 si
632 2243 671 2280 id
694 2243 906 2288 omiserint,
926 2242 963 2279 in
989 2254 1050 2279 eos
1073 2237 1481 2279 excommunicationis
1499 2242 1717 2279 sententiam

184 2299 473 2350 promulgando,
499 2314 634 2352 easque
657 2301 963 2352 procuratoribus
993 2301 1164 2338 collectas
1191 2301 1331 2350 integre
1350 2313 1392 2337 ae
1418 2305 1544 2338 nostro
1569 2301 1720 2338 nomine

186 2357 421 2395 conservetis.
467 2359 577 2406 Quod
596 2359 624 2396 si
650 2359 765 2410 aliqui
788 2373 833 2396 ex
853 2359 905 2397 eis
926 2359 1165 2409 allegaverint
1189 2372 1227 2396 se
1253 2371 1330 2396 esse
1351 2372 1418 2409 per
1439 2358 1631 2409 privilegia
1663 2359 1719 2395 vel
