2184 3074
729 334 887 373 CODEX
917 333 1164 373 DUNENSlS.
1639 338 1712 375 455

179 455 390 494 monasterii
420 455 466 492 de
484 454 650 499 Thosan,
673 452 851 504 praedicti
867 452 1118 490 Cisterciensis
1137 452 1298 499 ordinis,
1327 453 1373 490 ad
1398 457 1560 490 vestrum
1586 453 1708 490 forum

178 514 234 551 vel
248 514 435 564 judicium
454 513 617 551 seculare
636 511 780 548 trabere
797 515 832 548 et
846 523 995 556 vocare,
1011 523 1145 548 vexare
1162 515 1198 548 et
1218 511 1412 548 molestare
1425 511 1470 548 ad
1496 510 1707 548 instantiam

176 571 276 618 talis,
302 577 338 610 et
364 571 601 623 probationes
618 574 682 607 aut
706 573 813 606 testes
836 569 999 619 recipere
1022 573 1058 606 et
1083 569 1294 606 examinare
1320 574 1384 606 aut
1407 569 1706 607 informationem

176 631 266 670 alias
289 632 407 671 facere
438 629 602 668 nitimini
626 634 662 667 et
687 629 878 667 intenditis
904 633 1032 667 contra
1057 629 1206 667 eosdem
1232 629 1423 681 religiosos
1447 634 1483 667 et
1511 630 1548 667 in
1575 643 1704 667 eorum

176 689 447 740 praejudicium
469 694 506 726 et
528 701 639 739 grave
648 685 894 738 dispendium
914 700 956 724 ac
974 687 1012 724 in
1031 692 1285 739 contemptum
1312 692 1348 726 et
1370 688 1574 726 elusionem
1593 688 1706 739 privi-

175 747 355 798 legiorum
371 747 422 785 eis
439 760 551 798 super
569 746 640 783 hoc
657 759 677 783 a
692 746 784 784 Sede
799 746 1008 796 Apostolica
1029 746 1260 784 indultorum
1271 775 1280 792 ,
1295 746 1395 784 unde
1412 760 1479 798 ego
1498 747 1596 793 talis,
1616 760 1704 797 pro-

175 810 323 843 curator
341 805 517 857 praedicti
530 805 674 843 abbatis
689 818 752 842 seu
771 809 994 851 conventus,
1014 804 1155 842 habens
1173 805 1217 841 ad
1238 805 1471 856 infrascripta
1486 810 1701 856 potestatem

174 868 210 902 et
225 864 383 915 speciale
401 864 632 910 mandatum,
647 863 808 901 sentiens
828 867 862 900 et
886 863 1018 900 timens
1041 876 1086 900 ex
1107 863 1366 914 probabilibus
1384 869 1420 900 et
1437 864 1701 901 verisimilibus

173 922 395 973 conjecturis
411 922 618 974 praedictos
635 921 807 959 abbatem
825 934 890 958 seu
904 925 1128 958 conventum
1147 921 1320 959 dominos
1335 935 1434 959 meos
1450 922 1487 958 in
1505 922 1702 972 praedictis

174 981 258 1019 nisu
276 985 339 1018 aut
352 980 556 1019 intentione
569 980 626 1017 vel
645 993 819 1031 processu
838 979 966 1017 vestris
986 993 1092 1030 posse
1110 979 1275 1017 indebite
1291 985 1420 1017 contra
1440 981 1559 1025 Deum
1578 985 1614 1017 et
1625 980 1703 1030 jus-

173 1039 291 1078 titiam
305 1039 553 1091 praegravari,
568 1052 614 1076 ne
627 1039 673 1076 ad
687 1039 849 1090 aliquem
864 1042 986 1075 actum
997 1037 1213 1087 judicialem
1229 1051 1293 1075 seu
1307 1038 1505 1089 aliqualem
1523 1038 1701 1076 informa-

172 1097 311 1135 tionem
329 1098 386 1135 vel
401 1097 658 1149 probationem
678 1102 742 1135 aut
759 1097 907 1134 testium
927 1096 1193 1147 receptionem,
1213 1101 1339 1133 contra
1353 1097 1560 1147 praedictos
1579 1097 1702 1135 domi-

174 1168 241 1193 nos
255 1169 367 1202 meOS,
377 1155 424 1192 ad
441 1155 653 1193 instantiam
669 1155 766 1201 talis,
781 1159 899 1192 vestra
914 1155 1066 1192 seculari
1082 1155 1297 1192 auctoritate
1311 1168 1384 1206 qua
1400 1155 1502 1205 fungi
1513 1155 1700 1201 dicimini,

173 1214 456 1265 quomodolibet
473 1214 696 1265 procedatis,
715 1218 778 1251 aut
795 1213 833 1250 in
851 1213 977 1264 aliquo
991 1213 1148 1263 gravetis
1167 1213 1316 1250 eosdem
1339 1214 1386 1250 ab
1408 1214 1595 1251 audientia
1617 1227 1700 1251 ves-

174 1276 229 1310 tra
257 1277 292 1310 et
312 1277 439 1310 contra
462 1286 527 1309 vos
553 1276 589 1309 et
606 1276 732 1309 contra
750 1276 892 1322 partem
920 1271 1110 1309 adversam
1125 1300 1134 1318 ,
1157 1276 1194 1308 et
1216 1285 1463 1322 quoscunque
1481 1273 1571 1309 alios
1591 1272 1699 1309 dictis

171 1331 333 1369 dominis
352 1331 443 1368 meis
462 1335 497 1368 et
515 1330 607 1368 mihi
627 1330 664 1368 in
681 1330 891 1381 praemissis
909 1330 1111 1376 obnoxios,
1129 1343 1197 1380 pro
1217 1330 1306 1380 ipsis
1328 1334 1363 1367 et
1389 1330 1478 1380 ipsis
1496 1331 1701 1368 adhaeren-

173 1389 273 1429 tibus
291 1394 327 1427 et
350 1403 479 1427 eorum
503 1389 653 1427 nomine
675 1402 718 1427 ac
738 1389 888 1427 nominc
913 1389 1167 1440 procuratorio
1188 1389 1226 1426 in
1246 1389 1318 1426 hiis
1339 1389 1486 1439 scriptis
1503 1389 1548 1426 ad
1567 1390 1698 1427 Sedem

172 1448 422 1500 Apostolicam
443 1461 604 1500 provoco
622 1453 658 1485 et
674 1448 837 1499 appello,
856 1448 973 1485 dictos
988 1447 1161 1485 dominos
1186 1461 1304 1494 meos,
1336 1461 1464 1485 eorum
1492 1449 1699 1494 ecclesiam,

171 1511 286 1546 status
305 1511 341 1545 et
357 1507 532 1554 familias,
550 1507 649 1545 bona
666 1519 815 1552 eorum,
834 1520 893 1544 me
911 1511 947 1544 et
964 1520 1064 1549 mea,
1082 1506 1171 1557 ipsis
1190 1507 1428 1544 adhaerentes
1447 1512 1482 1544 et
1499 1507 1699 1544 adhaerere

170 1565 352 1609 volentes,
375 1579 506 1604 eorum
532 1565 646 1611 bona,
674 1569 791 1603 status
815 1569 850 1602 et
875 1564 1033 1602 familias
1056 1564 1277 1615 protectioni
1306 1569 1342 1602 et
1367 1565 1572 1602 defensioni
1592 1565 1698 1603 Sedis

171 1624 404 1675 Apostolicae
421 1623 684 1675 supponendo,
702 1628 738 1661 et
762 1624 948 1674 apostolos
967 1623 1079 1660 michi
1099 1637 1119 1660 a
1139 1624 1244 1661 vobis
1263 1623 1341 1661 dari
1368 1628 1403 1660 et
1430 1623 1582 1661 concedi
1607 1637 1695 1661 cum

170 1695 244 1732 qua
259 1685 360 1720 decet
373 1682 546 1719 instantia
565 1686 667 1733 peto,
684 1694 779 1732 quos
793 1681 822 1719 si
843 1681 956 1718 michi
975 1681 1242 1733 denegaveritis
1259 1682 1315 1718 vel
1336 1682 1419 1732 plus
1437 1682 1564 1719 debito
1578 1681 1698 1719 distu-

171 1739 298 1786 leritis,
321 1740 482 1778 sentiens
499 1753 544 1777 ex
563 1739 634 1776 hoc
651 1739 770 1777 dictos
787 1739 960 1777 dominos
978 1752 1079 1776 meos
1098 1743 1133 1776 et
1151 1753 1209 1776 me
1227 1753 1272 1776 ex
1291 1739 1362 1776 hoc
1380 1739 1543 1790 gravari,
1564 1740 1696 1777 iterum

170 1798 209 1836 in
229 1797 300 1836 hiis
319 1798 464 1849 scriptis
481 1798 527 1835 ad
542 1797 672 1836 Sedem
685 1797 910 1849 praedictam
929 1802 971 1834 ut
987 1811 1099 1848 supra
1117 1811 1278 1849 provoco
1295 1803 1331 1834 et
1347 1798 1493 1848 appello
1512 1798 1582 1836 sub
1601 1799 1697 1836 testi-

170 1856 296 1894 monio
314 1857 513 1895 astantium
530 1869 772 1907 personarum
784 1885 793 1903 ‚
811 1861 1018 1907 protestans
1033 1856 1078 1894 de
1094 1857 1162 1893 liae
1179 1856 1440 1907 provocatione
1454 1870 1517 1894 seu
1533 1857 1697 1907 appella-

169 1915 270 1953 tione
284 1915 556 1967 prosequenda‚
578 1916 789 1953 innovanda
804 1920 839 1953 et
853 1916 1077 1953 notificanda
1094 1916 1188 1953 infra
1203 1920 1348 1966 tempus
1366 1929 1386 1952 a
1401 1915 1485 1965 jure
1503 1920 1697 1962 statutum,

170 1974 237 2013 ubi
266 1979 303 2012 et
335 1974 487 2026 quando
513 1979 548 2012 et
571 1987 696 2012 coram
723 1974 862 2025 quibus
893 1974 1020 2011 videro
1052 1974 1242 2025 expedire,
1276 1975 1374 2012 salva
1398 1974 1490 2011 mihi
1520 1979 1697 2025 potestate

169 2033 329 2071 addendi
357 2039 393 2071 et
417 2034 629 2081 minuendi,
646 2038 758 2085 prout
775 2034 903 2071 videro
921 2039 1167 2085 oportunum,
1185 2034 1341 2071 offerens
1370 2047 1428 2071 me
1451 2034 1694 2084 probaturum

169 2103 245 2129 non
262 2091 387 2129 omnia
405 2092 468 2130 sed
487 2105 582 2143 quae
599 2092 791 2130 sufficiunt
807 2092 852 2129 de
870 2092 1095 2143 praemissis,
1120 2097 1156 2128 et
1180 2096 1264 2142 peto
1288 2105 1308 2129 a
1331 2095 1365 2128 te
1382 2092 1525 2128 notario
1544 2091 1695 2141 publico

169 2154 212 2188 ut
228 2163 340 2201 super
356 2151 566 2201 praemissis
585 2151 671 2189 inde
690 2151 802 2188 michi
823 2151 997 2188 conficias
1016 2150 1211 2201 publicum
1231 2150 1530 2188 instrumentum.

880 2334 988 2344 -00—
