2184 3074
435 280 480 318 ¹6
983 276 1142 314 CODEX
1171 275 1416 314 DUNENSIS.

1170 440 1248 477 ΧΠ.

616 547 778 594 Election
796 555 839 592 de
857 555 1069 592 Guillaume
1087 554 1129 592 de
1149 555 1262 591 Hulst
1279 567 1415 591 comme
1433 554 1519 591 abbe
1536 554 1598 591 des
1617 555 1746 592 Dunes
1766 558 1786 591 ⁸.

483 753 524 789 In
554 751 704 789 nomine
730 755 877 788 sanctae
906 755 942 787 et
967 750 1182 787 individuae
1206 751 1415 797 Trinitatis,
1439 751 1557 788 Patris
1579 755 1614 788 et
1640 751 1725 788 Filii
1751 756 1787 789 et
1811 753 1970 803 Spiritus

433 810 574 857 Sancti,
594 823 718 856 amen,
736 809 919 846 universis
939 809 1074 847 Christi
1094 810 1267 847 fidelibus
1283 823 1455 861 praesens
1470 810 1650 861 scriptum
1666 811 1801 848 visuris
1814 816 1850 848 et
1863 811 1972 848 audi-

434 869 526 906 turis
545 869 673 905 fratres
692 868 780 904 tales
798 867 886 904 dicti
906 867 1056 905 abbates
1075 869 1229 905 salutem
1251 869 1288 904 in
1308 869 1470 905 Domino
1487 869 1761 918 sempiternam.

482 928 685 965 Attendens
699 927 924 964 reverendus
943 927 981 963 in
1000 927 1147 964 Christo
1161 932 1265 978 pater
1279 927 1453 965 dominus
1467 928 1689 965 venerabilis
1703 928 1973 966 Claraevallen-

432 987 481 1024 sis
500 987 614 1023 abbas
629 986 741 1023 sacris
760 986 966 1023 canonibus
986 1000 1064 1023 esse
1083 991 1232 1023 cautum
1253 991 1293 1023 ut
1314 987 1478 1037 praelato
1500 986 1653 1037 proprio
1681 999 1756 1023 non
1779 987 1843 1024 diu
1870 991 1973 1025 vacet

432 1045 603 1090 ecclesia,
623 1058 669 1081 ne
688 1058 755 1095 pro
776 1045 921 1081 defectu
941 1045 1098 1095 pastoris
1121 1045 1352 1081 dominicum
1374 1058 1520 1095 gregem
1543 1045 1652 1094 lupus
1670 1058 1785 1095 rapax
1807 1045 1972 1092 invadat,

431 1108 496 1141 aut
508 1103 657 1140 viduata
673 1103 823 1140 ecclesia
841 1103 878 1139 in
898 1103 974 1140 suis
993 1103 1229 1140 facultatibus
1247 1117 1357 1154 grave
1374 1103 1612 1153 dispendium
1629 1103 1802 1154 patiatur,
1818 1108 1971 1141 vacante

432 1162 655 1199 monasterio
676 1161 721 1197 de
739 1161 860 1198 Dunis
879 1175 946 1212 per
964 1166 1119 1198 mortem
1140 1162 1259 1198 bonae
1277 1161 1477 1200 memoriae
1495 1161 1639 1198 domini
1658 1161 1822 1198 Thomae
1844 1175 1969 1211 quon—

432 1221 517 1257 dam
543 1219 686 1256 abbatis
707 1219 863 1263 ibidem,
882 1219 979 1256 idem
1000 1219 1175 1256 dominus
1194 1219 1510 1265 Claraevallensis,
1529 1219 1697 1256 visitator
1715 1224 1750 1256 et
1767 1224 1871 1270 pater
1887 1220 1969 1257 Du-

433 1277 556 1315 nensis
582 1277 795 1314 monasterii
822 1278 1046 1328 supradicti,
1074 1278 1181 1315 nobis
1213 1278 1309 1314 circa
1337 1278 1560 1315 creationem
1591 1282 1626 1315 et
1651 1278 1801 1315 alterius
1824 1278 1968 1316 abbatis

431 1337 733 1385 subrogationem
760 1336 857 1373 vices
883 1350 967 1373 suas
994 1336 1102 1373 duxit
1126 1337 1292 1387 plenarie
1317 1337 1610 1374 committendas.
1639 1337 1752 1386 Cujus
1777 1337 1829 1374 rei
1852 1337 1968 1388 grat-ia

431 1396 478 1432 ad
499 1395 640 1431 dictum
666 1395 930 1432 monasterium
950 1396 1193 1445 personaliter
1210 1395 1437 1441 accedentes,
1455 1396 1536 1432 vice
1553 1395 1641 1432 dicti
1662 1395 1804 1432 domini
1823 1396 1968 1433 Clarae-

431 1454 604 1491 vallensis
623 1459 657 1491 et
674 1454 889 1490 auctoritate
907 1454 1024 1504 ipsius
1043 1454 1150 1491 nobis
1170 1455 1377 1505 specialiter
1390 1455 1427 1491 in
1444 1454 1512 1491 hac
1526 1459 1628 1505 parte
1642 1454 1854 1499 commissa,
1869 1454 1967 1491 diem

431 1514 478 1551 ad
504 1512 715 1563 eligendum
744 1513 882 1549 ibidem
912 1512 1167 1563 praefiximus,
1194 1513 1367 1550 videlicet
1390 1514 1509 1550 talem.
1537 1513 1620 1561 Quo
1646 1513 1706 1550 die
1731 1513 1966 1558 adveniente,

432 1571 622 1623 monachis
641 1570 749 1607 etiam
770 1571 995 1621 quibusdam
1017 1571 1080 1621 qui
1104 1575 1205 1607 extra
1225 1571 1468 1608 morabantur
1487 1571 1524 1608 in
1543 1571 1705 1622 grangiis
1723 1576 1759 1608 et
1776 1571 1866 1608 locis
1885 1571 1966 1608 aliis

429 1629 604 1672 evocatis,
631 1629 888 1680 praesentibus
916 1629 1092 1665 omnibus
1120 1629 1157 1664 in
1185 1628 1347 1678 capitulo
1369 1629 1434 1679 qui
1463 1634 1553 1666 tune
1578 1633 1748 1679 poterant
1775 1629 1965 1675 interesse,

428 1687 543 1739 priori
560 1687 792 1736 injunximus
808 1686 965 1736 utjuxta
980 1687 1136 1723 sormam
1152 1691 1187 1723 et
1202 1687 1344 1724 ordinis
1358 1687 1666 1724 consuetudinem
1681 1700 1834 1738 surgens
1849 1680 1966 1724 nomi-

429 1751 533 1783 naret
547 1749 583 1782 et
596 1749 797 1782 assumeret
810 1745 995 1781 electores.
1005 1745 1151 1792 Quibus
1169 1745 1367 1782 nominatis
1384 1749 1418 1781 et
1431 1758 1555 1782 secum
1571 1745 1781 1795 assumptis,
1794 1745 1966 1782 videlicet

427 1805 490 1842 tali
511 1809 546 1840 et
564 1804 643 1849 tali,
664 1809 699 1840 et
718 1803 807 1853 ipsis
825 1817 948 1840 coram
969 1804 1076 1840 nobis
1095 1805 1132 1840 in
1153 1805 1263 1854 pleno
1282 1805 1445 1854 capitulo
1464 1804 1689 1850 constitutis,
1712 1805 1909 1855 diligenter
1926 1804 1965 1841 in

428 1863 596 1901 omnium
617 1863 823 1913 praesentia
841 1863 1093 1913 quaesivimus
1112 1863 1140 1900 si
1161 1863 1206 1899 de
1225 1863 1380 1900 consilio
1399 1869 1434 1900 et
1452 1877 1603 1900 assensu
1620 1863 1828 1914 supprioris
1841 1867 1876 1900 et
1891 1864 1965 1900 cel-

429 1922 568 1968 lerarii,
587 1934 749 1972 quorum
764 1922 871 1971 juxta
889 1927 1024 1959 statuta
1045 1925 1159 1959 nostri
1174 1923 1316 1960 ordinis
1332 1923 1522 1969 intererat,
1541 1923 1720 1959 nominati
1737 1926 1773 1959 et
1785 1923 1965 1973 assumpti

430 1982 576 2018 fuerant
591 1980 806 2029 hujusmodi
825 1981 1010 2018 electores.
1031 1981 1114 2029 Quo
1133 1986 1322 2032 comperto
1343 1982 1505 2032 plenius,
1521 1981 1677 2018 ulterius
1693 1981 1855 2032 legitime
1870 1995 1967 2018 amo-

430 2039 580 2076 nuimus
599 2051 726 2075 omnes
745 2043 780 2074 et
797 2039 963 2088 singulos
982 2044 1070 2076 tunc
1089 2045 1296 2090 praesentes
1320 2045 1361 2076 ut
1386 2040 1414 2077 si
1439 2040 1532 2090 quid
1559 2040 1696 2077 scirent
1721 2039 1966 2090 probabiliter

428 2099 483 2134 vel
498 2098 620 2134 dicere
635 2097 770 2133 vellent
787 2102 913 2134 contra
933 2099 1106 2135 electores
1125 2099 1333 2149 praedictos
1352 2099 1408 2135 vel
1427 2112 1555 2135 eorum
1576 2099 1737 2148 aliquem
1759 2098 1963 2148 quominus

425 2159 472 2195 ad
492 2157 707 2207 hujusmodi
726 2158 884 2207 eligendi
905 2159 1007 2209 quod
1026 2159 1263 2197 incombebat
1280 2160 1444 2197 officium
1465 2161 1586 2196 forent
1603 2159 1756 2209 ydonei,
1775 2173 1839 2196 seu
1857 2159 1960 2209 quod

425 2216 471 2253 ab
486 2216 614 2252 eodem
630 2217 829 2265 repellendi
845 2223 965 2254 essent
978 2218 1156 2268 legitime,
1175 2223 1426 2269 proponerent
1443 2218 1480 2255 id
1500 2222 1720 2255 constanter.
1738 2217 1884 2265 Quibus
1903 2217 1955 2254 nil

424 2274 572 2325 penitus
586 2275 873 2324 opponentibus,
888 2277 951 2313 sed
967 2277 1081 2314 immo
1095 2277 1271 2315 omnibus
1286 2278 1351 2328 qui
1366 2282 1455 2314 tunc
1469 2277 1621 2314 aderant
1634 2277 1672 2314 in
1687 2276 1849 2327 capitulo
1863 2276 1955 2312 sub-

462 2389 469 2403 ¹
493 2388 644 2414 Guillaume
657 2389 689 2414 de
705 2389 782 2415 Hulst
796 2390 835 2416 sut
849 2390 892 2417 elu
907 2400 939 2417 en
958 2392 1027 2418 ¹505
1042 2392 1118 2428 apres
1133 2394 1157 2420 la
1172 2398 1242 2420 mort
1255 2394 1287 2420 de
1300 2394 1416 2420 Thomas
1430 2394 1651 2428 d'Ardcmbourg.
