2184 3074
743 318 903 357 CODEX
930 319 1173 358 DUNENSlS.
1653 326 1724 361 2¹5

190 438 303 476 fessae
322 439 429 476 tacite
447 439 503 475 vel
526 451 696 489 expresse
713 438 924 488 egrediendi
948 439 1122 489 deinceps
1142 440 1263 490 ipsum
1283 442 1548 479 monasterium
1569 443 1722 479 facultas

187 497 235 535 sit
260 498 314 535 vel
340 511 418 535 esse
443 498 574 543 valeat7
606 510 830 547 quacunque
856 497 999 534 ratione
1025 497 1101 535 sive
1124 511 1248 544 eausa,
1279 499 1348 536 nisi
1378 500 1414 536 in
1442 513 1529 538 casu
1558 501 1594 537 in
1625 501 1720 537 (licta

188 556 452 594 constitutione
475 560 667 602 contento,
699 556 962 593 comminando
986 556 1124 593 eisdem
1151 571 1189 594 se
1218 558 1314 608 ipsas
1342 558 1389 595 ad
1421 558 1478 604 id,
1506 559 1576 597 nisi
1602 560 1722 596 dietae

186 615 384 654 monitioni
402 616 611 667 paruerint,
631 629 697 666 per
714 628 908 653 censuram
928 617 1210 654 eeclesiasticam
1239 619 1532 669 compulsurum.
1553 619 1721 657 {nhibnit

186 673 295 711 etiam
314 678 350 711 et
367 673 528 711 inhiberi
549 673 634 711 feeit
658 674 727 711 sub
750 674 880 725 poenis
899 675 1097 725 praedictis
1123 676 1299 713 omnibus
1324 681 1359 713 et
1385 677 1541 727 singulis
1560 677 1720 714 subditis

186 731 262 769 suis
287 745 332 768 ne
354 731 400 768 de
424 737 566 768 caetero
593 732 850 782 ingrediantur
871 734 926 769 vel
952 733 1128 772 accedant
1154 735 1200 770 ad
1229 748 1305 780 eas,
1331 741 1443 785 prout
1468 735 1557 772 haec
1582 742 1617 773 et
1649 737 1719 773 hiis

185 789 319 827 similia
339 790 376 826 in
396 790 607 840 patentibus
627 790 756 827 litteris
771 790 859 827 dieti
879 791 1070 828 reverendi
1086 792 1199 842 patris
1214 798 1249 829 et
1263 793 1431 830 ol'licialis
1450 794 1506 830 sui
1522 807 1634 844 super
1649 794 1720 832 hoc

183 848 357 885 confectis
383 848 555 885 diffusius
586 849 809 893 continetur,
834 862 907 885 non
935 850 1162 900 compatiens
1190 850 1287 887 idem
1313 851 1490 888 dominus
1521 852 1719 902 episcopus

186 905 299 943 nimie
327 905 650 956 depauperationi,
668 900 860 944 afflictioni
879 907 1116 958 gravissimae
1144 913 1179 944 et
1203 908 1399 958 multiplici
1423 910 1719 947 incommoditati

183 963 397 1001 earumdem
425 964 680 1015 religiosarum
709 964 926 1011 mulierum7
945 978 1036 1015 quas
1059 979 1125 1015 per
1149 965 1333 1002 horrenda
1351 980 1567 1016 guerrarum
1586 968 1720 1005 discri-

184 1021 283 1059 mina
305 1034 425 1072 nuper
443 1021 480 1058 in
499 1022 667 1072 partibus
686 1019 882 1059 Flandriae
899 1035 991 1073 quas
1011 1023 1221 1060 inhabitant
1238 1025 1439 1074 grassantia
1465 1026 1719 1063 sustinuerunt

182 1084 218 1117 et
243 1080 442 1126 sustinent,
464 1084 505 1117 ut
525 1086 728 1131 procurent
752 1081 803 1118 eis
828 1081 992 1118 fidelium
1017 1082 1236 1119 elemosinas
1258 1083 1463 1120 secundum
1484 1085 1720 1122 constitutio-

182 1150 266 1175 nem
286 1138 524 1189 praedictam.

230 1196 346 1247 Igitur
368 1210 435 1248 ego
462 1203 684 1248 procurator
704 1198 930 1249 praedictus,
954 1199 1114 1236 sentiens
1134 1199 1304 1237 dominas
1324 1213 1423 1237 meas
1441 1200 1664 1238 abbatissam
1684 1208 1719 1239 et

181 1260 405 1293 conventum
434 1255 641 1307 praedictas
664 1270 729 1307 per
754 1258 961 1307 praefatum
988 1257 1183 1295 dominum
1208 1258 1424 1309 episcopum
1447 1259 1716 1297 Tornaeensem

180 1325 374 1364 oppressas
394 1314 561 1352 indebite
585 1320 621 1351 et
645 1314 782 1364 injuste
808 1321 976 1366 gravatas
999 1316 1037 1353 in
1065 1316 1274 1366 praemissis
1298 1322 1333 1353 et
1356 1317 1512 1368 singulis
1539 1319 1717 1368 praemis-

178 1384 302 1409 sorum
316 1401 325 1413 ,
345 1386 387 1409 ae
407 1373 539 1411 timens
564 1373 816 1411 verisimiliter
834 1387 942 1425 posse
960 1388 1019 1412 eas
1047 1375 1084 1412 in
1113 1380 1301 1426 posterum
1322 1389 1388 1426 per
1406 1376 1526 1426 ipsum
1554 1377 1718 1414 indebite

179 1431 429 1481 praegravari,
447 1431 492 1468 ad
512 1431 645 1469 Sedem
666 1433 919 1483 Apostolicam
935 1447 1004 1484 pro
1019 1433 1108 1484 ipsis
1123 1434 1350 1471 dominabus
1365 1435 1456 1471 meis
1473 1435 1670 1485 praedietis
1683 1441 1718 1472 et

179 1489 331 1527 nomine
349 1503 477 1528 earum
495 1503 537 1528 ac
555 1491 768 1530 monasterii
793 1492 868 1538 sui,
888 1492 1134 1543 omniumque
1154 1493 1245 1530 mihi
1266 1498 1302 1530 et
1323 1493 1412 1544 ipsis
1434 1493 1715 1531 adhaerentium

179 1546 217 1585 in
246 1546 316 1584 hoe
341 1552 469 1585 contra
494 1549 726 1599 praedictum
760 1550 1004 1587 reverendum
1037 1555 1176 1601 patrem
1206 1551 1401 1588 dominum
1434 1551 1649 1602 episcopum
1681 1558 1716 1589 et

178 1605 373 1643 dominum
393 1606 576 1644 decanum
597 1607 885 1646 Christianitatis
905 1609 1152 1659 Brugensem,
1171 1615 1207 1646 et
1224 1610 1430 1660 quemlibet
1447 1610 1561 1647 alium
1580 1624 1715 1648 execu-

180 1669 294 1702 torem
314 1678 334 1702 a
354 1666 518 1716 praefato
537 1667 690 1704 domino
715 1668 890 1718 episeopo
917 1682 1029 1718 super
1052 1669 1262 1719 praemissis
1290 1674 1326 1705 et
1352 1669 1538 1706 similibus
1556 1669 1714 1720 deputa-

179 1730 255 1762 tum
275 1730 339 1762 aut
355 1725 628 1776 deputandum,
647 1727 684 1764 in
701 1727 772 1765 hiis
787 1727 934 1778 scriptis
954 1741 1116 1778 provoco
1134 1733 1169 1765 et
1187 1729 1352 1779 appello7
1371 1734 1407 1766 et
1424 1729 1610 1779 apostolos
1629 1735 1713 1779 peto

176 1788 212 1820 et
234 1782 367 1821 iterum
396 1789 498 1834 peto7
525 1791 560 1822 et
585 1798 669 1822 eum
702 1785 876 1823 instantia
904 1793 988 1836 peto
1016 1787 1144 1823 saltem
1178 1787 1440 1824 testimoniales
1467 1801 1486 1823 a
1514 1787 1620 1824 vobis
1653 1787 1713 1824 hie

175 1843 380 1880 astantibus
399 1843 492 1880 mihi
511 1844 681 1887 concedi,
700 1859 773 1892 me,
792 1846 963 1883 dominas
991 1860 1088 1884 meas
1116 1847 1340 1897 praedictas.v
1368 1851 1503 1883 statum
1530 1860 1652 1884 meum
1677 1852 1712 1883 et

130 1917 134 1921 ·
177 1901 340 1952 ipsarum
370 1902 608 1940 dominarum
635 1917 820 1950 mearum-¹
854 1904 1084 1955 praedictum
1105 1905 1370 1942 monasterium
1396 1910 1431 1942 et
1457 1906 1581 1942 omnia
1614 1905 1710 1941 hona

176 1958 273 2008 eJus,
292 1959 533 1998 adhaerentes
556 1961 648 1998 mihi
677 1966 712 1998 et
735 1962 824 2012 ipsis
848 1962 884 1999 in
909 1962 980 1999 hoe
1003 1976 1106 2009 easu2
1133 1968 1168 1999 et
1192 1962 1288 2000 bona
1317 1963 1482 2013 ipsorum
1506 1963 1711 1999 adhaeren-

179 2017 270 2054 tium
302 2017 421 2056 dietae
451 2019 557 2057 Sedis
585 2020 818 2071 Apostolieae
849 2021 1068 2072 protectioni
1098 2034 1334 2071 supponens7
1366 2027 1571 2071 protestans
1601 2022 1709 2058 etiam

177 2075 279 2125 quod
295 2089 408 2126 quam
427 2077 500 2114 cito
518 2078 714 2116 commode
733 2084 873 2129 potero,
892 2079 1081 2130 praedicto
1101 2079 1302 2117 reverendo
1326 2080 1419 2130 patri
1440 2080 1592 2116 domino
1611 2079 1711 2130 epis-

177 2144 270 2183 copo
288 2133 510 2172 Tornaeensi
538 2136 634 2173 hane
656 2138 955 2188 provocationem
980 2143 1016 2174 et
1041 2138 1325 2188 appellationem
1354 2138 1532 2175 notificari
1559 2150 1710 2187 compe-

178 2195 304 2238 tent-er,
323 2205 479 2244 eamque
495 2200 678 2245 oportune
697 2196 865 2233 innovari
885 2196 1034 2234 curabo.
