2184 3074
445 291 516 328 124
998 287 1159 325 CODEX
1186 286 1431 325 DUNENSIS.

443 423 487 446 ex
518 409 644 446 multis
669 407 855 458 praesumi
882 410 1003 457 potest
1026 410 1063 442 et
1087 404 1338 455 praesumitur
1362 403 1401 440 in
1426 407 1617 454 posterum
1643 404 1726 441 loco
1753 408 1790 441 et
1814 409 1980 456 tempore

443 467 710 507 declarandum
722 465 893 502 nitamini
909 465 1033 501 minus
1044 463 1143 513 juste
1157 467 1285 500 contra
1298 461 1576 500 cisterciensem
1592 461 1780 506 ordinem,
1794 462 1980 500 libertates

443 532 479 563 et
495 525 688 577 privilegia
707 537 803 575 quae
818 527 854 560 et
871 535 964 573 quas
981 522 1092 560 Sedes
1108 521 1319 572 Apostolica
1339 533 1424 557 cum
1443 519 1646 557 deliberata
1663 524 1699 557 et
1715 519 1840 557 debita
1858 525 1982 557 matu-

444 587 551 623 ritate
576 584 757 622 concessit
780 587 816 620 et
837 582 995 619 indulsit
1012 582 1150 619 eisdem
1170 587 1206 618 et
1223 593 1291 618 suo
1309 580 1485 617 universo
1502 579 1625 616 ordini
1643 579 1862 630 praelibato.
1887 579 1981 630 Ego,

444 648 663 695 procurator
692 641 968 693 praedictorum
998 640 1176 677 abbatum
1207 644 1244 676 et
1272 643 1543 683 conventuum,
1571 638 1723 674 nomine
1751 637 1920 688 ipsorum
1946 642 1983 675 et

444 716 596 740 suorum
616 700 926 739 monasteriorum
943 703 980 735 et
996 699 1183 744 locorum,
1197 703 1234 734 et
1250 710 1318 748 pro
1335 697 1424 747 ipsis
1443 709 1486 733 ac
1503 709 1632 733 eorum
1647 696 1822 748 singulis,
1837 709 1982 734 necnon

444 774 512 812 pro
527 760 608 797 aliis
626 759 802 796 omnibus
821 762 857 794 et
873 757 1031 807 singulis
1049 756 1096 792 de
1114 755 1348 793 Cisterciensi
1368 755 1500 791 ordine
1516 767 1583 805 per
1601 759 1845 792 memoratum
1865 755 1984 792 comi-

444 823 560 857 tatum
585 818 656 856 sibi
680 815 969 854 adhaerentibus
993 819 1029 852 et
1046 814 1246 852 adhaerere
1263 813 1492 858 volentibus,
1511 813 1672 850 sentiens
1690 812 1898 864 praedictos
1915 813 1984 850 ab-

443 877 593 914 abbates
619 881 655 913 et
680 878 884 913 conventus
911 886 1040 910 eorum
1066 886 1108 910 ac
1131 885 1260 910 eorum
1289 872 1456 923 singulos
1479 876 1515 908 et
1538 871 1632 908 alios
1650 870 1909 909 Cistercienses
1931 870 1984 908 eis

444 935 680 972 adhaerentes
699 939 734 971 et
752 933 952 970 adhaerere
970 932 1150 978 volentes,
1166 932 1204 969 in
1224 931 1436 983 praemissis
1456 935 1492 967 et
1510 930 1798 981 praemissorum
1815 929 1985 980 quolibet

444 1008 486 1031 ac
504 993 586 1031 aliis
604 994 686 1030 loco
705 997 740 1030 et
757 999 923 1042 tempore
945 991 1196 1038 declarandis,
1221 990 1478 1041 multipliciter
1503 995 1540 1027 et
1560 989 1726 1026 indebite
1748 988 1982 1040 praegravari

443 1058 479 1089 et
507 1065 616 1103 posse
639 1051 782 1103 gravari
809 1051 847 1088 in
871 1054 1061 1102 posterum
1085 1064 1131 1087 ex
1153 1050 1421 1087 verisimilibus
1445 1048 1688 1099 conjecturis,
1712 1048 1848 1085 timens
1869 1047 1981 1085 etiam

445 1125 490 1148 ne
511 1111 642 1162 spretis
660 1110 911 1148 Cisterciensis
925 1109 1068 1147 ordinis
1082 1109 1287 1160 privilegiis
1301 1113 1337 1145 et
1351 1108 1584 1145 libertatibus
1598 1111 1726 1144 contra
1741 1107 1863 1157 ipsum
1877 1106 1982 1144 ordi-

445 1183 527 1206 nem
546 1173 582 1206 et
598 1168 806 1219 specialiter
827 1171 955 1205 eontra
979 1167 1187 1218 praedictos
1212 1166 1363 1203 abbates
1385 1171 1422 1202 et
1438 1170 1658 1211 conventus,
1675 1178 1882 1216 eorumque
1900 1177 1983 1202 mo-

444 1228 602 1266 nasteria
620 1231 732 1277 atque
749 1227 847 1272 loca,
864 1230 928 1263 aut
945 1226 1113 1276 ipsorum
1137 1224 1439 1262 Cisterciensium
1462 1224 1625 1274 aliquem
1650 1223 1707 1260 vel
1731 1223 1896 1274 aliquos,
1923 1223 1982 1260 vel

443 1286 682 1323 adhaerentes
702 1285 772 1322 sibi
792 1298 856 1322 seu
877 1284 1076 1321 adhaerere
1096 1284 1260 1321 volentes
1279 1284 1326 1320 de
1343 1282 1576 1320 Cisterciensi
1595 1281 1727 1318 ordine
1746 1281 1784 1318 in
1803 1281 1982 1318 comitatu

444 1344 632 1395 praedicto
651 1344 854 1394 quicquam
875 1343 912 1380 in
932 1343 1099 1394 ipsorum
1118 1341 1391 1393 praejudicium
1410 1341 1611 1392 praemissa
1629 1339 1822 1377 occasione
1839 1353 1906 1390 per
1917 1352 1984 1377 vos

443 1415 507 1439 seu
524 1415 789 1452 quemcunque
806 1402 920 1438 alium
939 1402 997 1438 vel
1016 1401 1108 1438 alios
1121 1415 1167 1438 ex
1181 1405 1285 1451 parte
1302 1405 1422 1437 vestra
1440 1399 1487 1436 de
1503 1399 1616 1445 facto,
1635 1411 1720 1435 cum
1740 1398 1787 1435 de
1800 1398 1886 1448 jure
1903 1398 1983 1435 fieri

445 1474 518 1497 non
535 1460 681 1507 debeat,
697 1473 819 1511 neque
832 1460 968 1510 possit,
982 1459 1224 1511 spiritualiter
1237 1464 1301 1496 aut
1318 1458 1572 1509 temporaliter
1580 1461 1819 1507 attemptetur
1832 1461 1985 1507 propter

443 1519 643 1570 praemissa
669 1519 900 1569 gravamina,
925 1523 961 1556 et
984 1519 1154 1570 quolibet
1175 1518 1380 1569 praemisso
1408 1517 1560 1554 nomine
1586 1515 1843 1566 procuratorio
1862 1515 1984 1552 dicto-

445 1590 526 1614 rum
542 1577 720 1614 abbatum
736 1581 772 1614 et
784 1581 1036 1614 conventuum
1051 1582 1087 1614 et
1100 1590 1253 1614 suorum
1269 1575 1581 1613 monasteriorum
1597 1579 1633 1611 et
1646 1575 1826 1620 locorum,
1837 1587 1983 1611 necnon

444 1641 479 1673 et
501 1637 669 1673 omnium
693 1649 736 1673 ac
760 1637 994 1687 singulorum
1021 1636 1321 1673 Cisterciensium
1342 1649 1408 1686 per
1425 1635 1642 1672 comitatum
1661 1633 1893 1684 praedictum
1912 1633 1983 1676 sibi

442 1694 722 1732 adhaerentium
747 1700 783 1732 et
806 1695 1007 1732 adhaerere
1030 1695 1237 1732 volentium
1257 1695 1295 1731 in
1315 1694 1384 1731 hac
1403 1698 1526 1744 parte,
1544 1697 1580 1729 et
1597 1705 1666 1743 pro
1685 1691 1775 1742 ipsis
1793 1704 1835 1728 ac
1853 1703 1983 1728 eorum

442 1754 599 1804 singulis
625 1754 671 1790 ad
695 1754 826 1791 Sedem
854 1754 1104 1804 Apostolicam
1132 1754 1170 1791 in
1199 1754 1269 1791 hiis
1294 1753 1442 1804 scriptis
1470 1751 1743 1790 subastantium
1773 1750 1985 1788 testimonio

444 1825 605 1863 provoco
633 1817 668 1849 et
691 1814 857 1863 appello,
880 1818 916 1849 et
942 1826 1028 1850 cum
1053 1813 1228 1850 instantia
1253 1812 1440 1862 apostolos
1465 1810 1559 1847 mihi
1576 1810 1655 1846 dari
1675 1814 1777 1860 peto,
1795 1814 1832 1845 et
1849 1809 1984 1846 iterum

443 1875 555 1921 atque
572 1871 705 1908 iterum
720 1871 917 1908 instantius
932 1876 968 1908 et
982 1871 1247 1908 instantissime
1262 1876 1358 1921 peto.
1379 1870 1482 1917 Quos
1496 1869 1586 1919 quia
1600 1867 1808 1917 denegastis
1822 1873 1859 1903 et
1870 1866 1986 1903 dene—

443 1929 536 1980 gatis
550 1943 614 1966 seu
627 1930 783 1967 differtis
802 1930 1018 1976 concedere,
1033 1943 1100 1966 nec
1115 1929 1365 1975 concessistis,
1382 1941 1450 1965 nec
1465 1926 1687 1972 conceditis,
1702 1925 1838 1962 exinde
1855 1925 1985 1962 iterato

447 1988 492 2025 ad
508 1988 676 2025 eamdem
696 1989 829 2025 Sedem
846 1989 1095 2039 Apostolicam
1112 2001 1274 2039 provoco
1289 1993 1325 2024 et
1338 1988 1500 2038 appello,
1515 1986 1633 2023 dictos
1647 1985 1820 2022 dominos
1835 1996 1936 2020 meos
1949 1987 1986 2020 et

448 2060 575 2084 eorum
603 2051 825 2093 conventus,
846 2048 1068 2084 monasteria
1092 2052 1203 2098 atque
1228 2048 1308 2083 loca
1334 2051 1370 2082 et
1392 2058 1522 2082 eorum
1542 2044 1656 2090 bona,
1675 2055 1821 2080 necnon
1848 2041 1985 2079 Cister-

448 2105 586 2142 aienses
604 2105 782 2155 praedicti
801 2107 998 2143 comitatus
1016 2119 1145 2143 omnes
1172 2111 1207 2142 et
1225 2106 1392 2155 singulos
1410 2104 1481 2141 sibi
1499 2103 1740 2140 adhaerentes
1762 2114 1826 2137 seu
1847 2100 1986 2137 adhae-

448 2176 526 2199 rere
544 2164 725 2210 volentes,
745 2168 780 2200 et
798 2177 863 2201 sua
882 2164 997 2210 bona,
1012 2168 1147 2201 statum
1172 2164 1282 2200 etiam
1304 2176 1435 2199 causae
1458 2161 1678 2212 praesentis,
1700 2164 1736 2196 et
1760 2159 1876 2210 ipsam
1895 2171 1986 2195 cau-

448 2234 525 2257 sam
544 2221 763 2271 protectioni
784 2222 903 2259 dictae
922 2222 1028 2259 Sedis
1045 2222 1254 2272 specialiter
1271 2220 1534 2271 supponendO,
1556 2232 1639 2256 cum
1658 2217 1921 2268 protestatione
1938 2217 1985 2253 de

448 2279 711 2330 provocatione
734 2284 769 2316 et
791 2280 1039 2330 appellatione
1063 2281 1131 2317 ista
1149 2280 1378 2324 innovanda,
1398 2278 1575 2315 mutanda
1595 2282 1631 2313 et
1648 2275 1865 2326 corrigenda
1887 2275 1983 2311 infra

448 2343 593 2387 tempus
616 2350 635 2373 a
654 2338 739 2386 jure
756 2343 954 2385 statutum,
973 2352 1058 2375 cum
1077 2338 1170 2375 mihi
1188 2339 1245 2375 vel
1265 2337 1374 2374 dictis
1392 2336 1591 2373 abbatibus
1610 2340 1646 2372 et
1664 2333 1909 2371 conventibus
1926 2333 1983 2369 vel

448 2408 576 2433 eorum
609 2395 764 2446 singulis
796 2410 838 2433 ac
867 2397 939 2434 sibi
972 2397 1260 2434 adhaerentibus
1292 2409 1355 2433 seu
1387 2395 1586 2432 adhaerere
1619 2392 1830 2430 volentibus
1861 2391 1983 2428 visum
