2184 3074
435 252 505 288 502
987 249 1149 287 CODEX
1176 243 1424 288 DUNENStS.

437 374 469 405 et
488 383 614 406 eornm
636 369 733 405 vices
759 368 994 418 gerentibus„
1012 381 1054 404 ac
1081 369 1249 418 personis
1279 369 1553 413 ecclesiasticis,
1582 369 1762 419 religiosis
1780 376 1815 406 et
1833 371 1976 407 secula-

437 427 556 472 ribusa
581 427 816 463 ecelesiarum
837 431 872 462 et
889 426 1197 462 monasteriorum
1217 426 1388 475 capitulis
1407 431 1441 462 et
1460 426 1722 469 conventibusff
1739 425 1922 478 exemptis
1940 434 1975 465 el

439 498 512 521 non
530 485 725 534 exempti&
745 483 1013 529 Cistereiensis7
1032 483 1285 520 Cluniacensis
1304 488 1371 520 etc.
1393 489 1431 519 ut
1451 484 1555 534 prius
1570 497 1689 534 usque
1708 484 1769 522 hic
1785 501 1792 521 :
1810 486 1974 526 Salutem

438 548 470 579 et
490 542 727 592 apostolicam
754 541 1062 579 benedictionem.
1087 542 1180 579 Cum
1203 541 1380 579 dilectum
1411 541 1529 578 lilium
1558 542 1775 592 magistrum
1794 543 1976 580 Jacobun·

437 601 482 636 de
500 601 739 637 Normannia.
767 600 953 636 notarium
975 605 1161 644 nostrum,
1181 600 1333 636 latorem
1354 600 1623 650 praesentium,
1643 601 1688 637 ad
1713 614 1835 651 regem
1856 602 1974 638 Fran-

439 659 516 695 ciae
535 671 601 708 pro
619 657 844 707 quibusdam
861 657 1044 694 Ecclesiae
1060 658 1248 695 Romanae
1269 658 1424 708 negotiis
1439 658 1684 702 destinemusq
1701 659 1977 696 universitatem

440 723 596 754 vestram
626 730 797 766 rogamus
825 722 860 753 et
887 717 1082 753 hortamur
1107 722 1244 754 attente
1267 731 1333 767 per
1355 717 1555 767 apostolica
1579 717 1685 753 vobis
1706 718 1843 767 scripta
1873 731 1981 755 man-

442 777 569 812 dantes
600 781 783 825 quatenus
822 775 993 812 eumdem
1022 776 1225 820 notarium„
1258 789 1342 812 rum
1375 789 1441 825 per
1468 780 1589 826 partes
1617 781 1754 813 vestras
1783 777 1979 813 transitum

442 828 584 877 fecerit,
611 833 659 869 ob
679 834 921 870 reverentiam
941 834 1175 884 Apostolicae
1195 834 1300 871 Sedis
1321 839 1354 870 et
1375 839 1556 879 nostram7
1576 833 1736 884 benigne
1762 834 1980 884 recipientes

441 899 473 928 et
494 892 645 929 honeste
665 897 878 938 tractante&
897 893 967 930 sibi
988 907 1056 943 pro
1077 893 1153 930 suis
1179 899 1214 930 et
1233 893 1393 930 familiae
1411 907 1498 930 suae
1517 893 1688 944 expensis
1708 893 1922 930 necessariis
1941 893 1979 929 in

442 965 503 987 sex
519 951 668 987 florenis
688 950 766 986 auri
787 950 920 987 (liebus
934 951 1108 1002 singulist
1128 965 1212 988 eum
1232 965 1344 1002 super
1360 951 1429 988 boc
1447 965 1492 988 ex
1506 956 1610 1002 parte
1628 957 1752 988 nostra
1770 965 1838 1002 per
1855 951 1978 1002 ipsum

443 1010 497 1045 vel
518 1009 596 1058 ejus
613 1009 785 1045 nuntium
806 1009 949 1046 fueritis
967 1010 1153 1060 requisiti„
1171 1011 1207 1046 in
1227 1009 1367 1055 eundo,
1387 1009 1568 1047 morando
1591 1015 1627 1046 et
1653 1009 1859 1054 redeundoq
1885 1009 1980 1046 libe-

443 1067 566 1103 raliter
586 1067 780 1117 providere
798 1068 948 1113 curetis3
969 1073 1004 1105 et
1024 1068 1053 1105 si
1077 1069 1219 1105 dietum
1242 1068 1426 1105 notarium
1447 1068 1484 1104 in
1503 1068 1694 1118 aliquibus
1714 1067 1803 1105 locis
1822 1067 1878 1104 vel
1898 1067 1980 1104 loeo

444 1125 629 1162 interdum
650 1139 790 1162 moram
817 1127 961 1164 trahere
987 1127 1201 1178 contigerit,
1218 1128 1392 1164 volumus
1405 1127 1508 1178 quod
1528 1140 1602 1164 non
1621 1127 1741 1164 solum
1765 1126 1980 1163 earumdem

443 1185 504 1221 sed
524 1185 632 1222 ctiam
653 1186 859 1223 vicinarum
879 1191 914 1223 et
931 1192 1156 1224 remotarum
1173 1188 1347 1238 partium,
1362 1188 1458 1224 sicut
1477 1187 1574 1224 idem
1590 1187 1756 1224 notarius
1770 1199 1838 1237 pro
1858 1185 1983 1236 hujus-

445 1244 544 1280 modi
565 1245 740 1281 omnibns
758 1245 969 1283 dividendis
989 1251 1025 1283 et
1046 1247 1190 1283 facilius
1204 1246 1468 1297 supportandis
1483 1246 1658 1296 expedire
1673 1245 1820 1291 viderit,
1837 1244 1983 1282 archie-

444 1303 584 1353 piscopi
605 1308 639 1340 et
657 1304 835 1354 episcopi7
856 1305 975 1350 electi7
994 1305 1161 1349 abbates„
1181 1306 1339 1355 priores7
1358 1305 1508 1342 decani.
1535 1304 1754 1355 praepositi,
1775 1309 1842 1340 ete.
1863 1316 1983 1354 usque

444 1362 525 1398 hic:
546 1367 581 1398 et
596 1375 924 1413 quorumcumque
949 1363 1106 1400 aliorum
1134 1364 1299 1400 locorum
1323 1363 1660 1400 ecclesiasticorum
1680 1362 1783 1412 regni
1803 1361 1980 1412 praedicti

444 1420 679 1456 contribuere
699 1421 734 1456 in
755 1421 1066 1459 subventionibus
1085 1421 1300 1472 hujusmodi
1322 1426 1528 1458 teneantur.
1548 1421 1608 1458 Sic
1625 1421 1750 1470 itaque
1765 1419 1981 1456 mandatum

446 1483 612 1515 nostrum
639 1479 836 1515 efficaciter
862 1480 1065 1530 adimplere
1090 1481 1225 1517 curetis
1251 1480 1353 1531 quod
1381 1480 1529 1530 possitis
1556 1479 1691 1516 exinde
1719 1478 1851 1516 merito
1878 1491 1983 1515 com-

446 1535 628 1581 mendari„
648 1536 815 1587 alioquin
846 1539 1064 1576 sent-entiam
1084 1553 1196 1589 quam
1217 1539 1294 1590 ipse
1312 1543 1464 1589 propt-er
1482 1538 1552 1575 hoc
1571 1538 1639 1575 rite
1658 1538 1784 1574 tulerit
1802 1537 1839 1573 in
1862 1536 1983 1573 rebel—

447 1595 507 1639 lesg
523 1608 634 1644 super
649 1609 725 1645 quo
743 1597 889 1646 plenam
905 1597 974 1633 sibi
993 1597 1232 1634 concedimus
1247 1598 1463 1634 auctoritate
1480 1596 1728 1647 praesentium
1749 1599 1983 1645 potestatem,

448 1658 562 1689 ratam
583 1654 804 1691 babebimus
824 1661 859 1692 et
882 1656 1057 1692 faciemus
1084 1661 1234 1693 auctore
1259 1656 1419 1693 Domino
1444 1669 1561 1706 usque
1587 1654 1874 1692 satisfactionem
1893 1655 1985 1690 con-

447 1711 612 1762 dignam.
634 1714 880 1763 appellatione
908 1722 1063 1761 remota2
1092 1715 1356 1752 inviolabiliter
1381 1715 1586 1761 observari,
1607 1728 1680 1751 non
1699 1713 1936 1751 obstantibus
1954 1712 1983 1749 si

447 1770 635 1820 aliquibus
653 1772 699 1808 ab
718 1772 844 1809 eadem
863 1773 909 1809 sit
934 1774 1027 1810 Sede
1050 1774 1237 1810 indultum
1263 1775 1365 1824 quod
1388 1773 1530 1810 nuntiis
1555 1773 1653 1810 sedis
1679 1772 1795 1823 ipsius
1819 1772 1983 1822 aliquam

448 1829 745 1878 procurationem
766 1831 942 1867 exhibere
961 1833 1015 1868 vel
1036 1832 1073 1868 in
1093 1833 1171 1882 ipsa
1189 1833 1439 1875 contribuere„
1462 1832 1531 1868 nisi
1549 1831 1595 1868 ad
1615 1844 1676 1868 eos
1695 1829 1983 1874 declinaverint7

449 1886 602 1923 minime
625 1892 838 1933 teneantur7
857 1903 919 1925 seu
945 1891 1046 1940 quod
1076 1890 1260 1934 interdiciff
1289 1890 1465 1940 suspendi
1487 1890 1542 1925 vel
1564 1888 1878 1926 excommunicari
1910 1901 1984 1925 non

450 1946 591 1995 possint
609 1961 674 1998 per
689 1947 825 1984 litteras
844 1949 1063 1998 apostolicas
1087 1963 1183 2000 qtlac
1205 1950 1252 1986 (le
1271 1950 1417 1986 indulto
1438 1948 1671 1999 hujusmodi,
1692 1954 1843 1998 totoque
1859 1953 1985 1986 tenore

450 2005 565 2054 ipsius
584 2005 732 2055 plenam
751 2011 785 2042 et
803 2020 1013 2057 expressam
1035 2021 1110 2044 non
1130 2008 1283 2044 fecerint
1303 2008 1547 2054 mentionem,
1571 2020 1636 2044 seu
1660 2006 1849 2057 aliquibus
1866 2006 1986 2057 privi-

451 2063 552 2112 legiis
587 2064 643 2099 vel
679 2063 920 2115 indulgentiis
952 2065 1243 2117 quibuscunque
1270 2067 1454 2117 personis,
1484 2066 1581 2117 loeis*
1601 2065 1657 2103 vel
1690 2064 1888 2103 ordinibus
1913 2065 1985 2102 sub

449 2135 672 2174 quacunque
703 2124 820 2160 forma
851 2125 1052 2162 verborum
1082 2126 1129 2162 ab
1154 2125 1281 2163 eadem
1301 2126 1395 2164 Sede
1419 2125 1623 2171 concessis,
1650 2124 1696 2162 de
1713 2123 1870 2175 quibus,
1888 2136 1986 2182 quo-

452 2194 609 2231 rumque
628 2182 819 2219 tenoribus
835 2182 873 2218 in
893 2184 1028 2220 nostris
1048 2183 1179 2221 litteris
1198 2184 1331 2221 similis
1350 2184 1490 2221 mentio
1505 2184 1552 2221 sit
1569 2183 1742 2220 habenda
1758 2187 1792 2219 et
1807 2195 1874 2232 per
1888 2194 1985 2232 quae

453 2252 622 2287 praesens
641 2240 858 2278 mandatum
880 2246 1047 2279 nostrum
1068 2242 1353 2292 quomodolibet
1370 2243 1488 2279 valeat
1506 2241 1691 2292 impediri.

501 2297 633 2334 Datum
655 2300 819 2336 Laterani
840 2300 903 2337 XV
924 2300 1099 2338 kalendas
1113 2301 1277 2351 januarii
1296 2302 1534 2352 pontificatus
1553 2301 1669 2338 nostri
1685 2312 1783 2336 anno
1802 2299 1893 2336 Vll0.

499 2356 593 2403 Quia
613 2357 724 2406 igitur
742 2371 809 2407 pro
828 2359 1027 2407 praedictis
1047 2360 1202 2409 negotiis
1223 2354 1451 2410 exequendis
1470 2359 1570 2410 apud
1589 2359 1774 2396 civitatem
1799 2356 1984 2395 Parisien-
