2184 3074
453 266 525 308 526
1003 266 1168 305 CODEX·
1192 267 1436 306 DUNENSIS.

452 391 555 436 pater
578 388 753 424 dominus
776 387 934 436 Symon,
960 385 1028 422 Dei
1056 386 1172 436 gratia
1194 389 1284 422 tunc
1308 384 1464 423 Sanctae
1481 385 1640 424 Ceciliae
1656 387 1839 439 presbiter
1863 387 1986 425 cardi-

452 445 544 482 nalis
571 459 591 482 a
616 446 709 483 Sede
744 445 902 495 legatus,
931 457 1051 494 nuper
1075 456 1142 487 nos
1173 443 1313 480 scilicet
1342 443 1622 481 cisterciensem
1649 450 1686 481 et
1718 444 1814 493 1111OE
1845 445 1987 496 primos

450 503 600 540 abbates
625 503 752 540 citavit
775 515 900 539 coram
919 515 958 539 se
977 501 1141 539 Parisius
1158 502 1353 539 occasione
1365 501 1532 540 decimae
1549 515 1662 553 quam
1683 501 1762 553 ipse
1781 499 1939 554 reqtfiit
1952 507 1988 540 et

451 561 591 612 colligit
617 575 683 612 pro
710 561 856 611 negotio
882 559 984 611 regni
1009 559 1182 605 Ceciliae,
1212 559 1309 596 sicut
1332 559 1369 596 in
1384 559 1558 597 citatorio
1586 573 1655 598 suo
1685 560 1792 610 eujus
1819 565 1982 599 tenorem

451 619 623 656 videbitis
645 619 717 656 hiis
738 631 925 656 annexum
945 617 1090 669 plenius
1113 617 1344 664 continetur,
1367 622 1402 654 et
1425 617 1477 654 ibi
1498 618 1607 656 nobis
1626 618 1664 656 iu
1682 618 1820 658 virtute
1837 620 1985 658 saniem

454 678 687 715 obedientiae
709 677 896 728 praecepit
913 689 1054 728 orgapo
1071 676 1177 713 vivae
1195 677 1296 715 vocis
1314 681 1356 714 ut
1378 690 1445 715 vos
1473 681 1511 722 et
1527 682 1732 716 conventus
1756 682 1898 717 voetros
1914 676 1985 718 sub

449 737 636 786 praedicta
665 737 782 773 forma
814 736 885 782 sub
915 749 991 787 qua
1017 747 1085 772 nos
1110 739 1154 772 ut
1177 735 1320 773 dictum
1346 739 1401 773 est
1429 739 1513 773 ante
1542 735 1738 783 citaverat,
1768 736 1986 774 auctoritate

449 795 583 845 ipsius,
601 795 646 831 ad
667 795 766 832 diem
785 795 912 832 martis
931 799 1017 845 post
1035 795 1168 832 festum
1188 792 1291 830 Beati
1310 793 1474 840 Martini,
1493 795 1565 840 vel,
1582 794 1612 832 si
1631 799 1722 832 tunc
1737 799 1832 832 esset
1848 795 1983 835 festum

447 867 530 890 cum
552 855 650 890 clero
670 858 705 890 et
730 854 871 904 populo
885 853 1170 898 celebrandum,
1191 852 1237 889 ad
1253 852 1352 890 diem
1375 865 1451 890 non
1470 853 1642 890 festivum
1662 853 1836 904 proximo
1853 852 1984 893 subse-

445 917 639 963 quentem,
657 911 758 963 apud
786 911 969 949 Bituricas
991 924 1116 948 coram
1140 911 1222 962 ipso
1245 911 1494 962 peremptorie
1513 911 1728 958 citaremus,
1746 916 1789 949 ut
1811 916 1902 950 tunc
1918 924 1986 963 per

445 983 510 1008 vos
529 971 584 1007 vel
605 984 670 1020 per
688 974 947 1020 procuratores
968 969 1136 1020 ydoneos
1161 969 1424 1020 comparer-etis
1449 969 1602 1007 ibidem.
1621 969 1715 1007 Cum
1734 969 1849 1020 igitur
1864 969 1983 1010 eidem

445 1030 598 1066 domino
626 1030 745 1080 legato
763 1027 917 1065 obedire
936 1041 1004 1066 nos
1017 1029 1209 1079 oporteat,
1236 1027 1275 1064 in
1296 1028 1365 1065 hac
1384 1033 1488 1078 parte
1505 1041 1570 1065 vos
1589 1032 1625 1065 et
1641 1033 1847 1066 conventus
1873 1041 1983 1080 prae-

444 1088 581 1133 dictos,
604 1088 674 1125 sub
700 1088 817 1124 forma
836 1080 1025 1138 pr'aedicta
1041 1091 1154 1137 prout
1171 1087 1209 1123 in
1230 1091 1357 1124 tenore
1380 1087 1557 1137 praedicti
1577 1086 1689 1138 primi
1711 1086 1870 1126 citatorii
1889 1099 1982 1134 φο·-
2050 1098 2064 1109 ·

445 1146 597 1193 tinetur,
624 1147 670 1183 de
694 1146 810 1197 ipsius
836 1145 980 1183 domini
1013 1145 1121 1196 legati
1155 1145 1329 1182 mandato
1352 1150 1388 1182 et
1410 1145 1491 1195 ejus
1521 1144 1739 1182 auctoritate
1757 1145 1915 1183 citamus
1940 1150 1982 1184 ut

443 1206 649 1242 secundum
682 1205 825 1242 forman
858 1204 1086 1255 praedictam
1124 1204 1368 1254 compareatis
1398 1217 1523 1241 coram
1555 1216 1599 1241 eo
1630 1204 1713 1241 loco
1746 1207 1783 1240 et
1815 1207 1981 1254 tempore

443 1265 676 1316 supradictis.
703 1265 740 1303 Si
767 1278 860 1316 quas
889 1270 1012 1302 autem
1049 1264 1192 1302 habetis
1219 1264 1470 1316 indulgentias
1499 1265 1556 1302 vel
1584 1263 1779 1315 privilegia
1804 1276 1902 1314 quae
1932 1263 1979 1302 ad

444 1324 636 1361 tuitionem
668 1328 831 1361 nostram
855 1324 974 1360 facere
1001 1323 1209 1370 videantur,
1236 1323 1368 1360 afferre
1384 1323 1580 1360 vobiscum
1604 1323 1662 1360 vel
1685 1322 1831 1360 mittere
1856 1322 1980 1360 nullu·-

442 1388 546 1420 tenus
566 1382 754 1420 omittatis.
775 1382 890 1420 Vobis
909 1382 1019 1419 etiam
1044 1382 1244 1419 abbatibus
1261 1381 1485 1433 supradictis
1503 1381 1635 1419 damus
1654 1385 1782 1418 tenore
1803 1393 1979 1431 praesen-—

440 1442 532 1478 tium
557 1442 595 1478 in
615 1441 789 1478 mandato
810 1446 995 1492 quatenus
1021 1441 1239 1478 auctoritate
1264 1440 1464 1491 praemissa
1491 1439 1599 1478 nobis
1616 1443 1652 1477 et
1669 1438 1776 1476 vobis
1793 1443 1975 1490 quantum

439 1501 484 1537 ad
505 1500 586 1544 hoc,
601 1505 714 1550 prout
731 1499 1026 1550 praesentialiter
1039 1499 1086 1536 ab
1101 1499 1182 1549 ipso
1199 1499 1354 1536 domino
1373 1499 1492 1550 legato
1511 1497 1777 1544 intelleximus,
1791 1497 1875 1535 viva
1889 1510 1976 1535 voce

438 1558 633 1595 commissa
652 1558 770 1595 citetis
784 1558 936 1595 abbates
955 1562 990 1595 et
1010 1562 1216 1594 conventus
1229 1557 1479 1607 generationis
1495 1561 1637 1594 vestrae
1656 1556 1758 1594 inl'ra·
1772 1555 1974 1596 terminum

439 1617 630 1667 legationis
649 1617 814 1666 ejusdem
829 1616 1028 1653 cardinalis
1047 1616 1267 1653 constitutos
1282 1616 1327 1653 ad
1347 1616 1447 1652 diem
1466 1620 1502 1652 et
1519 1615 1642 1652 locum
1662 1613 1886 1666 praedictos,
1904 1615 1975 1652 sub

439 1675 555 1711 forma
575 1674 734 1711 citatorii
754 1674 988 1725 praedicti'et
1006 1675 1107 1712 salvo
1136 1675 1238 1725 quod
1258 1675 1304 1711 ad
1324 1675 1402 1712 loca
1422 1675 1569 1725 singula
1587 1674 1772 1711 dictorum
1796 1673 1973 1710 abbatuin

438 1733 681 1783 personaliter
706 1733 758 1769 irc
778 1746 852 1769 non
878 1733 1098 1779 teneamini,
1127 1747 1194 1770 nec
1214 1735 1332 1770 facere
1354 1733 1547 1784 publicum
1577 1733 1883 1778 instrumentum,
1909 1744 1975 1770 vos

437 1796 559 1828 autem
578 1791 847 1842 praenominati
867 1791 1020 1828 abbates
1040 1793 1154 1829 nostri
1182 1792 1250 1828 filii
1271 1791 1380 1829 nobis
1403 1791 1616 1828 immediate
1633 1790 1792 1840 subjecti
1812 1790 1850 1827 in
1869 1803 1975 1827 reco—

435 1850 602 1900 gnitione
626 1851 812 1887 citationis
840 1851 945 1887 vobis
968 1851 1084 1887 sactae
1107 1850 1273 1901 sigillum
1300 1855 1463 1887 vestrum
1484 1849 1740 1901 praesentibus
1766 1849 1972 1900 apponatis.

435 1909 534 1956 Quid
560 1922 648 1945 vero
672 1909 719 1946 de
741 1908 982 1946 citationibus
1007 1909 1166 1946 aliorum
1197 1909 1305 1946 vobis
1333 1909 1528 1959 injunctis,
1552 1914 1594 1946 ut
1617 1907 1874 1962 supradictum
1900 1911 1971 1954 est,

436 1967 611 2011 feceritis,
629 1967 748 2005 eidem
774 1967 931 2021 domino
949 1968 1128 2005 cardinali
1156 1981 1223 2018 per
1245 1981 1310 2006 vos
1332 1968 1388 2005 vel
1408 1981 1474 2019 per
1491 1973 1630 2006 vestras
1649 1971 1815 2019 patentes
1833 1966 1972 2003 litteras

435 2026 630 2074 praedici's
647 2026 707 2063 die
725 2031 761 2063 et
778 2027 860 2063 loco
877 2026 1086 2077 significare
1104 2027 1251 2065 curetis.
