2184 3074
435 277 481 315 14
979 276 1142 314 CODEX
1166 278 1412 317 DUNENSIS.

1168 442 1229 480 XI.

518 560 635 596 Lettre
654 559 802 596 relative
819 571 898 596 aux
915 558 1103 596 malleeurs
1121 565 1153 596 et
1170 573 1248 597 aux
1265 561 1445 599 de'sascres
1462 562 1506 599 de
1524 562 1561 600 la
1583 563 1696 601 Terre
1711 564 1837 603 Sainte
1856 570 1877 603 ¹.

474 750 623 787 Materia
642 749 812 799 lugubris
831 753 866 785 et
884 748 1105 799 dampnosa,
1123 763 1219 800 quae
1237 751 1346 788 nobis
1364 756 1401 789 et
1415 752 1589 791 universo
1603 756 1744 806 populo
1755 754 1962 795 'christiano

427 808 596 845 imminet
613 807 846 844 morantibus
867 807 903 843 in
924 808 1092 858 partibus
1112 810 1384 857 transmarinis,
1405 811 1518 848 trahit
1534 813 1718 851 calamum
1736 814 1782 851 ad
1801 815 1963 852 scriben-

425 867 515 904 dum
527 897 536 914 ,
554 871 590 904 et
607 866 697 903 dum
716 866 914 903 scribendo
929 867 1138 904 describere
1151 868 1323 919 cupimus
1338 869 1500 921 dampna
1517 871 1771 921 irreparabilia
1785 877 1821 910 et
1833 873 1962 911 inesti-

427 925 579 962 mabiles
594 924 758 961 miserias
772 937 868 974 quae
880 925 1056 962 soldanus
1071 926 1304 973 Babiloniae,
1315 940 1400 964 cum
1417 929 1565 966 infinito
1579 931 1743 967 exercitu
1757 935 1876 968 sectae
1889 945 1963 969 ma-

425 982 644 1029 humeticae,
655 982 920 1019 intulitTerrae
931 983 1085 1020 Sanctae
1094 988 1130 1020 et
1144 985 1225 1021 aliis
1236 985 1525 1024 christianorum
1540 988 1754 1038 provinciis,
1767 989 1961 1028 deficimus

424 1045 459 1078 et
481 1046 605 1078 noster
624 1042 770 1078 animus
790 1042 1034 1089 contabescit,
1051 1043 1140 1093 quia
1162 1044 1209 1081 ad
1232 1044 1435 1082 dolendum
1459 1051 1495 1083 et
1515 1047 1799 1097 producendum
1818 1053 1960 1086 nostras

423 1099 592 1136 lacrimas
606 1100 741 1137 excitat
756 1100 809 1137 vis
824 1101 974 1138 doloris.
990 1101 1117 1152 Nuper
1130 1102 1316 1153 siquidem
1332 1104 1478 1142 rabiosa
1493 1110 1528 1142 et
1541 1105 1687 1144 effrenis
1701 1107 1876 1157 superbia
1891 1108 1960 1145 sol-

422 1158 509 1195 dani
524 1158 717 1209 praedicti,
735 1159 970 1210 depopulatis
984 1160 1168 1197 casalibus
1182 1166 1218 1198 et
1231 1163 1422 1212 supposita
1437 1167 1512 1200 tota
1527 1168 1622 1201 terra
1635 1164 1924 1203 christianorum
1938 1179 1958 1203 a

421 1216 566 1267 Joppen
583 1230 702 1267 usque
713 1217 758 1253 ad
774 1223 894 1267 partes
911 1218 1130 1255 Antiochiae
1146 1219 1347 1267 incendiis,
1361 1221 1731 1272 depraedationibus,
1746 1223 1959 1261 incursibus

421 1279 457 1312 et
471 1275 623 1326 rapinis,
637 1280 799 1313 castrum
816 1276 965 1327 Saphet,
981 1277 1166 1314 civitatem
1183 1280 1448 1326 Acconensem,
1464 1285 1624 1318 castrum
1641 1281 1911 1319 Montis-Fortis
1925 1286 1961 1320 et

422 1333 660 1371 Belli-Fontis
680 1334 791 1371 simul
819 1339 854 1371 et
876 1336 989 1372 semel
1009 1336 1206 1373 obsidione
1224 1338 1392 1385 vallavit,
1411 1343 1448 1376 et
1466 1339 1627 1386 timetur,
1647 1340 1716 1377 nisi
1736 1341 1959 1379 acceleratus

420 1405 618 1430 succursus
635 1394 759 1430 veniat
773 1394 819 1430 de
833 1395 1002 1444 part-ibus
1017 1395 1286 1442 ultramarinis,
1302 1398 1404 1448 quod
1419 1398 1456 1434 in
1474 1398 1576 1435 brevi
1593 1398 1836 1436 intentionem
1852 1413 1955 1437 suam

419 1451 537 1500 (quod
551 1451 651 1488 Deus
665 1454 818 1500 avertat)
834 1452 994 1489 finaliter
1007 1458 1266 1505 consequatur.
1282 1455 1430 1492 Dicitur
1443 1456 1611 1502 etiam,et
1624 1462 1678 1494 est
1690 1462 1844 1504 certum,
1854 1458 1957 1509 quod

418 1512 575 1559 stragem
591 1509 814 1546 rusticorum
830 1509 1079 1548 habitantium
1095 1512 1283 1562 regionem
1298 1513 1386 1563 Tyri
1402 1514 1566 1551 exercuit
1582 1515 1782 1561 infinitam,
1801 1520 1837 1552 et
1855 1520 1954 1554 tanta

417 1572 472 1604 est
484 1567 540 1604 sui
556 1567 738 1604 exercitus
753 1569 953 1605 multitudo
967 1570 1084 1619 quod,
1099 1570 1179 1620 ipso
1195 1572 1269 1608 fere
1283 1585 1369 1609 cum
1385 1573 1600 1622 quindecim
1618 1574 1770 1611 milibus
1783 1575 1954 1625 equitum

420 1626 457 1662 in
478 1626 674 1676 praedictis
693 1627 860 1677 partibus
876 1627 1072 1675 existente,
1091 1629 1136 1665 ad
1157 1630 1343 1680 regionem
1361 1631 1628 1682 Tripolitanam
1645 1632 1708 1671 Vll
1726 1633 1829 1671 milia
1847 1634 1955 1686 equiss

417 1688 496 1720 tum
511 1684 711 1720 electorum
728 1685 946 1730 transmisit,
959 1686 1024 1736 qui
1040 1687 1228 1736 regionem
1246 1688 1362 1738 ipsam
1378 1689 1571 1736 intrantes,
1587 1691 1752 1728 secundo
1770 1691 1831 1728 die
1849 1705 1955 1729 men-

416 1743 466 1780 sis
481 1742 598 1792 junii,
614 1743 731 1793 ipsam
751 1749 1029 1794 supposuerunt
1048 1745 1229 1783 incendiis
1248 1751 1283 1783 et
1301 1747 1657 1798 depopulationibus
1672 1750 1847 1796 infinitis3
1867 1764 1952 1788 nam

417 1802 485 1838 tria
503 1806 638 1848 castra,
657 1802 829 1839 videlicet
847 1803 1071 1850 Archarum,
1090 1805 1205 1842 Albae
1223 1810 1258 1842 et
1282 1806 1415 1843 Goliad
1431 1836 1440 1853 ,
1459 1807 1733 1855 subvertentes,
1757 1810 1824 1846 tria
1852 1810 1953 1847 milia

415 1859 704 1896 christianorum
728 1864 764 1896 et
787 1861 946 1911 amplius
970 1862 1007 1897 in
1028 1862 1116 1912 ipsis
1136 1868 1332 1913 ceperunt,
1352 1868 1388 1901 et
1404 1869 1570 1902 armenta
1589 1866 1745 1913 bovum,
1765 1868 1951 1917 pecudum

416 1921 451 1954 et
462 1917 719 1967 jumentorum
737 1922 773 1954 et
789 1919 971 1969 quicquid
992 1920 1030 1956 in
1044 1921 1289 1970 suppellectili
1310 1923 1535 1972 praetiosum
1553 1925 1686 1971 fuerat,
1701 1925 1952 1974 abstulerunt,

418 1976 512 2012 ultra
526 1975 635 2012 etiam
651 1989 763 2026 quam
778 1977 877 2013 credi
893 1982 1031 2027 potest,
1048 1979 1246 2024 masculos,
1262 1981 1416 2018 seminas
1430 1986 1466 2018 ct
1478 1995 1612 2032 pueros
1626 1983 1750 2033 gladio
1767 1984 1952 2022 submise—

416 2038 503 2071 runt
520 2038 555 2070 ct
572 2034 624 2071 sic
642 2048 708 2084 per
726 2035 956 2084 quindenam
972 2037 1009 2073 in
1025 2037 1174 2086 regione
1188 2038 1316 2075 eadem
1331 2039 1515 2076 hostiliter
1527 2040 1769 2078 debaccantes
1785 2047 1821 2079 et
1834 2056 1952 2094 usque

415 2092 461 2128 ad
487 2096 631 2142 portam
659 2093 819 2143 Tripolis
845 2094 1113 2142 discurrentes,
1137 2097 1298 2133 totaliter
1322 2098 1447 2134 omnia
1469 2098 1747 2146 destruxerunt,
1770 2100 1819 2137 ita
1848 2101 1950 2152 quod

415 2151 515 2187 unde
533 2151 649 2200 possit
667 2151 780 2188 homo
798 2152 920 2189 vivere
938 2154 997 2190 vel
1010 2154 1224 2203 jumentum
1244 2156 1314 2193 nisi
1336 2157 1443 2193 valde
1463 2157 1670 2204 modicum,
1690 2159 1844 2196 minime
1863 2160 1951 2197 reli—

415 2213 577 2259 querunt
591 2224 597 2244 :
616 2209 652 2245 in
668 2210 805 2259 quibus
820 2224 945 2248 revera
962 2214 1144 2262 pressuris
1159 2218 1194 2250 et
1208 2215 1406 2265 angustiis,
1422 2229 1489 2252 nos
1502 2217 1567 2267 qui
1583 2216 1775 2254 laboribus
1788 2219 1949 2268 propriis

414 2267 588 2313 vivimus,
607 2267 768 2317 dampna
787 2269 1040 2320 irreparabilia
1061 2273 1156 2321 passi
1174 2286 1320 2320 sumus,
1336 2287 1421 2311 nam
1437 2275 1603 2325 oportuit
1618 2288 1685 2313 nos
1699 2276 1816 2326 ipsam
1831 2277 1948 2314 abba—

453 2388 460 2402 ¹
483 2387 556 2414 Cette
570 2389 646 2415 lettre
659 2390 746 2424 paral:
760 2392 835 2417 avoir
846 2391 887 2418 όιέ
901 2392 982 2420 ecrite
996 2403 1056 2421 vers
1071 2396 1094 2421 la
1110 2395 1146 2422 fin
1161 2396 1194 2422 de
1210 2397 1312 2423 l'anne‘c
1327 2397 1408 2424 1266.
