2184 3074
464 265 536 303 598
1012 263 1173 301 CODEX
1196 263 1443 302 DUNENSIS.

455 393 644 431 ‚ganorum
670 379 847 417 instantes
871 378 1028 415 verbum
1053 378 1121 415 Dei
1147 378 1334 426 continue,
1351 377 1628 426 diffundebant,
1645 385 1682 418 et
1702 381 1854 432 quidam
1878 383 1990 420 frater

461 439 549 477 dicti
568 438 709 476 ordinis
722 438 863 487 jugiter
879 451 946 488 per
968 450 1130 488 paganos
1154 436 1366 474 discurrens
1390 437 1528 474 virtute
1551 439 1751 477 verborum
1772 445 1809 478 et
1830 454 1988 492 operum

461 496 717 534 choruscando
734 495 796 532 die
812 495 982 546 quolibet
999 495 1135 532 multos
1153 507 1315 545 paganos
1333 495 1544 545 cognitione
1558 509 1665 534 verae
1682 497 1770 534 fidei
1788 498 1988 538 illustratos

460 568 564 592 sacro
595 553 881 604 regenerationis
906 553 1052 589 lavacro
1084 552 1300 599 innovabat,
1331 552 1468 590 eisdem
1500 554 1676 592 fratribus
1708 555 1916 594 minoribus
1941 557 1988 594 de

460 612 560 649 dieto
582 612 663 648 loco
687 610 932 661 ignominiose
956 610 1124 660 dejectis,
1155 610 1327 647 eumdem
1358 610 1480 648 locum
1512 612 1680 650 funditus
1706 613 1987 662 destruxerunt,

461 671 582 707 nullos
601 670 755 707 omnino
773 669 938 719 ejusdem
952 669 1055 706 verbi
1069 669 1334 719 praedicationi
1349 669 1516 707 insistere
1530 671 1792 721 permittentes
1808 672 1987 712 Ecclesias

459 742 624 780 quoque,
643 729 801 765 oratoria
825 733 862 764 et
882 728 1039 778 capellas
1065 727 1250 764 aedificari
1274 741 1342 779 pro
1369 728 1554 779 neophitis
1579 742 1654 767 non
1681 731 1918 781 permittunt,
1938 732 1987 770 ita

458 787 559 837 quod
579 787 667 823 dicti
691 785 856 836 neophiti
881 786 919 822 in
943 786 1164 823 rudimentis
1186 786 1270 822 fidei
1294 799 1368 822 non
1396 786 1566 823 instructi
1588 800 1630 824 ac
1652 788 1691 824 in
1713 789 1875 826 ecclesiis
1899 802 1986 827 cum

457 845 674 881 orthodoxis
692 844 930 894 participium
949 857 1023 880 non
1044 844 1199 889 habent,
1219 857 1286 881 nec
1308 844 1346 880 in
1369 843 1462 891 fide,
1485 857 1552 882 nec
1570 844 1608 882 in
1627 846 1795 884 moribus
1812 847 1985 886 fidelibus

454 908 542 940 sunt
567 904 795 949 conformes,
812 902 1014 953 pessimum
1038 902 1147 939 etiam
1173 903 1389 939 eorumdem
1415 916 1646 954 paganorum
1668 904 1781 942 ritum
1806 910 1986 944 sectantes

455 964 655 999 confratres
681 975 782 1008 suos,
804 963 834 998 si
859 975 953 1012 quos
978 961 1161 1012 contingit
1179 961 1366 999 interdum
1387 962 1425 998 in
1451 961 1575 999 hostili
1600 975 1800 1014 congressu
1817 965 1874 1001 vel
1893 978 1985 1002 con-

454 1021 555 1058 flictu
574 1021 700 1072 aliquo
718 1020 936 1057 vulneribus
953 1020 1128 1067 sauciari,
1146 1025 1274 1057 contra
1290 1033 1431 1057 morem
1449 1021 1613 1070 ejusdem
1635 1021 1720 1059 fidei
1738 1023 1983 1071 orthodoxae,

454 1079 672 1129 priusquam
703 1078 892 1128 exspirent
921 1078 1108 1128 impietate
1137 1077 1299 1128 quadam
1330 1078 1563 1115 saevissimae
1589 1079 1742 1117 feritatis
1767 1081 1982 1132 extingunt,

453 1150 578 1174 eorum
598 1149 753 1187 corpora
772 1136 1005 1173 flammarum
1025 1136 1198 1173 incendio
1217 1136 1498 1176 concremando.
1520 1137 1568 1174 At
1585 1141 1627 1174 ut
1642 1138 1841 1188 praemissa
1859 1144 1896 1176 et
1909 1139 1982 1177 alia

453 1209 580 1233 eorum
611 1195 825 1232 detestanda
851 1195 986 1232 scelera
1015 1194 1181 1243 ejusdem
1212 1194 1316 1231 Sedis
1346 1194 1524 1245 effugiant
1554 1195 1759 1243 notionem,
1787 1197 1981 1236 universos

452 1253 577 1291 fideles
602 1253 754 1290 clericos
779 1257 815 1290 et
839 1253 981 1302 laycos,
1007 1252 1264 1302 cujuscunque
1287 1252 1478 1303 dignitatis
1504 1257 1568 1290 aut
1592 1258 1708 1291 status
1734 1254 1908 1302 existant,
1933 1256 1981 1294 ad

450 1313 711 1364 exponendum
723 1312 891 1362 querelas
905 1311 951 1348 de
963 1312 972 1347 i
977 1311 1258 1362 psiS,tantarum
1273 1311 1571 1361 persecutionum
1587 1313 1802 1351 necessitate
1815 1319 1980 1365 cogente,

449 1372 495 1409 ad
515 1371 646 1408 Sedem
663 1370 912 1421 Apostolicam
926 1369 1140 1406 accedentes
1155 1369 1354 1406 crudeliter
1369 1374 1656 1421 persequuntur,
1671 1376 1828 1409 mortem
1844 1373 1897 1410 eis
1913 1384 1980 1423 per

449 1444 486 1468 se
500 1434 535 1466 et
549 1429 640 1466 alios
655 1427 864 1472 inferendo,
879 1428 974 1464 sicut
988 1427 1078 1464 haec
1092 1427 1131 1463 in
1147 1427 1317 1477 personis
1335 1427 1498 1478 episcopi
1518 1428 1745 1466 Variniensis
1759 1433 1796 1466 et
1813 1430 1978 1480 magistri

450 1488 587 1534 Alexii,
602 1486 764 1523 doctoris
782 1485 1032 1531 decretorum,
1050 1484 1199 1535 plebani
1218 1484 1337 1535 plebis
1355 1485 1597 1523 Thorinensis
1615 1491 1651 1523 et
1668 1487 1826 1524 aliorum
1845 1501 1979 1538 quam-

449 1546 715 1597 plurimorum,
732 1557 827 1594 quos
846 1543 1040 1580 redeuntes
1059 1542 1105 1579 de
1123 1543 1290 1580 Romana
1312 1543 1414 1580 curia
1439 1543 1486 1580 ad
1510 1557 1623 1594 quam
1650 1550 1827 1582 venerant
1849 1551 1978 1584 contra

427 1621 432 1625 ·
448 1617 528 1650 cos,
543 1603 741 1640 crudeliter
754 1601 989 1647 occiderunt,
1003 1600 1177 1637 dicantur
1191 1601 1336 1651 liquido
1349 1614 1545 1651 apparere,
1567 1602 1724 1639 necdum
1744 1604 1856 1641 finem
1875 1618 1978 1655 prae-

448 1662 569 1698 missis
593 1659 875 1697 enormitatibus
901 1659 1151 1708 imponentes,
1173 1659 1237 1695 sed
1262 1659 1348 1695 mali
1372 1673 1450 1696 esse
1476 1664 1512 1696 et
1535 1660 1625 1697 boni
1649 1661 1748 1698 credi
1770 1662 1841 1699 sub
1862 1663 1976 1713 pallio

444 1722 631 1771 ignoratae
649 1719 836 1769 nequitiae
854 1718 1060 1768 cupientes,
1080 1731 1208 1768 passus
1227 1722 1262 1755 et
1279 1718 1410 1755 itinera
1429 1718 1552 1756 debita
1571 1733 1638 1769 per
1654 1733 1750 1770 quae
1769 1721 1816 1758 de
1829 1721 1976 1759 civitate

444 1780 593 1831 Rigensi
613 1779 732 1816 exitus
751 1783 786 1815 et
803 1778 943 1814 reditus
963 1777 1008 1814 ad
1026 1777 1192 1814 camdem
1212 1778 1374 1828 quadam
1401 1779 1616 1816 necessitate
1641 1779 1846 1817 inevitabili
1867 1794 1975 1831 pera-

442 1844 592 1889 guntur,
611 1838 681 1874 sub
700 1850 739 1873 ea
758 1837 898 1873 faciunt
919 1837 1086 1874 custodia
1107 1837 1263 1873 detineri
1283 1842 1325 1873 ut
1345 1850 1419 1874 non
1439 1837 1511 1874 nisi
1530 1839 1698 1888 personis
1715 1852 1808 1889 quas
1825 1840 1973 1886 volunt,

443 1897 628 1946 ingressus
643 1909 688 1931 ex
701 1908 741 1931 ea
757 1899 879 1944 pateat
891 1895 948 1931 vel
967 1907 1152 1945 regressus
1163 1923 1172 1940 ,
1190 1895 1319 1944 sicque
1337 1895 1434 1932 dicta
1453 1895 1582 1933 civitas
1599 1896 1740 1933 exitum
1759 1901 1794 1933 et
1811 1897 1972 1934 reditum

442 1955 601 1991 liberum
634 1966 707 1990 non
740 1953 912 1989 habendo
938 1953 1132 2002 cujusdam
1160 1953 1367 1991 obsidionis
1394 1954 1584 2004 angustiae
1608 1954 1802 2005 dispendia
1827 1956 1973 2005 cogitur

441 2013 651 2062 deplorare,
670 2011 715 2047 ad
734 2024 847 2061 quam
866 2010 1016 2061 quidem
1036 2010 1270 2047 obsidionem
1293 2011 1496 2061 praeclusis
1519 2011 1694 2049 itinerum
1713 2026 1971 2063 quorumcun-

440 2084 512 2121 que
532 2069 692 2119 vestigiis
711 2069 842 2105 fortius
860 2069 1145 2118 angustandam,
1164 2069 1353 2119 quoddam
1380 2074 1540 2107 castrum
1563 2084 1583 2107 a
1603 2071 1785 2121 superiori
1804 2077 1906 2122 parte
1924 2073 1970 2110 ad

442 2133 588 2178 portum
604 2128 814 2164 monasterii
830 2128 1157 2165 Dunamundensis
1169 2158 1177 2173 ,
1197 2128 1447 2166 Cisterciensis
1465 2129 1628 2176 ordinis,
1647 2130 1814 2179 ejusdem
1833 2131 1971 2181 Rigen-

440 2187 488 2223 sis
507 2187 695 2235 dyocesis,
722 2186 759 2222 in
779 2199 854 2236 quo
880 2186 1008 2222 eadem
1027 2187 1195 2236 Rigensis
1221 2187 1372 2223 ecclesia
1396 2188 1458 2236 jus
1489 2188 1633 2225 obtinet
1658 2193 1896 2239 patronatus,
1922 2189 1970 2227 ab

441 2244 603 2281 inferiori
622 2248 725 2294 parte
742 2244 907 2296 ejusdem
927 2244 1084 2281 civitatis
1103 2245 1326 2291 consistens,
1344 2245 1485 2295 absque
1503 2246 1641 2296 quibus
1665 2246 1849 2284 civitatem
1867 2260 1970 2284 eam-

440 2302 539 2346 dem,
559 2315 625 2337 nec
642 2315 707 2351 per
724 2306 873 2347 terram,
893 2315 959 2338 nec
980 2316 1044 2352 per
1060 2303 1170 2339 maris
1185 2303 1335 2353 vestigia
1353 2304 1476 2340 nullus
1492 2308 1610 2354 potest
1625 2304 1770 2355 ingredi
1784 2305 1841 2341 vel
1855 2305 1966 2351 exire,

443 2360 603 2410 quodam
623 2360 751 2396 illicito
770 2361 967 2410 emptionis
986 2361 1114 2408 titulo,
1134 2375 1218 2398 cum
1238 2362 1544 2399 monasteriorum
1564 2363 1736 2400 alienatio
1753 2363 1864 2400 sacris
1878 2377 1967 2412 pro-
