2184 3074
750 344 911 383 CODEX
936 345 1180 384 DUNENSlS.
1658 350 1727 387 1⁰7

895 509 1040 548 Lxxn.

487 626 654 665 Phimes
677 631 799 663 contre
816 639 868 663 un
886 625 980 664 clerc
1002 627 1146 664 nomme
1163 627 1258 664 Jean
1279 628 1429 665 Broder.

242 821 383 859 Dicunt
413 821 527 859 abbas
558 825 593 858 et
623 824 828 857 conventus
863 819 944 857 talis
979 820 1153 858 ecclesiae
1186 825 1314 858 contra
1346 821 1555 859 Johannem
1585 823 1726 860 dictum

193 880 351 928 Breder,
368 879 565 928 clericum,
582 879 686 931 quod
704 878 915 930 praedictus
927 878 1118 917 Jobannes
1135 879 1227 916 adeo
1245 885 1300 917 est
1317 880 1463 918 rixosus
1477 886 1513 918 et
1530 881 1731 919 seminator

194 939 402 978 discordiae
425 939 522 977 inter
539 939 668 977 fratres
695 952 759 976 seu
781 938 1028 976 fraternaliter
1045 940 1254 976 conversari
1279 940 1406 977 solitos
1428 946 1464 978 et
1486 942 1668 987 volentes,
1694 946 1730 978 et

194 997 410 1036 iracundiae
431 997 497 1035 diu
515 997 732 1049 praeteritae
753 996 966 1034 reeordator
987 1001 1023 1034 et
1041 997 1257 1035 inimicitiae
1285 1003 1509 1036 memorator
1530 1003 1585 1036 est
1608 999 1730 1037 dictus

192 1055 383 1094 Johanues
411 1056 450 1093 in
476 1059 621 1093 tantum
648 1054 751 1106 quod
775 1054 844 1092 viri
873 1055 1016 1105 pacifici
1045 1061 1080 1092 et
1103 1056 1294 1106 cupientes
1316 1057 1469 1107 pacifice
1491 1058 1570 1095 Deo
1593 1058 1730 1095 servire

192 1118 437 1165 praesumunt
454 1119 490 1152 et
517 1114 649 1152 timent
673 1113 806 1151 merito
827 1113 929 1164 quod
950 1127 1035 1151 cum
1059 1114 1139 1165 ipso
1157 1114 1328 1152 Johanne
1349 1116 1502 1166 pacifice
1520 1116 1728 1154 conversari

194 1185 271 1210 non
300 1177 452 1224 possent
476 1177 512 1210 et
540 1172 619 1210 Deo
645 1171 782 1209 servire
811 1171 849 1208 in
877 1185 983 1222 pace,
1011 1177 1052 1208 ut
1081 1177 1174 1210 esset
1199 1186 1426 1223 congruum,
1454 1187 1528 1210 non
1555 1171 1728 1212 valerent.

193 1231 359 1278 Etenim,
378 1231 475 1269 sicut
498 1230 587 1268 dicti
609 1230 761 1268 abbates
779 1234 816 1267 et
832 1234 1036 1267 conventus
1054 1236 1272 1281 proponunt
1290 1235 1327 1268 et
1342 1231 1493 1275 dicunt,
1522 1232 1731 1282 praedictus

193 1289 383 1328 Johannes
401 1302 487 1326 cum
505 1293 609 1340 patre
626 1301 669 1326 ac
685 1288 852 1339 genitore
873 1288 990 1339 ipsius
1009 1302 1083 1326 non
1103 1289 1225 1339 potuit
1240 1302 1279 1326 se
1299 1289 1435 1326 habere
1456 1290 1626 1340 pacifice,
1649 1304 1731 1338 nec,

193 1354 236 1386 ut
248 1349 390 1395 decuit,
406 1352 630 1394 reverenter,
648 1347 712 1385 sed
729 1347 859 1398 impie,
875 1360 917 1384 ac
932 1346 1074 1384 honore
1088 1353 1241 1397 paterno
1257 1347 1477 1398 postposito,
1493 1362 1531 1386 se
1545 1349 1590 1386 ad
1609 1349 1730 1400 ipsum

194 1407 328 1446 habuit
345 1407 603 1453 irreverenter,
628 1418 704 1443 non
727 1405 839 1443 semel
859 1405 922 1442 sed
944 1405 1084 1455 pluries
1101 1410 1138 1442 et
1162 1405 1391 1456 frequenter,
1419 1419 1503 1443 nam
1526 1420 1658 1445 manus
1678 1414 1732 1445 te-

193 1478 294 1504 mere
309 1465 490 1503 violentas
519 1464 644 1514 injecit
668 1464 706 1502 in
726 1469 866 1515 patrem
889 1464 1006 1514 ipsius
1027 1463 1258 1514 praedictum
1277 1478 1323 1501 ex
1340 1464 1445 1515 quasi
1465 1466 1734 1503 consuetudine

193 1525 247 1562 sic
262 1523 422 1575 agendo,
447 1528 484 1560 et
507 1536 619 1574 super
643 1522 780 1560 talibus
800 1527 836 1559 et
856 1522 1058 1568 similibus,
1078 1522 1194 1560 immo
1216 1523 1326 1560 etiam
1348 1523 1613 1567 atrocioribus,
1633 1523 1733 1574 apud

193 1583 313 1620 bonos
336 1586 372 1620 et
396 1595 526 1633 graves
554 1586 609 1619 est
631 1580 889 1631 multipliciter
909 1580 1131 1618 diffamatus.
1151 1581 1253 1629 Quae
1277 1581 1401 1618 onmia
1435 1581 1490 1618 vel
1514 1595 1558 1618 ex
1583 1581 1634 1618 cis
1664 1581 1735 1618 ali-

193 1654 286 1692 qua,
299 1641 329 1679 si
346 1641 502 1679 fuissent
523 1640 678 1678 domino
695 1653 812 1691 papae
834 1644 1022 1690 suggesta,
1050 1653 1117 1677 nec
1135 1640 1316 1677 malitiose
1335 1640 1441 1677 tacita
1463 1645 1499 1677 et
1518 1653 1733 1691 suppressa,

194 1712 388 1751 nunquam
402 1700 578 1738 dominus
592 1713 686 1751 papa
699 1699 888 1750 praedicto
909 1699 1072 1737 Johanni
1094 1712 1178 1736 suas
1196 1700 1348 1743 litteras,
1366 1713 1459 1750 quas
1481 1705 1608 1737 contra
1625 1714 1733 1750 prae-

193 1757 312 1796 dictos
334 1758 506 1796 abbatem
531 1762 567 1795 et
591 1762 816 1795 conventum
840 1757 979 1803 attulit,
1005 1757 1262 1803 concessisset,
1289 1763 1325 1794 et
1347 1757 1422 1795 imo
1447 1763 1599 1809 propter
1624 1772 1732 1809 prae-

193 1817 304 1854 missa
323 1820 360 1853 et
372 1816 443 1853 alia
461 1816 542 1853 loco
561 1820 597 1853 et
615 1820 779 1866 tempore
793 1815 1014 1852 declaranda
1032 1815 1170 1866 pariter
1183 1820 1219 1852 et
1233 1815 1444 1866 probanda,
1463 1816 1493 1853 si
1510 1829 1605 1867 opus
1623 1817 1732 1854 fuerit

193 1878 228 1912 et
259 1887 422 1920 necesse,
453 1873 585 1911 dicunt
613 1873 820 1924 praedictas
848 1873 985 1910 litteras
1011 1873 1210 1910 efficaciter
1240 1873 1381 1910 nullam
1415 1873 1550 1911 babere
1585 1875 1729 1912 roboris

193 1933 417 1970 firmitatem.
436 1932 490 1970 Ne
507 1945 659 1983 quoque
671 1945 739 1982 per
757 1944 817 1968 eas
831 1931 868 1968 in
890 1931 1164 1982 praedictorum
1182 1931 1327 1969 abbatis
1346 1936 1382 1968 et
1400 1938 1604 1970 conventus
1622 1947 1730 1983 prae-

190 1990 377 2041 judicium
405 1995 441 2028 et
461 2003 661 2042 gravamen
687 1989 832 2041 aliquid
863 1994 1117 2041 attemptetur,
1145 1990 1183 2027 in
1211 1990 1282 2027 hiis
1308 1990 1454 2041 seriptis
1482 1991 1729 2040 Apostolicam

195 2049 328 2087 Sedem
341 2049 545 2101 appellant,
559 2062 624 2087 seu
638 2062 743 2087 suam
759 2050 1058 2100 provocationem
1075 2049 1215 2086 faciunt
1229 2049 1344 2086 abbas
1357 2054 1393 2086 et
1406 2055 1608 2086 conventus
1622 2063 1730 2100 prae-

194 2108 284 2146 dicti
295 2137 304 2155 ,
322 2121 361 2146 se
378 2113 415 2146 et
428 2121 494 2146 sua
510 2109 635 2146 omnia
650 2108 871 2159 protectioni
888 2108 994 2146 Sedis
1008 2109 1242 2159 Apostolicae
1255 2108 1517 2158 supponendo,
1533 2113 1566 2144 et
1580 2112 1730 2158 aposto-

195 2168 249 2205 los
270 2181 356 2205 cum
380 2168 574 2215 instantia,
598 2168 694 2206 sicut
716 2167 838 2215 decet,
857 2167 1053 2219 requirunt
1069 2167 1221 2205 concedi
1243 2167 1290 2204 ab
1308 2167 1372 2203 illo
1389 2166 1455 2217 qui
1474 2179 1551 2203 esse
1568 2179 1631 2203 seu
1651 2167 1729 2203 sore

194 2226 374 2278 praedicti
399 2226 583 2264 Iohannis
609 2227 764 2264 forsitan
785 2230 961 2264 executor
982 2225 1170 2263 videbitur
1188 2230 1251 2262 aut
1269 2225 1306 2262 in
1329 2230 1517 2275 posterum
1535 2225 1729 2275 apparebit

194 2289 230 2322 et
254 2285 409 2322 forsitan
433 2289 489 2322 est
509 2285 555 2322 ad
581 2298 767 2336 praesens.
794 2285 892 2322 Haec
916 2285 1064 2330 dicunt,
1092 2284 1233 2320 faciunt
1258 2288 1294 2320 et
1324 2283 1521 2334 requirunt
1549 2282 1727 2334 praedicti

194 2342 309 2381 abbas
328 2347 363 2381 et
380 2347 601 2390 conventus,
621 2343 659 2380 in
679 2343 884 2394 praesentia
900 2343 1029 2380 talium
1048 2354 1209 2392 quorum
1227 2341 1379 2378 nomina
1398 2341 1688 2391 subsequuntur.

244 2401 378 2439 Actum
397 2406 432 2438 et
449 2401 595 2448 datum,
613 2406 681 2439 etc.

900 2487 1020 2498 -Qo—
