2184 3074
438 312 511 351 462
995 309 1157 347 CODEX
1184 308 1281 346 DUN
1285 307 1345 344 EN
1349 307 1426 345 Sls.

1131 481 1248 519 CCCX
1255 481 1279 517 l.

495 603 614 640 Lettre
628 602 776 639 relative
793 602 815 638 ἀ
835 601 872 638 la
889 600 1108 637 benediction
1125 598 1324 648 episcopale
1340 598 1363 635 ἁ
1381 597 1524 634 donner
1541 597 1563 634 ἀ
1581 596 1692 634 ἰάὁόὁ
1709 597 1753 634 de
1775 596 1920 634 Thoaan

975 658 1123 696 Nic-olas
1139 658 1183 695 de
1206 656 1449 712 Lisseweqhe

493 853 710 893 Reverendo
725 855 818 906 patri
833 868 875 891 ac
889 854 1043 892 domino
1052 854 1089 891 in
1100 853 1247 891 Christo
1258 853 1560 904 praecordialiter
1572 852 1763 903 diligendo
1773 852 1974 889 dominom.

445 915 512 952 Dei
527 914 644 965 gratia
662 913 865 950 venerabili
884 912 1107 950 Tornacensi
1126 912 1319 963 episcopm,
1334 925 1423 949 suus
1441 911 1523 948 talis
1540 940 1565 948 ..
1580 941 1587 948 .
1601 940 1608 947 .
1621 940 1630 957 -.
1645 911 1801 948 salutem
1820 915 1856 948 et
1868 923 1977 962 para-

448 979 526 1010 tum
547 973 583 1009 in
603 972 778 1009 omnibus
798 972 1020 1022 obsequium
1039 984 1124 1008 cum
1144 970 1346 1008 reverentia
1365 975 1401 1007 et
1419 970 1570 1007 honore.

497 1031 567 1067 Pro
581 1031 752 1081 religioso
765 1030 846 1066 viro
865 1030 1018 1067 domino
1035 1030 1067 1067 N
1071 1059 1092 1076 .,
1105 1029 1238 1066 abbate
1254 1029 1300 1066 de
1316 1029 1464 1066 'rhosan
1475 1058 1484 1074 ‚
1500 1041 1621 1078 nuper
1642 1028 1688 1065 ad
1705 1027 1869 1078 regimen
1885 1027 1974 1064 dicti

448 1089 659 1126 monasterii
678 1102 837 1139 superna
852 1088 1066 1139 dignatione
1084 1092 1213 1124 vocato
1237 1087 1302 1138 qui
1323 1091 1461 1124 vestras
1480 1086 1756 1123 benedictiones
1774 1085 1844 1122 sibi
1863 1084 1974 1123 variis

448 1147 620 1187 ecclesiae
639 1160 726 1184 suae
744 1159 870 1197 presso
891 1146 1048 1197 negotiis
1071 1150 1106 1183 et
1129 1146 1305 1183 distracto
1327 1145 1511 1182 desiderat
1526 1145 1722 1196 impartiri,
1741 1143 1976 1182 Reverendae

447 1219 489 1243 ac
503 1205 750 1256 Dignissimae
771 1204 984 1242 paternitati
1000 1204 1154 1241 Vestrae
1172 1204 1262 1240 duxi
1284 1203 1474 1240 humiliter
1490 1202 1777 1254 supplicandum
1795 1207 1978 1253 quatenus

449 1265 549 1301 dicto
568 1264 691 1301 abbati
711 1263 912 1300 concedere
930 1263 1139 1314 dignemini
1159 1262 1262 1314 quod
1282 1262 1499 1312 hujusmodi
1519 1261 1815 1298 benedictionem
1842 1274 1862 1298 a
1883 1274 1980 1312 quo—

450 1335 598 1372 cunque
640 1322 821 1359 catholico
854 1322 1029 1373 episcopo
1068 1321 1173 1360 Sedis
1211 1321 1452 1372 Apostolieae
1487 1320 1641 1370 gratiam
1673 1319 1831 1356 habente
1862 1319 1982 1357 valeat

450 1380 616 1431 adipisci.
1903 1383 1908 1386 ’

1156 1446 1280 1458 -ψ-

1140 1580 1308 1617 CCCXll.

502 1697 770 1745 Participation
789 1709 866 1734 auae
885 1695 1016 1733 bonne-3
1035 1709 1176 1734 oeuvres
1194 1703 1226 1734 et
1243 1710 1321 1734 aux
1333 1698 1477 1746 prieres
1493 1696 1545 1733 du
1565 1697 1768 1733 monastere
1787 1695 1831 1733 de
1834 1724 1916 1732 .....
1943 1742 1949 1748 ⁸

507 1890 652 1928 Fideles
667 1891 821 1942 singuli,
835 1905 996 1942 quorum
1013 1893 1086 1929 vita
1100 1898 1153 1930 est
1166 1906 1250 1929 vera
1265 1893 1397 1929 militia
1415 1906 1527 1943 super
1542 1897 1687 1938 terram,
1701 1897 1842 1943 quanto
1860 1896 1987 1930 contra

459 1962 496 1986 se
514 1955 743 1999 cognoscunt
760 1951 923 2001 apertius
941 1951 1082 1988 inimici
1102 1951 1265 1988 hominis
1282 1951 1470 1988 saevitiam
1489 1951 1715 2002 rugientem,
1732 1955 1835 1988 tanto
1852 1950 1987 1988 arden-

460 2006 531 2044 tius
551 2020 626 2044 non
645 2009 915 2046 consentientes
933 2009 1052 2046 eidem
1067 2014 1194 2046 contra
1209 2010 1461 2047 infestationes
1478 2009 1596 2060 ipsius
1612 2013 1798 2060 quaerunt
1814 2008 1987 2059 suffragia

460 2071 686 2116 opportuna,
701 2067 803 2118 quod
817 2080 882 2104 vos
898 2072 1074 2118 tanquam
1090 2068 1159 2104 viri
1175 2068 1321 2118 providi
1337 2073 1371 2105 et
1385 2068 1527 2114 divina,
1545 2068 1641 2105 sicut
1656 2067 1896 2113 confidimus,
1909 2080 1987 2117 gra-

460 2123 507 2160 tia
527 2125 694 2175 inspirati
713 2126 869 2163 sollicite
882 2127 1121 2172 attendentes,
1131 2127 1264 2164 nostris
1278 2127 1447 2164 voluistis
1460 2131 1496 2164 et
1509 2126 1665 2178 petiistis
1679 2127 1718 2163 in
1736 2131 1862 2163 nostro
1877 2126 1988 2177 pleno

460 2184 622 2234 capitulo
639 2185 870 2223 orationibus
888 2190 924 2222 et
941 2186 1130 2224 beneficiis
1153 2186 1283 2223 sociari
1295 2216 1303 2231 ,
1330 2186 1488 2236 ideoque
1513 2185 1681 2236 exigente
1700 2189 1773 2222 tam
1794 2185 1858 2235 pio
1875 2184 1991 2221 devo-

462 2242 571 2279 tionis
588 2242 719 2280 affectu
738 2258 849 2294 quem
868 2245 974 2282 vobis
995 2245 1193 2282 destinavit
1214 2245 1441 2291 Altissimus,
1459 2244 1629 2295 petitioni
1653 2248 1793 2281 vestrae
1811 2243 1985 2280 benivolo

463 2306 723 2340 concurrentes
745 2316 894 2341 assensu
919 2304 1168 2341 concessimus
1192 2304 1298 2341 vobis
1322 2305 1470 2355 plenam
1494 2303 1705 2341 societatem
1731 2307 1767 2339 et
1790 2301 1990 2353 participa-

464 2359 600 2396 tionem
625 2362 792 2398 omnium
820 2363 1004 2400 bonorum
1031 2377 1126 2414 quae
1151 2377 1217 2414 per
1242 2377 1309 2400 nos
1334 2364 1372 2400 in
1397 2363 1644 2408 orationibus,
1671 2361 1828 2412 vigiliis,
1856 2360 1990 2407 missis,

460 2417 630 2467 jejuniis,
650 2419 882 2457 abstinentiis
899 2426 935 2458 et
957 2422 1183 2468 elemosinis,
1203 2422 1428 2472 caeterisque
1446 2421 1554 2459 bonis
1572 2420 1748 2458 omnibus
1770 2424 1806 2456 et
1833 2419 1990 2469 singulis
