2184 3074
15 2547 19 2587 M,
23 2495 25 2497 ι
15 2192 17 2194 .
12 2081 19 2096 .-

19 2447 22 2451 .
12 2315 21 2411 ,ω’-,ιι
16 2296 18 2298 -
13 2245 21 2282 ..ω-
16 2224 19 2235 -

721 347 880 393 coum·
907 357 1152 396 DUNENSIS.
1625 363 1697 401 529

172 477 384 512 executores
401 472 536 509 dictam
555 484 703 509 eausam
721 476 951 509 ostensuram
970 477 1006 510 et
1022 485 1276 523 processuram
1297 488 1408 526 super
1426 475 1636 526 praemissis
1662 480 1697 513 et

172 546 213 570 ea
244 530 495 583 tangentibus,
531 535 643 580 prout
675 529 721 566 de
752 530 836 579 jure
869 531 979 568 fuerit
1008 531 1302 582 procedendum.
1339 533 1548 571 inhibentes
1579 534 1699 571 dictae

106 594 112 597 ’
172 592 318 638 citatae,
341 589 478 641 judici,
498 588 651 634 ballivo,
679 589 810 639 laycali
836 590 1036 639 justitiario
1060 596 1095 628 et
1120 592 1360 643 partitoribus
1378 593 1563 631 bonorum
1590 594 1698 632 dictis

171 650 410 689 deelmannen
436 648 546 686 villae
566 647 767 698 Brugensis
785 661 826 685 ac
843 649 923 685 aliis
942 650 1116 688 omnibus
1134 655 1170 687 et
1188 651 1343 702 singulis
1361 652 1407 689 de
1424 652 1564 703 quibus
1584 653 1698 691 fucris

172 708 451 760 requisitusfne
468 706 539 744 sub
552 718 671 756 poena
688 707 1098 754 excommunicationis,
1119 709 1287 756 monitis,
1302 710 1486 748 citationis
1503 710 1582 757 die,
1598 710 1699 748 inhi-

171 765 396 811 bitionibus,
424 764 487 802 lite
511 768 547 802 et
569 777 678 802 causa
704 763 971 814 pendentibus,
994 779 1116 803 coram
1141 767 1247 804 nobis
1273 767 1414 818 aliquid
1438 773 1564 805 contra
1582 768 1699 806 dictos

173 829 386 863 executores
411 822 619 860 testamenti
647 825 683 858 et
718 821 816 859 bona
843 822 1027 872 praedicta
1057 824 1252 870 innovent,
1279 825 1493 872 immutent,
1517 830 1698 872 statuant,

169 883 355 934 judicent,
381 881 647 927 determinent,
676 881 713 918 in
741 881 867 932 aliquo
884 882 1101 932 procedant,
1122 888 1157 920 et
1178 884 1384 934 specialiter
1409 885 1527 922 dictae
1554 885 1700 922 relictae

173 941 244 980 sub
261 953 380 992 poena
398 939 463 978 Lx
481 939 661 977 librarum
681 938 943 976 Parisiensium
963 941 1086 977 curiae
1102 941 1323 979 Tornacensi
1343 943 1614 980 reddendarum
1626 972 1635 988 ,
1654 956 1701 980 ne

173 1000 271 1038 dicta
297 999 396 1036 bona
421 997 617 1042 distrahat,
646 997 780 1034 alienet
804 1010 868 1034 seu
896 998 933 1034 in
962 1011 1091 1036 manus
1116 999 1251 1037 alienas
1273 1000 1390 1038 tradat
1413 1006 1477 1038 aut
1504 1001 1698 1047 deliberet,

173 1063 238 1096 aut
265 1070 306 1095 ea
336 1056 479 1094 dividat
504 1069 566 1094 seu
595 1055 798 1102 diminuat,
825 1056 1001 1107 quodque
1029 1057 1137 1094 faciat
1160 1071 1223 1094 seu
1251 1063 1466 1110 attemptare
1493 1065 1701 1110 praesumat

98 1142 102 1147 -
173 1116 277 1168 quod
307 1116 355 1153 sit
381 1115 420 1152 in
452 1114 725 1166 praejudicium
753 1119 817 1151 aut
846 1119 1097 1165 contemptum
1131 1121 1274 1153 nostrae
1295 1117 1581 1166 jurisdictionis,
1611 1118 1699 1155 dicti

172 1173 380 1214 testamenti
413 1173 675 1210 detrimentum
688 1202 697 1215 ,
723 1171 984 1223 dictorumque
1013 1178 1252 1211 executor-um
1284 1175 1485 1226 dampnum
1519 1189 1582 1213 seu
1613 1190 1699 1227 gra-

173 1246 317 1272 vamen.
344 1232 390 1270 Et
406 1231 499 1282 quid
518 1230 605 1268 inde
627 1230 765 1267 factum
784 1230 894 1267 fuerit
916 1230 1042 1276 nobis,
1069 1231 1209 1282 liquide
1227 1232 1452 1279 rescribatis,
1473 1234 1520 1271 ita
1538 1235 1641 1284 quod
1660 1235 1697 1272 in

172 1292 245 1330 hiis
261 1289 488 1342 exequendis
505 1302 603 1327 unus
619 1293 781 1326 vestrum
798 1288 913 1325 alium
928 1289 984 1325 vel
998 1290 1089 1326 alios
1102 1290 1223 1326 statim
1242 1290 1327 1328 visis
1346 1292 1600 1341 praesentibus
1617 1306 1692 1331 non

175 1354 370 1402 exspectet.
389 1349 526 1386 Datum
545 1351 644 1386 'anno
660 1346 812 1385 Domini
831 1347 882 1384 Mo
901 1347 992 1391 CC0,
1010 1352 1077 1384 etc.

893 1470 1001 1479 ⁴—-

845 1611 1059 1650 CCCLxlx.

264 1727 448 1765 Donation
460 1727 554 1778 faite
565 1740 643 1778 par
661 1728 769 1779 Siqer
792 1727 1058 1766 d’Audenarde
1079 1742 1156 1766 aux
1170 1741 1330 1778 pauvres
1346 1728 1391 1766 de
1409 1727 1620 1766 Moerkerke.

231 1924 434 1971 Universis,
463 1929 530 1963 etc.
563 1924 716 1963 Noverit
742 1924 966 1963 Universitas
997 1928 1113 1961 vestra
1144 1924 1244 1974 quod
1277 1936 1361 1960 cum
1392 1923 1548 1960 dilectus
1584 1925 1706 1959 noster

179 1982 355 2022 dominus
373 1983 536 2035 Sygerus
553 1983 600 2021 de
617 1983 840 2030 Aldenardo,
855 1984 893 2020 in
911 1982 1062 2020 ecclesia
1077 1982 1122 2019 de
1135 1982 1349 2019 Moerkerke
1368 1986 1564 2032 perpetuus
1582 1980 1705 2031 capel·

182 2041 307 2089 lanus,
323 2041 371 2079 ad
388 2041 551 2079 caritatis
569 2054 680 2092 opera
699 2054 794 2092 quae
813 2041 985 2091 pietatem
1003 2039 1169 2077 redolent
1186 2043 1222 2076 et
1234 2039 1387 2076 salutem
1407 2038 1608 2089 respiciunt
1624 2038 1707 2075 ani-

182 2111 340 2146 marum,
355 2099 440 2137 totis
449 2099 642 2137 desideriis
657 2099 857 2146 anhelaret,
868 2099 1021 2150 cupiens
1035 2103 1070 2135 et
1083 2102 1248 2148 satagens
1264 2110 1330 2148 pro
1345 2097 1486 2134 viribus
1501 2109 1705 2147 pauperum

181 2157 375 2197 sublevare
392 2158 576 2210 inopiam,
596 2158 794 2210 praecipue
808 2158 845 2195 in
865 2157 1059 2208 parrochia
1078 2157 1123 2193 de
1140 2155 1370 2198 Moerkerke,
1390 2156 1426 2192 in
1441 2168 1514 2206 qua
1529 2154 1706 2204 ampliora

181 2215 390 2254 dinoscitur
405 2216 585 2255 beneficia
602 2217 824 2268 percepisse,
843 2216 1020 2253 instanter
1032 2213 1232 2265 postulavit
1249 2227 1268 2250 a
1290 2213 1396 2250 nobis
1413 2213 1614 2264 quominus
1629 2212 1707 2262 ejus

181 2273 408 2312 desiderium
423 2275 678 2326 promovendo
696 2276 743 2312 ad
756 2288 850 2326 opus
868 2286 1072 2325 pauperum
1092 2271 1307 2323 parrochiae
1321 2271 1552 2322 supradictae
1567 2284 1708 2321 pannos

182 2332 343 2383 aliquos,
368 2333 469 2371 unde
486 2339 637 2385 possent
661 2334 768 2372 annis
790 2333 945 2384 singulis
968 2333 1006 2369 in
1032 2336 1251 2383 perpetuum
1275 2330 1322 2367 de
1344 2330 1499 2368 consilio
1530 2330 1708 2381 presbite-

184 2403 310 2428 rorum
336 2391 383 2429 de
400 2391 616 2430 Moerkerke
634 2392 848 2443 hujusmodi
877 2391 1000 2428 vestiri
1020 2402 1215 2441 pauperes,
1242 2388 1484 2426 venderemus
1506 2388 1640 2433 eidem,
1661 2387 1708 2424 ita

184 2449 286 2500 quod
304 2450 442 2501 quibus
461 2464 537 2489 uno
554 2464 653 2489 anno
670 2451 861 2502 provisum
882 2451 991 2496 foret,
1014 2449 1066 2486 nil
1085 2448 1295 2485 obtinerent
1312 2460 1411 2484 anno
1429 2446 1600 2497 proximo
1619 2445 1710 2483 sub-

1518 2505 1565 2543 67
