2184 3074
432 237 504 273 504
982 236 1144 274 CODEX
1168 237 1416 275 DUNENSlS.

432 352 674 389 'l'ornaeensis
691 354 885 389 solvendas
904 353 1013 390 nobis
1032 357 1096 389 aut
1113 353 1213 390 dicto
1233 354 1381 390 officiali
1401 354 1481 390 vice
1498 359 1534 391 et
1551 356 1703 392 nominc
1721 360 1845 393 nostro
1859 369 1967 406 prae-

432 410 530 447 ‹licto
561 411 655 447 infra
687 424 750 447 sex
781 411 858 448 dics
886 417 969 462 post¹
1005 411 1249 448 monitionem
1283 412 1500 461 hujusmodi
1528 413 1660 450 factam
1690 418 1726 450 et
1760 414 1966 464 expositam

432 469 536 506 vobis
561 475 595 505 et
621 469 709 519 ipsis
737 470 782 505 dc
808 475 925 506 vestra
952 470 1099 506 civitate
1125 475 1160 506 et
1186 470 1322 507 diocesi
1347 471 1588 516 Tornaeensi,
1606 485 1768 522 quorum
1787 471 1882 509 duos
1900 485 1968 522 pro

433 527 571 576 primo,
593 527 687 564 duos
706 541 774 577 pro
794 528 959 564 secundo
977 533 1012 564 et
1030 529 1124 565 duos
1143 542 1211 579 pro
1231 529 1338 566 tertio
1356 534 1393 566 et
1410 530 1661 580 peremptorio
1683 530 1840 567 termino
1861 543 1969 580 prae-

433 585 598 634 figimus,
630 599 694 622 vos
726 591 761 622 et
793 587 891 636 ipsos
922 587 1099 624 canonice
1125 592 1250 624 tenore
1277 588 1527 638 praesentium
1555 601 1771 634 monemus,
1799 589 1966 639 alioquin

433 648 567 680 extunc
593 644 885 693 publicationem
908 650 944 682 et
966 646 1286 682 denuntiationem
1311 646 1578 684 sententiarum
1604 647 1641 683 in
1666 660 1732 684 vos
1751 652 1787 684 et
1805 652 1967 684 vestrum

431 703 635 751 quemlibet
649 703 694 739 de
709 703 856 740 civitate
870 709 906 740 et
918 704 1067 753 dyocesi
1082 705 1306 742 Tornacensi
1322 705 1545 756 supradictis
1560 707 1664 756 prius
1680 706 1842 743 monitos
1857 719 1969 756 super

433 759 502 796 hiis
527 774 547 796 a
575 761 683 797 nobis
710 761 882 806 latarum,
910 766 951 798 ut
977 763 1240 813 praemittitur,
1267 776 1286 799 a
1317 763 1418 800 dicto
1440 763 1573 800 nuntio
1601 763 1706 801 Sedis
1735 763 1970 814 Apostolicae

432 818 610 864 faciendi,-
625 819 841 857 insinuandi
862 826 898 857 et
916 821 1068 871 publice
1086 821 1263 858 omnibus
1278 827 1313 858 et
1331 822 1488 872 singulis
1513 827 1549 859 et
1573 822 1621 859 ad
1645 832 1774 860 corum
1799 822 1970 860 notitiam

429 877 637 914 deducendi
663 878 801 915 eisdem
828 880 928 916 dicto
955 880 1103 917 officiali
1133 880 1382 931 injungimus,
1405 881 1674 918 committimus
1703 888 1740 918 et
1765 881 1898 919 damus
1925 882 1964 919 in

433 936 614 973 mandatis
638 937 856 975 auctoritate
883 930 1086 989 praedicta}
1105 938 1284 989 quodque
1307 939 1414 976 nobis
1438 939 1616 976 rescribat
1643 939 1736 990 quid
1760 953 1873 990 super
1898 940 1969 978 hoc

433 995 567 1030 sactum
587 995 706 1032 suerit.

479 1053 615 1091 Datum
636 1059 725 1091 teste
743 1055 866 1106 sigillo
886 1060 1011 1093 nostro
1036 1056 1294 1106 praesentibus
1316 1056 1487 1107 apposito
1510 1069 1608 1093 anno
1638 1057 1790 1094 Domini
1819 1057 1870 1094 Mo
1895 1062 1971 1094 tre-

431 1113 631 1148 centesimo
650 1113 759 1150 tertio
779 1114 816 1150 in
836 1114 897 1150 dic
921 1114 1227 1151 Annuntiationis
1252 1114 1489 1160 Dominicae,
1508 1114 1680 1152 videlicet
1699 1115 1789 1151 seria
1807 1115 1970 1152 secunda

430 1176 513 1219 post
531 1171 758 1209 dominicam
778 1187 852 1224 qua
872 1179 1063 1210 cantatur:
1083 1175 1152 1211 Isti
1167 1180 1255 1211 sunt
1271 1174 1358 1211 dies.

479 1228 658 1266 Ollicialis
683 1230 927 1268 Tornaeensis
950 1232 1126 1269 omnibus
1149 1232 1364 1277 abbatibus,
1392 1231 1598 1282 prioribus,
1621 1231 1788 1278 decanis,
1814 1245 1974 1283 praepo-

435 1287 531 1332 sitis,
550 1288 838 1336 archidiaconis,
856 1290 1025 1340 plebanis
1043 1295 1079 1327 et
1095 1290 1176 1327 aliis
1191 1290 1430 1327 ecclesiarum
1450 1290 1623 1340 praelatis
1638 1302 1680 1326 ac
1693 1289 1792 1327 vices
1810 1291 1974 1341 gerenti—

432 1345 502 1381 bus
531 1347 767 1394 eorumdem,
795 1348 1022 1399 caeterisque
1049 1349 1216 1398 personis
1247 1347 1501 1385 ecclesiasticis
1530 1348 1568 1384 in
1596 1347 1746 1384 civitate
1771 1352 1807 1384 et
1833 1347 1972 1386 diocesi

431 1403 654 1441 'fornacensi
672 1406 896 1452 constitutist
916 1407 961 1443 ad
981 1420 1075 1456 quos
1095 1412 1303 1457 praesentes
1322 1407 1464 1443 litterae
1482 1405 1737 1456 pervenerint,
1759 1406 1914 1444 salutem
1932 1407 1970 1443 in

430 1463 602 1499 Domino.
623 1464 779 1502 Litteras
798 1465 1021 1502 venerabilis
1039 1470 1074 1503 et
1092 1466 1240 1502 discreti
1259 1465 1328 1502 viri
1351 1464 1481 1502 Jacobi
1502 1465 1548 1500 de
1565 1464 1808 1510 Normannis,
1825 1464 1970 1502 domini

432 1534 547 1572 papae
577 1524 730 1569 notarii,
758 1524 1028 1575 archicpiscopi
1062 1525 1313 1563 Narbonensis
1329 1554 1337 1570 ,
1366 1539 1386 1561 a
1419 1523 1651 1561 sanctissimo
1683 1529 1787 1574 patre
1817 1523 1972 1561 domino

432 1582 646 1630 Bonefacio,
664 1584 790 1621 divina
809 1585 1042 1635 providentia
1067 1599 1162 1636 papa
1181 1585 1279 1630 Vlll,
1309 1598 1377 1635 pro
1402 1584 1631 1635 quibusdam
1658 1583 1785 1620 arduis
1815 1583 1972 1634 negotiis

431 1639 476 1676 ad
491 1646 612 1690 partes
626 1642 727 1691 regni
745 1643 919 1680 Franciae
932 1644 1140 1694 specialiter
1153 1643 1343 1688 destinati,
1363 1642 1530 1692 ejusdcm
1546 1641 1690 1679 domini
1704 1641 1834 1679 Jacobi
1848 1641 1971 1692 sigillo

429 1698 617 1748 sigillatas,
638 1714 711 1737 non
732 1702 965 1747 cancellatas,
986 1716 1059 1738 non
1080 1702 1248 1748 abolitas,
1265 1715 1332 1738 ncc
1349 1702 1386 1737 in
1402 1701 1527 1751 aliqua
1542 1704 1646 1751 parte
1663 1700 1719 1737 sui
1735 1700 1892 1746 vitiatas,
1905 1700 1969 1737 sed

431 1757 533 1793 omni
552 1758 764 1808 suspicione
782 1765 962 1806 carentes,
983 1765 1094 1810 prout
1112 1760 1231 1810 prima
1256 1759 1348 1796 facie
1373 1758 1591 1810 apparebat,
1611 1757 1794 1803 vidimus,
1813 1758 1970 1808 legimus

432 1820 468 1851 ct
481 1816 711 1866 inspeximus
726 1823 891 1854 tenorem
906 1819 971 1868 qui
987 1819 1146 1856 insertus
1162 1817 1268 1854 estin
1284 1817 1415 1854 litteris
1429 1815 1620 1853 reverendi
1638 1815 1677 1852 in
1691 1815 1839 1852 Christo
1853 1816 1969 1866 patris

431 1887 472 1910 ac
500 1874 643 1911 domini
668 1876 811 1913 domini
832 1878 931 1923 R.....‚
950 1877 1016 1913 Dei
1035 1877 1152 1928 gratia
1172 1876 1365 1914 Remensis
1394 1873 1687 1925 archiepiscopi,
1713 1873 1854 1925 quibus
1883 1879 1970 1911 sunt

434 1932 568 1969 infixae
585 1940 793 1984 praesentes
813 1936 954 1972 litterae
972 1936 1220 1981 continentes,
1238 1948 1332 1985 quas
1350 1934 1504 1985 quidem
1524 1933 1662 1970 litteras
1681 1931 1824 1968 domini
1838 1931 1967 1969 Jacobi

430 1991 630 2028 exhibitori
650 1997 686 2029 et
704 1994 875 2043 portitori
895 1994 1060 2044 ipsarum
1077 1993 1306 2031 restituimus
1321 1998 1362 2030 ut
1377 1992 1494 2043 possit
1506 1991 1654 2029 eosdem
1669 2004 1736 2041 per
1748 1991 1968 2028 Remensem

432 2050 661 2099 provinciam
679 2052 744 2088 ubi
769 2057 804 2089 et
822 2058 934 2103 prout
960 2053 1080 2089 eidem
1107 2052 1282 2103 expedire
1301 2051 1492 2088 videbitur
1517 2049 1704 2087 exhibere.
1730 2048 1772 2085 ln
1791 2049 1898 2098 cujus
1915 2048 1967 2085 rei

433 2109 682 2146 testimonium
702 2111 959 2161 praesentibus
978 2110 1108 2160 litteris
1123 2110 1286 2160 sigillum
1303 2109 1400 2147 sedis
1414 2107 1658 2146 Tornacensis
1672 2120 1746 2144 una
1761 2120 1847 2144 cum
1861 2107 1968 2158 signo

432 2173 555 2204 nostro
573 2169 750 2207 (luximus
773 2169 1050 2221 apponendum.
1077 2170 1214 2206 Datum
1234 2181 1333 2206 anno
1355 2167 1507 2205 Domini
1535 2167 1587 2204 Μο
1600 2166 1702 2203 CCC⁰
1718 2165 1825 2203 tertio
1843 2165 1967 2202 domi-

430 2228 509 2264 nica
529 2241 601 2277 qua
621 2234 789 2266 cantatur
806 2229 1042 2277 Quasimodo.

1133 2353 1253 2363 4..-
