2184 3074
432 279 478 316 12
975 278 1137 316 CODEX
1163 275 1410 314 DUNENSIS.

431 397 509 430 turn
529 394 722 440 deferenti,
741 395 779 431 in
798 395 885 431 villa
902 394 1062 444 Yprensi
1081 407 1145 431 seu
1165 392 1254 429 alibi
1274 392 1312 428 in
1332 392 1478 428 civitate
1496 392 1554 428 vel
1573 391 1723 442 dyocesi
1742 393 1964 438 Morinensi,

430 451 546 488 dictas
576 452 639 488 XL
665 452 777 488 libras
803 452 1077 488 Turonensium
1102 463 1314 501 grossorum
1341 450 1506 500 argenti,
1527 449 1843 501 quandocumque
1867 450 1965 489 idem

430 508 605 546 dominus
623 510 842 555 Nicholaus⁷
861 515 1090 560 procurator,
1109 509 1165 545 vel
1187 508 1267 558 ejus
1294 508 1399 545 heres
1422 511 1485 544 aut
1511 507 1591 557 ejus
1618 512 1739 545 certus
1767 508 1922 545 nuntius
1945 520 1966 545 a

431 567 538 604 nobis
557 569 721 618 petierit,
740 569 882 619 absque
900 569 1057 617 alicujus
1081 581 1207 604 morae
1235 580 1299 604 seu
1325 566 1554 603 difficultatis
1579 566 1793 613 obstaculo,
1821 576 1966 604 necnon

431 626 654 676 suscipimus
679 627 717 663 in
741 627 849 663 nobis
875 631 910 663 et
935 626 1087 663 ecclesia
1112 630 1235 662 nostra
1261 630 1297 662 et
1313 638 1424 675 supra
1444 637 1511 661 nos
1529 629 1566 661 et
1583 625 1775 662 ecclesiam
1803 630 1966 663 nostram

431 695 579 719 omnem
607 697 732 720 casum
760 685 954 721 fortuitum
985 688 1020 720 et
1043 687 1236 727 eventum,
1257 687 1294 719 et
1318 682 1527 732 specialiter
1553 682 1734 730 incendii,
1762 683 1967 734 naufragii,

431 740 577 787 ruinae,
601 742 772 792 rapinae7
799 743 904 788 furti5
931 742 1129 778 violentiae
1157 746 1194 778 et
1221 754 1507 791 quemeumque
1523 741 1638 779 alium
1663 746 1736 779 tam
1761 741 1890 779 divino
1909 741 1967 778 vel

432 798 596 835 humano
612 799 756 848 judicio
773 813 886 849 quam
906 813 951 836 ex
975 799 1146 849 quolibet
1171 812 1304 849 genere
1328 799 1459 848 culpae
1477 799 1534 835 vel
1556 799 1646 836 alias
1668 799 1967 849 provenientem;

431 862 466 893 et
478 857 731 908 promittimus
750 859 889 895 nullam
911 857 1133 895 contrariam
1150 857 1404 907 exceptionem
1423 857 1480 894 vel
1499 857 1755 894 defensionem
1773 861 1966 908 praetextu

431 915 616 952 dictorum
642 929 793 952 casuum
818 921 882 952 aut
899 921 1098 952 eventuum
1125 920 1189 952 aut
1210 914 1368 963 alicujus
1390 916 1519 951 eorum
1542 915 1620 952 sive
1641 928 1968 967 quorumcumque

430 974 588 1010 aliorum
615 979 678 1011 aut
695 974 764 1011 alia
784 988 1022 1024 quacumque
1046 987 1155 1011 causa
1175 973 1213 1010 in
1231 974 1358 1023 aliquo
1378 974 1498 1010 facere
1518 973 1576 1010 vel
1594 987 1800 1024 apponere,
1816 973 1970 1025 quomi-

432 1045 501 1069 nus
525 1033 571 1069 ad
595 1033 718 1082 ipsum
746 1033 957 1083 depositum
981 1032 1269 1078 restituendum,
1288 1037 1328 1068 ut
1353 1032 1495 1068 dictum
1523 1036 1593 1078 est,
1619 1032 1816 1070 efficaciter
1839 1045 1907 1070 nos
1933 1037 1970 1070 et

431 1092 581 1128 ecclesia
601 1097 724 1128 nostra
744 1097 953 1134 teneamur,
974 1092 1037 1129 sed
1057 1092 1182 1128 omnia
1205 1097 1239 1128 et
1265 1092 1411 1141 singula
1430 1091 1468 1128 in
1487 1091 1559 1134 hoc
1577 1095 1769 1128 contractu
1797 1095 1968 1128 contenta

431 1150 536 1186 firma
555 1155 590 1186 et
607 1155 683 1187 rata
704 1151 857 1196 habere7
875 1155 997 1186 tenere
1019 1155 1055 1186 ct
1077 1163 1151 1186 non
1175 1150 1423 1186 contrafacere
1444 1149 1502 1186 vel
1521 1149 1667 1195 venire7
1685 1149 1809 1199 aliqua
1827 1149 1969 1186 ratione

431 1209 487 1244 vel
503 1209 694 1255 causa,‹le
705 1209 789 1258 jure
803 1210 858 1245 vel
877 1210 923 1246 de
946 1210 1051 1245 facto.
1074 1209 1182 1256 Quod
1208 1209 1237 1245 si
1257 1208 1365 1245 dictis
1390 1208 1497 1255 locis,
1519 1212 1563 1245 ut
1583 1207 1726 1244 dictum
1754 1212 1822 1255 est,
1849 1208 1970 1245 dictae

432 1267 610 1317 pecuniae
624 1281 767 1304 summa
783 1268 1071 1304 eidem‘domino
1086 1266 1519 1317 Nicholao,procuratori
1535 1265 1627 1316 ejus,
1638 1266 1764 1303 heredi
1779 1267 1837 1303 vel
1852 1266 1969 1317 ipsius

432 1330 530 1362 certo
547 1326 678 1362 nuntio
695 1326 763 1362 hoc
777 1326 1064 1363 instrumentum
1080 1326 1258 1362 deferenti
1270 1355 1279 1370 ,
1293 1325 1377 1361 data
1396 1329 1431 1361 et
1449 1324 1616 1364 restituta
1635 1325 1731 1361 infra
1750 1324 1967 1375 quindecim

432 1384 509 1420 dies
537 1397 610 1420 non
636 1384 747 1420 suerit
775 1390 858 1435 post
884 1385 1165 1435 requisitionem
1194 1383 1282 1421 dicti
1312 1383 1455 1420 domini
1482 1383 1670 1428 Nichotai‚
1694 1382 1969 1433 procuratoris,

433 1442 578 1479 heredis
606 1456 671 1479 seu
691 1443 762 1480 hoc
781 1443 1071 1480 instrumentum
1090 1443 1306 1489 deferentis,
1327 1442 1430 1492 quod
1448 1441 1562 1488 absit,
1582 1441 1620 1478 in
1643 1441 1734 1478 locis
1753 1441 1966 1492 praedictis,

433 1500 470 1536 in
490 1505 566 1537 toto
586 1502 642 1538 vel
662 1501 700 1538 in
721 1506 842 1551 parte,
860 1502 1112 1552 promittimus
1134 1502 1233 1538 dicto
1261 1501 1415 1538 domino
1439 1500 1634 1547 Nicholao,
1660 1500 1823 1551 legitime
1848 1501 1969 1551 stipu-

433 1559 521 1595 lanti
542 1573 609 1608 pro
628 1573 665 1597 se
683 1565 716 1597 et
735 1561 952 1611 praedictis,
969 1562 1126 1606 solvere,
1146 1561 1313 1606 reficere,
1339 1560 1532 1597 restituere
1554 1564 1589 1596 et
1613 1559 1788 1596 resarcire
1807 1559 1859 1606 ei,
1880 1572 1970 1610 pro-

434 1618 593 1653 curatori
619 1618 714 1666 ejus7
733 1619 858 1655 heredi
882 1633 945 1656 seu
974 1620 1044 1656 hoc
1068 1620 1356 1656 instrumentum
1386 1618 1582 1664 deferenti,
1614 1617 1739 1654 omnia
1763 1621 1799 1654 et
1823 1616 1968 1667 singula

434 1675 610 1726 dampna„
625 1691 802 1727 expensas
819 1683 855 1715 et
873 1679 1047 1716 interesse
1064 1692 1160 1729 quae
1174 1683 1209 1715 et
1223 1692 1315 1729 quas
1333 1678 1431 1714 idem
1450 1677 1626 1714 dominus
1643 1677 1861 1723 Nicholaus‚
1880 1674 1970 1727 pro'-

435 1739 582 1770 curator
600 1736 677 1784 ejus
697 1749 761 1772 seu
780 1736 850 1773 hoc
869 1737 1156 1774 instrumentum
1177 1737 1346 1773 deserens
1365 1750 1404 1773 se
1425 1735 1554 1772 secisse
1571 1739 1635 1772 aut
1648 1735 1850 1772 incurrisse
1863 1734 1971 1771 dixe-

436 1793 510 1830 rint
528 1795 576 1831 ob
595 1795 779 1832 defectum
806 1796 925 1833 dictae
945 1797 1140 1833 solutionis
1164 1810 1228 1833 seu
1252 1795 1496 1832 restitutionis
1528 1799 1592 1831 aut
1617 1807 1685 1845 pro
1708 1795 1787 1845 ipsa
1811 1793 1969 1845 pecunia

436 1853 635 1902 exigenda,
654 1854 753 1890 etde
779 1854 849 1891 hiis
872 1855 1019 1891 credere
1041 1855 1200 1905 simplici
1224 1854 1339 1891 verbo
1363 1853 1496 1904 ipsius,
1522 1853 1795 1904 procuratoris,
1823 1852 1970 1890 heredis

436 1911 491 1947 sui
517 1915 552 1947 et
579 1911 650 1948 hoc
676 1912 964 1949 instrumentum
992 1913 1212 1959 deferentis⁷
1231 1912 1311 1949 sine
1336 1915 1584 1957 sacramento,
1599 1910 1739 1961 judicis
1764 1910 1969 1957 taxatione,

435 1982 565 2006 causae
582 1971 793 2020 cognitione
810 1973 866 2008 vel
886 1972 955 2009 alia
975 1972 1210 2023 probatione,
1228 1972 1326 2008 dicta
1345 1975 1467 2008 tamen
1492 1970 1696 2017 solutione,
1714 1970 1916 2008 refectione
1935 1974 1971 2007 et

436 2028 642 2065 resarcione
665 2030 784 2066 soluta
803 2035 838 2067 et
856 2030 948 2067 facta
970 2031 1027 2067 vel
1047 2043 1122 2067 non
1141 2034 1237 2076 rata,
1256 2033 1429 2066 maneant
1443 2029 1568 2066 omnia
1584 2032 1620 2065 et
1640 2028 1786 2079 singula
1805 2041 1917 2079 supra
1936 2032 1972 2065 et

437 2084 531 2121 infra
553 2086 700 2136 scripta.

487 2143 577 2180 ltem
597 2145 834 2182 concedimus
853 2149 888 2182 et
907 2146 1081 2182 volumus
1093 2175 1101 2191 .,
1119 2149 1155 2182 et
1172 2145 1218 2182 ad
1237 2145 1308 2182 hoc
1326 2158 1393 2182 nos
1412 2149 1448 2181 et
1469 2148 1614 2182 nostros
1629 2157 1858 2182 successores
1872 2144 1971 2181 obli-

437 2215 581 2251 gamus,
596 2205 697 2254 quod
713 2205 834 2242 dictus
851 2205 1026 2242 dominus
1041 2205 1242 2242 Nicholaus
1253 2234 1262 2249 ,
1277 2209 1498 2255 procurator
1515 2204 1610 2254 ejus7
1627 2203 1730 2241 heres
1746 2216 1811 2240 seu
1829 2203 1970 2240 instru-

437 2266 602 2298 mentum
630 2262 700 2300 hoc
725 2264 892 2302 deferens
921 2265 1009 2301 dare
1039 2264 1156 2315 possit
1182 2265 1228 2300 de
1257 2264 1366 2301 bonis
1397 2263 1532 2300 nostris
1561 2263 1786 2313 cuicumque
1815 2261 1970 2299 domino

434 2320 678 2357 ecclesiastico
705 2322 761 2357 vel
793 2324 986 2372 temporali
1017 2323 1146 2373 viginti
1174 2322 1287 2359 libras
1321 2322 1545 2359 Parisienses
1579 2334 1648 2372 pro
1680 2319 1968 2371 praemissorum

438 2379 606 2416 omnium
628 2385 663 2417 et
680 2381 911 2431 singulorum
932 2382 1178 2419 satisfactione
1201 2395 1219 2419 a
1239 2382 1347 2420 nobis
1371 2386 1407 2421 et
1424 2381 1575 2418 ecclesia
1599 2384 1724 2417 nostra
1745 2378 1972 2429 integraliter
