2184 3074
458 281 531 321 282
1011 278 1175 315 couux
1200 247 1449 316 DUNENSIS.

461 400 503 430 ut
520 394 589 444 ipsi
608 395 780 432 ecclesiae
799 400 944 432 nostrae
966 395 1180 442 concordia,
1207 408 1280 444 pax
1299 399 1335 432 et
1359 395 1481 432 honor
1497 395 1622 432 debite
1639 399 1918 443 conserventur,
1937 395 1997 441 iuf-

461 457 599 490 stanter
624 453 865 503 requirimus,
892 458 927 490 et
956 453 1080 502 ipsum
1105 466 1347 503 responsum,
1374 453 1404 490 si
1425 452 1584 490 nimium
1606 466 1680 490 non
1700 452 1917 500 tardaverit,
1932 466 1997 490 ex-

462 516 669 561 spectamus
701 512 738 549 in
772 517 916 548 nostrae
947 511 1137 548 diiationis
1167 511 1327 548 termino
1358 515 1585 562 praenotato.
1617 511 1691 550 Vos
1722 511 1838 562 igitur
1869 523 1997 562 pawn

463 570 658 606 nobiscum
678 569 875 614 diutinam„
895 570 991 606 sicut
1008 569 1203 606 vobiscum
1225 569 1362 606 habere
1376 569 1630 606 desideramus
1648 573 1876 620 perpetuam,
1895 567 1998 610 affec-

431 641 435 644 ·
462 633 578 665 tantes
597 628 732 665 curetis
757 628 948 665 intendere
970 633 1006 664 et
1027 641 1112 664 cum
1140 628 1302 665 efficacia
1325 633 1554 679 oportunum
1583 627 1790 665 remedium
1817 626 1997 665 adhibere

460 687 739 724 necessitatibus
758 692 794 723 ct
811 687 1090 736 gravaminibus
1109 687 1322 732 antedictis,
1347 700 1393 724 ne
1411 687 1500 724 alias
1520 687 1644 724 forsan
1657 715 1667 732 ,
1688 686 1791 738 quod
1809 686 1923 732 absit,
1950 686 1996 724 ad

461 746 689 796 superiorem
708 750 744 782 et
762 750 928 782 nostrum
949 750 984 781 et
1001 750 1165 782 vestrum
1189 759 1258 783 nos
1282 745 1368 783 licet
1392 745 1528 783 invitos
1551 750 1889 797 oporteatpropter
1909 758 1996 782 nos-

464 810 555 840 tram
575 804 766 841 ecclesiam
788 803 1023 840 relevandam
1043 803 1181 840 habere
1199 817 1402 841 recursum.

1188 929 1292 938 ‹040—

1129 1082 1339 1120 CLXXXII.

460 1199 570 1236 Bulla
591 1200 634 1236 cle
659 1199 807 1236 Nicolas
824 1201 885 1237 ΙΙΙ
904 1201 1102 1237 accordant
1128 1199 1360 1237 l'absolution
1386 1200 1408 1236 ιὶ
1432 1201 1521 1237 trois
1546 1199 1758 1250 chapelat'ns
1779 1200 1823 1237 de
1846 1199 1883 1236 la
1906 1211 2004 1236 com-

511 1263 597 1294 cesse
615 1258 840 1308 ‘'ilai-ynerite
856 1289 863 1302 ‚
884 1260 950 1309 qui
968 1259 1153 1296 n’avaienl
1162 1271 1234 1308 pas
1247 1259 1467 1295 scm'ccemene
1480 1257 1624 1296 observe'
1636 1258 1685 1295 les
1704 1258 1820 1309 reyles
1834 1257 2004 1295 relatives

510 1316 532 1351 d
557 1316 593 1352 Ia
615 1316 830 1354 ce'le'brale'on
857 1317 917 1354 cles
948 1317 1065 1367 office-3
1096 1317 1191 1354 dans
1221 1317 1270 1354 les
1295 1316 1453 1354 localile's
1477 1317 1651 1367 frappees
1679 1316 1880 1353 d'imerdit.

514 1511 715 1558 Universis7
735 1515 815 1557 etc¹7
834 1502 938 1562 p‘rior
955 1516 1023 1548 etc.
1047 1511 1230 1549 Noveritis
1251 1524 1318 1548 nos
1337 1511 1476 1547 litteras
1493 1510 1713 1560 apostolicas
1733 1522 1808 1547 non
1829 1508 2002 1555 abolitas,

464 1583 536 1606 nou
557 1571 791 1616 cancellatas,
804 1583 871 1607 nec
890 1570 927 1607 in
947 1570 1070 1620 aliqua
1090 1570 1146 1607 sui
1165 1574 1270 1620 parte
1288 1569 1434 1606 vitiatas
1452 1569 1589 1606 vidisse
1607 1573 1642 1605 et
1658 1567 1839 1618 recepisse
1857 1568 1895 1604 in
1914 1567 2005 1605 haec

462 1629 572 1665 verba
593 1644 600 1664 z
791 1635 795 1644 ‘
1952 1661 1967 1674 ,⁷

454 1701 459 1711 ¹
513 1686 712 1723 Nicholaus
739 1687 952 1737 episcopus7
983 1699 1111 1723 servus
1142 1698 1335 1722 servorum
1365 1685 1453 1731 Dei7
1480 1684 1616 1721 dilecto
1643 1685 1721 1722 filio
1751 1685 1867 1736 priori
1873 1714 2002 1722 ......

463 1746 618 1782 salutem
637 1750 673 1782 et
691 1746 930 1795 apostolicam
951 1744 1262 1781 benedictionem.
1284 1743 1516 1794 Significavit
1530 1743 1639 1781 nobis
1653 1743 1786 1780 dilecta
1805 1743 1843 1781 in
1857 1743 2004 1782 Christo

464 1803 538 1840 filia
574 1804 710 1840 nobilis
742 1803 876 1839 mulier
907 1803 1108 1852 Margareta
1142 1802 1328 1840 comitissa
1332 1830 1440 1839 .....
1439 1799 1447 1805 ”
1458 1831 1465 1838 .
1493 1801 1613 1852 quod,
1644 1815 1730 1838 cum
1748 1801 1820 1838 sibi
1846 1803 2004 1840 essetab

463 1862 675 1912 Apostolica
695 1862 788 1899 Sede
807 1875 1022 1899 concessum
1042 1866 1083 1898 ut
1108 1874 1193 1898 cum
1211 1862 1382 1911 generale
1400 1861 1639 1898 interdictum
1658 1865 1775 1897 terrae
1795 1861 1906 1908 soret,
1924 1860 2003 1912 ipsa

465 1921 650 1958 comitissa
674 1935 759 1958 cum
779 1926 853 1958 tota
872 1921 951 1970 ejus
977 1921 1118 1957 familia
1142 1921 1180 1957 in
1204 1921 1294 1958 locis
1321 1921 1528 1958 interdictis
1554 1933 1727 1971 persssuos
1752 1916 1924 1971 proprios
1942 1916 2019 1957 ca-x

466 1980 630 2030 pellanos
657 1985 780 2031 posset
806 1981 926 2018 facere
960 1981 1137 2019 celebrari
1171 1981 1315 2028 divina,
1348 1981 1534 2018 submissa
1559 1993 1667 2027 voce,
1697 1980 1824 2030 januis
1853 1980 2005 2026 clausis,

464 2041 795 2077 excommunicatis
813 2045 848 2076 et
862 2040 1068 2078 interdictis
1083 2041 1260 2087 exclusis,
1278 2041 1369 2078 dum
1386 2046 1510 2078 tamen
1525 2040 1604 2090 ipsa
1617 2039 1675 2076 vel
1689 2038 1826 2089 aliquis
1843 2039 1890 2076 de
1906 2038 2004 2076 dicta

465 2098 602 2134 familia
626 2112 774 2136 causam
799 2112 873 2136 non
901 2098 1090 2136 dedissent
1113 2099 1330 2148 hujusmodi
1355 2099 1558 2144 interdicti,
1586 2098 1628 2135 St
1631 2127 1761 2135 ......
1783 2097 1816 2134 Η
1820 2126 1950 2134 ......
1969 2101 2004 2135 et

463 2156 483 2193 J
490 2185 617 2193 ......
633 2157 839 2207 presbyteri
859 2158 1039 2208 capellani
1064 2157 1231 2207 ejusdem
1257 2158 1466 2195 comitissae
1489 2157 1530 2194 in
1550 2157 1691 2208 oppido
1716 2156 1762 2193 de
1781 2156 1909 2195 Duaco
1938 2169 2005 2205 per

464 2216 711 2253 venerabilem
731 2217 880 2253 fratrem
901 2221 1069 2254 nostrum
1084 2217 1380 2255 Attrebatenscm
1399 2217 1618 2268 episcopum
1647 2215 1894 2254 ecclesiastico
1913 2228 2004 2266 sup·-

462 2273 580 2323 posito
599 2275 794 2312 interdicto
812 2277 859 2313 ad
876 2277 979 2326 quod
996 2277 1094 2314 dicta
1113 2277 1299 2319 comitissa
1322 2277 1379 2314 vel
1405 2276 1541 2327 aliquis
1568 2276 1614 2313 de
1633 2276 1732 2314 dicta
1750 2275 1892 2312 familia
1909 2287 2001 2312 cau-

464 2346 540 2369 sam
568 2346 641 2370 non
664 2334 864 2381 dederunt,
890 2335 927 2371 iu
951 2335 1075 2385 vigilia
1097 2336 1200 2372 Beati
1223 2335 1397 2386 Dyonisii
1421 2348 1593 2385 vesperas
1613 2339 1649 2373 et
1673 2333 1874 2384 completas
1902 2332 2001 2369 acin

465 2392 525 2428 die
553 2393 719 2442 sequenti
751 2394 860 2430 horas
887 2394 1040 2431 diurnas
1066 2408 1186 2445 usque
1207 2395 1251 2432 ad
1284 2408 1440 2441 nonam„
1472 2407 1596 2432 coram
1625 2394 1703 2444 ipsa
1731 2391 1936 2437 comitissa,
1963 2391 2000 2428 in
