2184 3074
719 271 881 310 CODEx
911 271 1153 310 DUNENSlS.
1640 272 1710 309 *237

170 392 300 438 armis,
338 391 518 429 falcione'
551 403 614 428 seu
654 390 779 440 gladio
813 393 994 434 extracto,
1026 388 1287 434 irreverenter,
1317 388 1446 426 dolose
1470 393 1507 426 et
1533 388 1710 425 insidiose

169 450 326 495 irruere,
346 461 554 499 manusque
580 452 751 486 cruentas
769 453 806 485 et
831 447 1012 485 violentas
1041 447 1079 484 in
1107 446 1231 497 ipsum
1257 446 1411 496 injicere
1440 447 1613 484 atrociter
1632 460 1706 484 non

168 507 335 558 expavit,
353 511 390 544 et
406 506 525 558 plagis
543 505 834 557 quampluribus
852 506 891 543 in
910 505 1030 556 capite
1046 510 1082 542 et
1098 505 1187 542 alibi
1205 505 1238 542 ei
1257 504 1458 556 impositis,
1477 505 1571 557 proli
1589 506 1708 547 dolor,

169 564 249 615 ipso
266 565 446 603 semivivo
469 565 616 611 relicto,
642 564 691 602 ita
708 564 812 614 quod
835 563 882 601 de
900 564 980 614 ejus
997 563 1070 601 vita
1097 563 1168 600 fuit
1187 563 1364 600 nimirum
1383 577 1451 614 per
1466 564 1707 615 quamplures

169 623 248 663 dies
277 623 532 675 desperatum,
565 623 714 660 tandem
746 623 840 660 mala
869 622 975 660 malis
1001 627 1038 660 et
1059 622 1241 660 deteriora
1265 622 1434 673 pessimis
1451 623 1707 667 accumulans,

171 682 207 720 in
230 682 462 733 profundum
482 682 665 720 malorum
685 682 904 728 deveniens,
926 681 1125 731 dyabolico
1146 681 1270 718 furore
1288 694 1480 728 accensus,
1511 682 1547 718 in
1573 695 1708 732 quom-

170 740 255 777 dam
279 740 395 778 alium
422 740 649 778 monachum
677 740 766 778 dicti
793 739 1007 778 monasterii
1039 739 1299 790 presbyterum
1328 741 1534 790 professum
1553 753 1596 777 ac
1612 741 1707 788 (cel-

171 797 345 836 lerarium
360 801 413 847 ¹),
432 799 653 850 prudentem
679 803 716 836 et
740 798 910 849 quietum
933 798 1056 835 virum
1083 811 1168 834 cum
1197 798 1308 835 armis
1341 798 1490 842 insiliit,
1509 798 1708 849 ipsumque

169 855 261 893 adeo
278 856 484 894 enormiter
501 856 712 894 vulneravit
737 856 840 906 quod
865 869 910 893 ex
932 855 1189 893 vulneratione
1213 855 1428 905 hujusmodi
1455 856 1553 893 idem
1579 869 1709 894 niorto-

171 913 260 952 chus
275 917 286 934 ³
305 914 545 965 postmodum
565 915 605 952 in
622 914 727 952 brevi
747 914 846 951 diem
867 914 999 951 clausit
1019 918 1226 951 extremum
1246 929 1253 950 ε
1273 927 1369 965 quae
1391 914 1590 965 praemissa
1615 916 1706 952 sacta

172 973 322 1010 suerunt
335 978 371 1010 et
387 977 476 1010 sunt
493 973 531 1010 in
550 972 699 1020 dyocesi
718 971 942 1010 'fornacensi
954 975 965 992 ⁴
983 971 1076 1009 adeo
1095 972 1238 1009 notorie
1252 986 1318 1023 per
1334 973 1475 1010 dietum
1490 974 1682 1024 Huyonem
1697 978 1707 994 ⁸

170 1031 272 1082 quod
291 1031 394 1069 nulla
412 1036 570 1082 possunt
587 1031 887 1082 tergiversatione
904 1031 1033 1077 celari,
1051 1031 1097 1068 ad
1122 1031 1229 1080 cujus
1246 1031 1355 1069 etiam
1383 1037 1526 1069 reatum
1549 1032 1708 1083 flagitio-

171 1103 253 1127 sum
280 1094 354 1127 tam
380 1090 602 1141 subterfugii
634 1089 893 1153 promptitudo
920 1102 1033 1140 quam
1058 1090 1234 1127 latitantis
1266 1090 1476 1140 malignitas
1505 1091 1593 1128 satis
1624 1104 1707 1141 per-

170 1147 298 1198 spicax
327 1149 537 1186 accumulat
553 1140 831 1199 argumentum,
851 1161 963 1199 super
980 1148 1119 1199 quibus
1136 1148 1247 1185 etiam
1267 1149 1388 1186 dictus
1408 1150 1455 1186 H.
1458 1153 1469 1169 ⁸
1488 1162 1567 1187 esse
1585 1150 1708 1187 dinos-

170 1207 267 1245 citur
294 1207 502 1258 plurimum
532 1207 755 1246 diffamatus.
779 1207 877 1245 Hinc
900 1212 954 1246 est
979 1207 1082 1258 quod
1106 1220 1174 1245 nos
1195 1207 1424 1244 attendentes
1445 1207 1547 1258 quod
1567 1214 1707 1258 quanto

171 1265 303 1303 delicta
322 1271 410 1303 sunt
425 1266 610 1317 graviora,
627 1270 728 1303 tanto
746 1266 831 1317 plus
846 1266 963 1315 judex
982 1265 1194 1303 ordinarius
1207 1279 1285 1302 esse
1297 1265 1408 1302 debet
1424 1271 1584 1303 attentus
1602 1267 1647 1303 ad
1667 1280 1706 1304 ea

172 1323 400 1370 ulciscenda,
419 1324 583 1361 volentes
601 1324 770 1362 debitum
785 1324 897 1362 officii
919 1324 1027 1362 nobis
1043 1324 1250 1375 specialiter
1265 1325 1302 1361 in
1319 1324 1388 1361 hac
1400 1330 1503 1374 parte
1520 1325 1706 1362 connnissi

172 1382 313 1434 absque
330 1382 554 1433 negligentia
572 1381 706 1433 exequi
725 1387 838 1433 prout
855 1383 976 1430 decet,
1004 1383 1110 1420 vobis
1128 1383 1306 1420 omnibus
1323 1388 1359 1420 et
1376 1383 1548 1434 singulis,
1573 1383 1610 1420 in
1629 1384 1706 1420 vir-

174 1445 250 1478 tute
265 1445 412 1478 sanctae
429 1440 662 1478 obedientiae
679 1454 722 1478 ac
739 1441 810 1478 sub
828 1454 947 1492 poena
965 1441 1220 1492 suspensionis
1244 1448 1279 1478 et
1295 1441 1707 1487 excommunicationis,

173 1499 328 1537 firmiter
358 1503 394 1536 et
422 1499 587 1536 districte
617 1499 880 1550 praecipiendo
907 1500 1128 1537 mandamus
1157 1505 1340 1551 quatenus
1367 1500 1596 1550 praedictum
1624 1501 1709 1538 Hu-

172 1571 301 1609 yonem
319 1561 343 1604 ⁷,
363 1558 541 1604 fautores,
570 1557 808 1595 auxiliatores
840 1558 984 1596 consilii
1010 1559 1065 1595 vel
1089 1571 1258 1596 assensus
1281 1559 1514 1609 praestitores
1539 1559 1575 1595 in
1601 1572 1707 1608 prae-

173 1615 294 1653 missis
314 1619 350 1652 et
372 1615 635 1666 participantes
658 1616 696 1653 in
721 1617 878 1654 crimine
901 1617 1122 1663 criminoso,
1148 1618 1488 1654 excommunicatos
1507 1631 1527 1654 a
1546 1630 1707 1663 canone,

173 1673 329 1724 singulis
354 1673 506 1719 diebus,
530 1675 652 1725 palam
677 1680 713 1712 et
736 1675 887 1726 publice
914 1675 1092 1713 nuntietis
1115 1680 1152 1712 et
1182 1675 1381 1713 inhibeatis
1411 1675 1587 1712 omnibus
1617 1676 1709 1712 sub·

173 1731 260 1769 ditis
290 1730 420 1769 vestris
450 1736 486 1768 et
512 1732 736 1771 nominatim
763 1733 837 1770 illis
863 1733 910 1770 ‹le
935 1733 1075 1784 quibus
1105 1747 1125 1770 a
1153 1734 1268 1770 latore
1286 1734 1535 1784 praesentium
1565 1734 1708 1771 fueritis

174 1789 359 1840 requisiti,
387 1802 433 1827 ne
454 1790 540 1840 quis
569 1804 698 1828 eorum
733 1791 804 1828 sub
831 1805 949 1842 poena
978 1792 1372 1830 excommunicationis
1396 1793 1448 1830 eis
1476 1794 1529 1830 sic
1558 1807 1709 1830 excom-

175 1847 372 1884 municatis
392 1848 589 1895 nuntiatis,
609 1849 647 1886 in
665 1849 766 1895 cibo,
783 1855 876 1900 potu
889 1879 898 1895 ,
917 1851 1126 1901 colloquio,
1150 1851 1389 1897 commercio,
1407 1851 1556 1901 alioque
1576 1851 1709 1887 huma-

177 1905 302 1943 nitatis
334 1906 482 1952 solatio,
511 1907 670 1944 scienter
699 1908 975 1946 communicare
1006 1914 1236 1959 praesumat,
1256 1909 1413 1946 durante
1438 1909 1534 1945 dicta
1560 1923 1710 1945 excom-

177 1963 428 2001 municatione
444 1964 482 2001 in
504 1966 672 2012 eosdem,
690 1971 725 2003 et
746 1966 900 2016 insuper
922 1967 951 2004 si
972 1967 1092 2004 dictus
1112 1968 1150 2004 H
1168 1971 1179 1987 ⁸
1197 1967 1253 2004 vel
1280 1967 1416 2017 aliquis
1441 1981 1485 2003 ex
1514 1967 1709 2017 praedictis

216 2112 222 2124 ¹
245 2111 350 2146 Falcio,
367 2114 571 2148 lancem-speeies
582 2118 617 2142 ad
630 2117 733 2142 modum
743 2118 821 2150 sulcis
836 2126 918 2143 recrw-
969 2118 1001 2143 de
1019 2126 1047 2143 cc
1068 2118 1222 2147 document,
1244 2117 1409 2143 l'indication
1427 2117 1464 2142 du
1482 2115 1585 2142 diocese
1607 2116 1639 2141 dc
1663 2115 1711 2141 Te-

178 2165 232 2182 ww·
244 2157 380 2192 Ducangc-
969 2171 1089 2189 rouunne
1101 2162 1115 2188 a
1127 2163 1192 2188 ccllc
1203 2163 1238 2188 du
1250 2162 1354 2188 diocese
1365 2163 1398 2188 de
1410 2163 1546 2195 Tournay.

217 2203 225 2217 ²
247 2203 282 2229 Le
296 2207 351 2230 mot
368 2206 530 2231 ccum-arium
548 2215 563 2233 a
583 2206 624 2233 6Ιὸ
642 2208 738 2240 οίῐιιοό,
761 2210 827 2235 nmis
845 2219 918 2237 assez
1008 2211 1017 2223 ⁵
1039 2211 1114 2236 Lisez
1125 2218 1132 2236 ε
1144 2211 1255 2243 fratrem
1271 2218 1428 2235 conversum.

180 2248 393 2283 negligemment.
1009 2258 1018 2268 ‘²
1041 2257 1136 2282 Lis-cz:
1155 2256 1196 2282 W.

216 2295 226 2308 ⁸
249 2294 516 2323 Lisez:c‹=1!ernr='us.
1010 2302 1017 2316 ¹
1041 2302 1134 2328 Lisez:
1153 2301 1320 2328 willelmum.

219 2341 227 2356 ⁸
248 2340 322 2367 Cette
336 2341 397 2373 sois.
419 2342 443 2368 le
459 2347 611 2370 correcteui·
631 2352 646 2370 a
663 2344 754 2371 oublie
771 2347 804 2372 de
822 2347 921 2372 substi-
1010 2348 1019 2363 ⁸
1042 2348 1135 2374 Liscz:
1155 2348 1192 2375 W.

184 2391 256 2420 tuer,
279 2395 380 2414 comme
398 2389 415 2414 il
431 2389 463 2415 l'a
478 2389 526 2415 snit
539 2390 604 2417 dans
624 2391 661 2416 les
677 2391 821 2425 premieres
838 2393 923 2427 lignes
