2184 3074
698 347 860 385 conax
885 347 1132 387 nUNaNsis
1616 353 1687 390 2503

155 478 199 503 ac
214 465 312 503 hona
334 469 370 502 et
395 477 591 515 personam
617 469 780 502 nostram
807 464 915 502 etiam
933 478 1203 515 exponeremus
1222 480 1291 518 pro
1311 481 1465 507 suorum
1491 483 1686 509 conserva-

156 523 256 561 tione
268 523 432 573 jurium,
449 522 604 573 ejusque
631 523 911 561 necessitatibus
938 523 1195 571 sublevandis,
1215 525 1252 563 in
1279 532 1461 578 quantum
1480 529 1685 568 secundum

155 581 276 619 Deum
301 585 426 619 noster
449 585 486 619 et
509 580 626 631 ipsius
650 580 771 618 honor
794 581 978 619 Ecclesiae
1000 587 1224 633 paterentur.
1249 584 1385 623 Vestris
1409 586 1534 638 itaque
1557 588 1594 626 in
1617 588 1685 627 hac

156 644 259 690 parte
271 639 606 691 supplicationibus
620 644 838 686 annuentes,
849 641 1097 690 praesentium
1113 643 1329 681 auctoritate
1338 645 1577 684 concedimus
1593 651 1645 691 ut,
1653 647 1683 684 si

154 711 260 736 casus
273 697 484 739 communis
495 703 531 736 et
544 698 696 736 evidens
710 699 907 737 necessitas
922 700 1151 747 immineant,
1168 706 1209 739 ut
1222 702 1431 753 scripsistis,
1446 717 1489 741 ac
1503 705 1601 742 idem
1619 719 1681 743 rex

155 760 318 795 nostram
339 761 377 794 et
397 756 556 794 aliorum
575 756 843 806 praelatorum,
859 758 1096 796 ecclesiarum
1114 763 1150 796 et
1170 773 1411 809 personarum
1431 766 1543 813 atque
1561 763 1682 801 bono—

153 827 238 853 rum
255 814 587 853 ecclesiasticorum
613 815 710 852 sicut
730 820 767 852 et
783 819 1009 853 caeterarum
1028 830 1289 867 personarum,
1308 818 1474 857 locorum
1499 826 1536 858 et
1562 820 1682 859 bono-

153 884 236 911 rum
250 872 339 911 dicti
354 873 456 924 regni
471 873 545 919 sui,
559 873 718 911 voluerit
730 874 982 911 defensionem
999 888 1185 912 assumere
1202 889 1244 913 ac
1253 883 1414 914 assumat
1433 884 1469 915 et
1485 879 1681 917 efficaciter

153 936 412 983 consequatur,
420 936 456 969 et
472 931 511 969 id
528 931 704 983 expedire
722 931 886 969 videritis
897 961 906 978 ,
918 932 1025 970 liceat
1037 933 1143 970 vobis
1157 938 1193 970 et
1206 934 1343 971 eisdem
1358 936 1544 986 praelatis,
1562 938 1679 976 eccle-

153 989 218 1028 siis
234 989 447 1041 etpersonis
465 989 720 1027 ecclesiasticis
738 989 879 1040 absque
898 995 998 1027 metu
1016 990 1291 1029 constitutionis
1311 997 1458 1030 nostrae
1472 994 1679 1044 praedictae

152 1047 222 1098 ipsi
239 1047 316 1098 regi
333 1061 403 1098 pro
417 1046 632 1097 hujusmodi
646 1051 788 1084 vestrae
801 1060 844 1084 ac
858 1047 1024 1098 ipsorum
1040 1048 1135 1098 regis
1154 1054 1190 1085 et
1206 1049 1307 1099 regni
1324 1050 1542 1088 intrinsecae
1557 1052 1679 1090 defen-

151 1105 267 1144 sionis
283 1105 452 1144 subsidio
469 1105 752 1143 subventionem
781 1118 1002 1156 congruam,
1022 1111 1134 1157 prout
1156 1106 1260 1144 vobis
1287 1113 1322 1144 et
1337 1108 1487 1146 caeteris
1505 1111 1677 1160 praelatis

152 1164 255 1216 regni
274 1164 426 1215 praefati
445 1177 510 1202 seu
523 1163 654 1214 majori
671 1163 764 1214 parti
783 1167 948 1201 vestrum
966 1168 1002 1201 et
1019 1164 1184 1215 ipsorum
1204 1165 1391 1203 videbitur
1409 1167 1673 1214 voluntariam,

151 1222 340 1260 liberalem
362 1227 398 1260 et
417 1222 591 1269 liberam,
605 1235 681 1259 non
699 1226 880 1269 coactam,
897 1222 1038 1273 absque
1051 1223 1153 1260 omni
1174 1224 1415 1262 concussione
1433 1230 1469 1262 et
1485 1227 1676 1264 exactione

153 1281 344 1332 temporali
362 1281 419 1319 vel
438 1281 570 1332 laycali
588 1281 807 1332 exigendam
826 1281 896 1318 hac
921 1281 1002 1318 vice
1027 1282 1208 1332 praesenti
1242 1287 1364 1319 nostra
1395 1283 1495 1320 fretis
1528 1284 1674 1322 licentia

152 1339 353 1390 impertiri,
371 1353 528 1390 eamque
540 1339 710 1377 similiter
727 1339 803 1390 regi
822 1339 928 1376 liceat
940 1340 1104 1390 recipere
1121 1345 1333 1377 memorato.
1352 1340 1532 1378 Volumus
1553 1348 1674 1380 autem

151 1397 254 1449 quod
280 1398 310 1436 si
336 1398 621 1436 subventionem
639 1397 855 1447 hujusmodi
875 1398 1051 1448 praestari
1074 1399 1279 1450 contingat,
1299 1399 1455 1436 formam
1474 1404 1510 1436 et
1524 1401 1675 1437 modum

152 1460 188 1493 et
202 1456 425 1507 quantitates
437 1456 548 1494 etiam
563 1468 605 1493 ac
617 1455 800 1506 quicquid
816 1469 928 1506 super
941 1456 1013 1493 hoc
1026 1457 1163 1494 sactum
1180 1457 1319 1503 existit,
1334 1457 1442 1494 nobis
1456 1470 1522 1507 per
1539 1463 1676 1496 vestras

153 1513 290 1552 litteras
303 1513 478 1553 seriosius
496 1514 668 1551 intimare
681 1513 832 1560 curetis,
846 1519 888 1551 ut
902 1527 978 1565 quo
994 1514 1117 1562 modo,
1135 1515 1290 1552 discrete
1306 1515 1363 1552 vel
1382 1514 1591 1561 indiscrete,
1607 1529 1680 1553 mo-

153 1573 276 1611 derate
285 1573 342 1610 vel
361 1572 602 1610 immoderate
619 1572 819 1624 praemissa
833 1573 1078 1624 processerint
1092 1578 1127 1610 et
1140 1574 1169 1611 si
1184 1573 1470 1624 acceptationem
1485 1573 1541 1610 vel
1558 1574 1679 1610 mode-

153 1633 332 1672 rationem
350 1633 713 1684 exegerint,·clarius
732 1633 934 1671 videamus.
954 1633 1055 1671 Scire
1072 1647 1224 1685 quoque
1249 1646 1314 1671 vos
1339 1634 1511 1670 volumus
1535 1638 1678 1669 nostrae

151 1693 367 1731 intentionis
384 1692 539 1730 existere
556 1692 659 1743 quod
677 1692 757 1730 sine
776 1692 903 1729 iterata
922 1692 1068 1729 licentia
1089 1692 1303 1742 hujusmodi
1323 1692 1520 1729 subventio
1539 1703 1676 1727 annua-

151 1751 223 1789 lem
240 1750 440 1788 terminum
455 1747 530 1789 non
546 1750 710 1788 excedat.

200 1810 336 1848 Datum
363 1810 502 1848 Romae
523 1809 623 1860 apud
646 1808 823 1846 Sanctum
844 1808 1009 1854 Petrum,
1032 1823 1054 1844 ιι
1081 1807 1254 1845 kalendas
1281 1807 1421 1854 martii,
1441 1807 1676 1858 pontificatus

153 1868 267 1906 metri
286 1880 384 1906 anno
402 1867 521 1905 tertio.

867 1942 979 1953 ψ,

829 2076 1007 2115 CCCLIV.

218 2196 323 2236 Bulla
340 2196 384 2234 de
401 2195 559 2235 Clemem
577 2196 616 2234 V
629 2195 794 2234 adresse'e
811 2206 888 2231 aux
910 2190 1109 2241 Templiers
1125 2190 1176 2226 du
1195 2201 1370 2238 royaecme
1387 2187 1430 2224 de
1449 2186 1604 2236 Chypre.

201 2398 390 2444 Clemens,
411 2402 490 2444 etc.,
514 2397 561 2434 ad
591 2395 849 2434 certitudinem
877 2391 1127 2444 praesentium
1146 2395 1181 2426 et
1207 2387 1422 2426 memoriam
1447 2387 1670 2423 futurorum.

155 2456 306 2494 Facicns
328 2455 619 2494 misericordiam
639 2468 724 2492 cum
740 2465 845 2491 servo
867 2464 935 2489 suo
955 2450 1020 2488 Dei
1038 2449 1137 2487 filius
1157 2447 1330 2485 dominus
1354 2445 1488 2484 Jhaeus
1509 2443 1676 2482 Christus
