2184 3074
453 252 525 290 556
1002 249 1098 286 COD
1104 249 1165 286 EX
1195 250 1290 287 DUN
1296 250 1356 287 EN
1359 250 1437 289 SlS.

455 370 586 407 ultima
612 366 844 417 exequenda,
869 370 905 402 et
930 364 1022 401 aliae
1039 364 1074 401 M
1100 364 1217 401 librae
1241 365 1287 401 ad
1318 366 1545 415 praedictam
1567 368 1736 406 ultimam
1763 372 1991 411 voluntatem

456 428 610 465 minime
628 425 900 477 pertinentibus
917 424 1121 461 reddantur
1134 423 1335 462 heredibus
1352 427 1588 475 praenotatis.

1172 540 1267 547 ,φῆν

1174 673 1278 710 CCX.

457 793 564 830 Bulle
585 792 629 829 de
651 791 799 829 Nieolas
825 792 883 828 IV
905 796 1027 828 contre
1055 791 1212 827 ccv-caius
1247 791 1385 828 moines
1415 803 1462 828 ou
1488 792 1609 842 freres
1635 806 1783 831 convers
1808 795 1998 844 coupables

1102 848 1146 885 de
1172 847 1355 886 rebellion.

508 1037 709 1075 Nicholaus
728 1035 925 1085 episcopus
935 1063 943 1079 .,
962 1046 1091 1070 servus
1106 1046 1302 1070 servorum
1316 1034 1402 1081 Dei,
1417 1035 1561 1072 dilectis
1575 1036 1662 1074 filiis
1675 1037 1801 1074 abbati
1815 1038 1998 1086 Cistercii,

459 1098 613 1148 ejusque
631 1093 894 1139 coabbatibus,
914 1092 1148 1129 monasteriis
1166 1092 1418 1131 cisterciensis
1437 1093 1595 1141 ordinis,
1613 1108 1819 1148 eorumque
1836 1109 2000 1135 conven-

459 1158 559 1195 tibus
577 1153 760 1192 universis
779 1152 935 1190 salutem
955 1155 991 1188 et
1009 1151 1250 1202 apostolicam
1269 1152 1579 1190 benedictionem.

509 1213 714 1264 Religionis
741 1215 883 1248 vestrae
910 1214 1074 1247 meretur
1093 1210 1267 1247 honestas
1289 1215 1331 1247 ut
1351 1215 1493 1261 quanto
1517 1212 1720 1250 studiosius
1741 1213 1890 1251 divinae
1910 1227 2001 1252 con—

461 1272 692 1324 templationi
714 1271 870 1316 vacatis,
894 1273 995 1307 tanto
1022 1269 1137 1320 quieti
1166 1273 1308 1306 vestrae
1325 1270 1522 1320 providere
1550 1271 1750 1325 benignius
1775 1272 1998 1310 studeamus.

461 1333 599 1372 Vestris
623 1332 748 1382 itaque
774 1328 1112 1380 supplicationibus
1139 1328 1306 1365 inclinati
1338 1330 1555 1366 auctoritate
1574 1331 1825 1380 praesentium
1851 1331 2002 1370 inhibe—

463 1406 546 1430 mus
564 1396 606 1428 ut
629 1390 755 1427 nullus
782 1388 916 1426 audeat
934 1388 1138 1425 monachos
1157 1401 1354 1425 conversos
1373 1393 1409 1425 et
1426 1402 1602 1439 personas
1621 1389 1764 1427 ordinis
1781 1390 1892 1428 vestri
1911 1404 2001 1442 pro-

464 1452 576 1489 fessos
612 1449 788 1500 fugitivos
819 1461 884 1485 seu
909 1447 1063 1484 rebelles
1085 1446 1249 1497 recipere
1278 1447 1335 1484 vel
1365 1447 1473 1484 etiam
1498 1448 1670 1495 retinere,
1690 1448 1754 1486 sed
1769 1448 1876 1486 liceat
1895 1449 2002 1487 vobis

465 1511 563 1562 ipsos
592 1509 734 1558 absque
759 1505 917 1556 alicujus
941 1505 1184 1556 requisitione
1214 1505 1365 1556 propria
1398 1507 1615 1544 auctoritate
1649 1520 1795 1558 capere,
1827 1508 2002 1560 ipsosque

461 1570 587 1619 juxtra
603 1567 714 1604 vestri
735 1565 879 1603 ordinis
898 1564 1082 1615 corrigere
1101 1564 1286 1611 instituta,
1302 1564 1528 1615 requirendo
1545 1565 1592 1602 ad
1611 1569 1698 1612 hoc,
1717 1566 1747 1603 si
1763 1579 1857 1617 opus
1875 1567 2002 1615 suerit,

465 1627 646 1665 auxilium
664 1624 807 1662 brachii
825 1623 1047 1660 secularium
1067 1636 1326 1673 personarum,
1345 1636 1453 1674 quas,
1467 1623 1497 1660 si
1516 1623 1563 1660 ad
1580 1623 1651 1661 hoc
1670 1624 1764 1661 illud
1783 1625 1889 1663 vobis
1908 1626 2002 1664 sacto

466 1687 523 1723 vel
537 1685 652 1723 verbo
671 1683 922 1735 praestiterint
935 1682 1186 1728 moderatum,
1201 1683 1598 1720 excommunicationis
1611 1684 1814 1722 sententiae
1828 1685 2003 1723 nolumus

466 1746 667 1795 subjacere.
684 1743 782 1781 Nulli
802 1755 904 1793 ergo,
922 1747 989 1779 etc.

1181 1816 1291 1825 -0——

1174 1949 1294 2014 CCXI.

530 2070 696 2107 Plainles
711 2069 754 2106 de
773 2067 884 2105 l’abbe'
900 2068 944 2104 de
966 2067 1114 2105 Tho-san
1131 2072 1254 2104 contre
1275 2066 1447 2117 quelques
1464 2069 1600 2105 moines
1618 2073 1650 2105 et
1665 2068 1786 2118 freres
1804 2082 1952 2108 convers

1016 2125 1206 2175 coupables
1225 2125 1269 2162 de
1286 2124 1469 2163 rebellion.

519 2314 573 2350 Ex
596 2318 699 2364 parte
721 2314 979 2364 religiosorum
998 2314 1165 2350 virorum
1185 2313 1330 2350 abbatis
1348 2317 1384 2349 et
1400 2316 1604 2349 conventus
1622 2311 1668 2348 de
1685 2311 1848 2358 Thosan,
1867 2311 2003 2349 Cister-

471 2374 603 2411 ciensis
629 2374 791 2419 ordinis,
817 2377 962 2411 nostrae
985 2373 1171 2423 dyocesis,
1196 2373 1305 2410 nobis
1332 2377 1386 2410 est
1409 2372 1569 2422 graviter
1592 2371 1855 2422 conquerendo
1877 2385 2004 2410 mons-
