2184 3074
439 265 512 302 266
991 261 1154 299 CODEX
1180 260 1428 300 DUNENSlS.

439 384 536 425 tum,
567 384 690 416 amoto
719 378 854 415 exinde
878 378 1049 429 quolibet
1075 377 1284 424 detentore,
1311 377 1484 414 facientes
1510 390 1595 414 eum
1622 378 1889 422 nichilominus
1919 379 1974 416 vel

438 438 579 475 dietum
596 442 875 488 procuratorem
894 449 1002 473 suum
1018 449 1086 486 pro
1101 449 1144 473 eo
1158 435 1204 472 ad
1218 435 1512 487 praeposituram
1527 435 1695 473 eamdem
1709 438 1975 488 praepositum,

439 502 553 548 prout
569 495 692 534 'moris
718 500 789 542 est,
812 496 926 546 recipi
945 501 981 533 et
1005 495 1169 542 admitti,
1192 494 1341 546 sibique
1362 495 1408 532 de
1433 494 1550 545 ipsius
1576 496 1852 547 praepositurae
1875 497 1977 534 sruc-

439 557 558 602 tibus,
577 555 806 601 redditibus,
824 555 1069 606 proventibus
1081 584 1090 600 ,
1104 554 1255 604 juribus
1273 559 1308 591 et
1325 553 1616 592 obventionibus
1635 555 1818 593 universis
1836 556 1977 605 integre

438 614 670 664 responderi,
697 626 773 650 non
791 613 1027 650 obstantibus
1055 612 1233 650 omnihus
1253 612 1494 663 supradictis,
1519 617 1584 649 aut
1601 613 1630 650 si
1652 613 1790 650 eisdem
1811 613 1975 664 capitulo

437 674 494 709 vel
522 672 711 723 aliquibus
729 672 811 708 aliis
831 671 878 708 ab
903 671 1039 722 eadem
1055 671 1150 708 Sede
1173 671 1362 709 indultum
1385 671 1534 717 existat,
1558 671 1659 722 quod
1679 671 1871 715 interdici,
1891 685 1975 710 sus-

439 731 551 781 pendi
574 731 630 767 vel
650 729 966 766 excommunicari
986 742 1060 766 non
1080 729 1224 779 possint
1247 743 1314 780 per
1333 729 1471 766 litteras
1489 742 1584 779 quae
1606 729 1653 766 de
1678 729 1823 767 indulto
1843 729 1976 780 hujus—

438 789 539 826 modi
562 789 710 839 plenam
730 793 765 825 et
783 801 994 839 expressam
1015 801 1089 825 non
1110 788 1264 825 fecerint
1277 787 1516 825 mentionem.

1163 900 1278 912 ὴν,-

1138 1025 1294 1063 CLXXl.

605 1132 660 1169 Un
673 1132 810 1181 prieur
827 1131 977 1169 necorde
997 1131 1027 1168 le
1044 1144 1190 1169 secours
1208 1132 1270 1169 des
1287 1133 1433 1182 priores
1451 1132 1494 1169 de
1511 1145 1576 1169 son
1595 1135 1807 1171 monastero.

485 1307 612 1343 Frater
644 1307 726 1344 talis
757 1307 860 1358 prior
888 1308 1026 1345 talibus
1055 1309 1210 1346 salutem
1242 1315 1277 1346 et
1302 1309 1511 1359 disciplinis
1539 1310 1770 1360 regularibus
1799 1311 1909 1361 dirigi
1940 1316 1976 1348 et

438 1378 588 1402 serv-ari.

483 1423 578 1470 Quia
593 1423 782 1474 religionis
796 1424 892 1461 acies
907 1424 1014 1473 cujus
1029 1425 1103 1461 vita
1117 1429 1172 1462 est
1189 1438 1273 1462 vere
1291 1425 1422 1462 militia
1437 1439 1550 1476 super
1568 1431 1714 1472 terram,
1730 1432 1830 1464 tanto
1845 1433 1972 1465 contra

436 1494 474 1518 se
500 1481 690 1531 cognoscit
713 1483 876 1533 apertius
901 1482 1044 1519 inimici
1072 1482 1235 1520 hominis
1259 1483 1448 1520 saevitiam
1475 1484 1671 1534 rugientis,
1693 1489 1835 1535 quanto
1861 1485 1909 1522 ab
1934 1499 1975 1522 ea

437 1539 630 1576 discedens
658 1553 733 1576 non
762 1541 946 1578 consentit
972 1540 1112 1592 eidem,
1141 1542 1215 1579 imo
1241 1542 1386 1592 quaerit
1414 1547 1542 1579 eontra
1565 1542 1816 1580 infestationes
1842 1543 1976 1594 liujus-

438 1599 540 1635 modi
559 1599 732 1650 suffragia
752 1606 955 1651 oportuna,
975 1606 1129 1651 propter
1146 1602 1248 1652 quod
1267 1602 1500 1640 orationibus
1525 1603 1680 1640 fratrum
1699 1603 1813 1640 nostri
1833 1602 1976 1641 ordinis

438 1671 599 1708 quorum
619 1659 789 1698 affectum
808 1659 1006 1696 dilectione
1031 1666 1150 1697 vestra
1177 1666 1211 1698 et
1236 1661 1507 1712 multiplicibus
1531 1661 1722 1701 benefieiis
1741 1662 1884 1700 collatis
1903 1658 1976 1699 cis-

441 1716 525 1752 dem
544 1716 651 1753 vobis
669 1717 892 1754 vendieastis
914 1718 1060 1768 plenius
1080 1719 1373 1755 recommendari
1398 1719 1567 1756 devotius
1589 1720 1804 1770 postulastis
1827 1725 1862 1757 et
1887 1733 1975 1757 suo-

440 1790 525 1812 rum
542 1777 727 1813 bonorum
749 1777 1033 1828 participatione
1052 1779 1232 1828 gaudere,
1261 1779 1412 1829 imoque
1431 1778 1563 1816 devote
1581 1779 1810 1818 universitati
1835 1785 1976 1818 vestrae

438 1835 476 1871 in
505 1835 642 1881 missis,
671 1837 921 1883 orationibus,
952 1837 1312 1888 praedicationibus,
1349 1839 1500 1889 vigiliis,
1524 1839 1693 1889 jejuniis,
1723 1840 1976 1885 abstinentiis,

437 1893 647 1940 laboribus,
673 1895 900 1946 eaeterisque
919 1897 1047 1944 bonis,
1066 1911 1162 1948 quae
1183 1912 1250 1948 per
1267 1898 1396 1936 fratres
1418 1903 1563 1936 nostros
1579 1899 1761 1936 Dominus
1781 1913 1847 1949 per
1863 1913 1976 1936 mun-

440 1952 529 1988 dum
545 1952 624 1988 fieri
644 1952 788 1989 dederit
805 1954 1039 2001 universum,
1059 1956 1381 2006 participationem
1401 1957 1565 1994 concedo
1582 1962 1709 1994 tenore
1727 1957 1976 2008 praesentium

436 2011 643 2060 specialem.
663 2011 755 2048 Volo
770 2011 923 2063 insuper
937 2019 978 2050 ut
995 2019 1079 2064 post
1096 2015 1287 2052 decessum
1306 2021 1468 2053 vestrum
1484 2016 1628 2053 animae
1643 2021 1784 2053 vestrae
1802 2016 1976 2067 precibus

440 2070 594 2106 fratrum
615 2070 726 2108 totius
745 2071 889 2109 ordinis
906 2073 1022 2110 nostri
1041 2075 1390 2112 rccommendentur
1407 2075 1445 2111 in
1465 2080 1591 2112 nostro
1616 2075 1779 2125 capitulo
1800 2075 1977 2126 generali,

444 2128 473 2164 si
492 2128 602 2164 vestri
622 2129 746 2167 obitus
766 2130 905 2168 ibidem
926 2132 1065 2169 fuerint
1083 2133 1258 2178 nuntiati,
1276 2139 1311 2170 et
1329 2134 1574 2184 injungantur
1591 2147 1659 2185 pro
1677 2134 1766 2185 ipsis
1791 2134 1923 2171 missae
1943 2138 1979 2170 et

441 2188 626 2225 orationes
643 2189 737 2225 sieut
755 2204 824 2240 pro
843 2191 1019 2234 fratribus
1038 2193 1172 2230 nostris
1191 2193 1376 2230 defunctis
1394 2193 1474 2230 ficri
1489 2193 1692 2230 consuevit.
1709 2193 1752 2230 Et
1765 2193 1852 2243 quia
1868 2192 1979 2228 frater

442 2246 590 2294 adjutus
609 2260 628 2283 a
648 2248 758 2284 fratre
777 2248 814 2284 in
834 2262 901 2285 suo
927 2251 1119 2300 proposito
1141 2252 1320 2301 proficere
1343 2251 1509 2288 noscitur
1532 2256 1567 2288 et
1588 2251 1747 2295 firmari7
1773 2255 1977 2287 vestrarum

442 2305 653 2341 orationum
679 2307 981 2344 communionem
1010 2309 1199 2346 caritativa
1226 2309 1481 2346 vicissitudine
1508 2309 1616 2346 nobis
1634 2315 1670 2346 et
1693 2309 1828 2346 nostris
1854 2308 1978 2344 fratri-

435 2363 510 2400 bus
531 2363 681 2412 rependi
703 2364 893 2402 humiliter
912 2368 1059 2416 postulo
1078 2373 1113 2405 et
1131 2369 1296 2418 requiro.
1317 2375 1384 2405 ete.
