2184 3074
728 331 890 371 oonssx
915 329 1163 369 DUNENSIS.
1639 326 1704 364 494

844 494 1044 544 ,cccxw

230 617 351 655 Mn
367 615 519 654 relative
535 615 559 653 ἀ
578 614 617 653 lo
634 615 862 665 resignation
881 626 957 664 par
975 625 1028 651 un
1052 612 1171 662 doyen
1187 610 1328 649 aooable
1343 610 1388 648 de
1406 609 1581 648 vieillesse
1599 608 1661 645 des

639 673 822 723 fonctions
839 673 904 723 qui
922 671 978 710 lui
988 675 1070 709 sont
1081 668 1242 719 confides.

226 867 444 907 Reverendo
461 869 558 919 patri
575 881 644 906 suo
659 897 668 906 .
683 897 691 905 .
707 897 714 905 .
732 897 740 905 .
758 868 912 906 domino
929 868 976 913 J.,
995 868 1114 918 legato
1132 866 1308 904 Franciae
1325 870 1361 901 et
1376 864 1532 902 Sanctae
1554 858 1711 898 Ceciliae

178 926 385 978 presbitero
401 926 594 974 cardinali,
611 927 724 965 frater
735 926 835 973 talis,
848 926 964 964 abbas
977 926 1060 964 talis
1079 923 1309 970 monasterii,
1324 922 1407 960 talis
1426 919 1588 965 ordinis,
1608 917 1710 956 salu-

180 989 253 1024 tem
272 998 359 1024 cum
375 985 479 1023 omni
498 985 703 1023 reverentia
721 989 759 1022 et
776 984 930 1022 honore.
1050 1032 1052 1035 y

228 1043 322 1081 Cum
341 1043 515 1095 magister
517 1071 669 1080 ......
688 1043 851 1081 decanus
874 1042 957 1080 talis
978 1042 1167 1089 ecelesiae,
1194 1041 1275 1079 talis
1302 1038 1490 1091 dyocesis,
1517 1036 1574 1073 vir
1598 1045 1712 1085 gran·

178 1101 334 1148 daevus,
352 1101 494 1153 proprii
513 1102 680 1153 corporis
706 1102 984 1140 inbecillitatem
1010 1101 1265 1147 considerans,
1283 1104 1320 1137 et
1335 1099 1365 1137 si
1391 1096 1605 1136 conditione
1623 1104 1712 1144 pro-

178 1161 260 1212 pria
284 1165 457 1213 vergente
478 1161 653 1198 deorsum
673 1161 796 1198 fervor
814 1161 967 1212 spiritus
989 1160 1027 1198 in
1050 1160 1131 1211 ipso
1152 1159 1198 1197 ad
1223 1157 1442 1196 sublimiora
1472 1150 1712 1195 conscendat,

179 1219 226 1256 de
251 1220 421 1271 prosectu
448 1223 571 1257 tamen
601 1219 777 1257 ecclesiae
802 1233 890 1257 suae
907 1219 1088 1257 sollicitus
1113 1231 1158 1256 ne
1175 1217 1340 1255 officium
1358 1215 1430 1254 sibi
1454 1212 1712 1259 commissum,

179 1282 292 1329 prout
320 1277 512 1328 expediret
536 1277 609 1314 sibi
634 1282 670 1315 et
699 1277 875 1324 subditis,
902 1281 1117 1328 exequatur,
1145 1281 1182 1313 et
1210 1275 1343 1313 timens
1375 1287 1422 1310 ne
1447 1274 1571 1310 forsan
1602 1284 1714 1322 super

180 1337 398 1375 electionem
428 1336 559 1374 decani
583 1336 698 1374 futuri
716 1340 840 1387 posset
857 1336 946 1373 oriri
970 1335 1122 1373 materia
1140 1333 1384 1386 quaestionis,
1403 1331 1712 1383 perpendensque

180 1395 283 1447 quod
301 1395 444 1433 dictum
459 1395 625 1433 officium
644 1408 711 1446 per
728 1395 875 1432 nullum
893 1395 985 1433 adeo
1005 1395 1143 1432 utiliter
1160 1393 1293 1444 exequi
1312 1392 1429 1443 possit
1446 1396 1488 1428 ut
1507 1404 1574 1442 per
1590 1390 1712 1426 virum

180 1454 393 1493 dominum.
411 1483 419 1492 .
437 1483 444 1492 .
461 1483 469 1491 .
489 1454 713 1492 canonicum
733 1454 779 1492 de
795 1454 858 1491 tali
879 1454 960 1492 loco
978 1454 1132 1491 latorem
1150 1451 1418 1504 praesentium,
1436 1454 1585 1501 paratus
1603 1452 1712 1494 esset,

179 1512 386 1551 dummodo
411 1513 459 1550 ad
490 1512 562 1550 hoc
592 1518 733 1551 vestrae
760 1513 855 1551 bene
880 1513 1059 1564 placitum
1086 1512 1276 1550 accederet
1299 1510 1515 1555 voluntatis,
1546 1509 1592 1545 ad
1618 1521 1712 1559 opus

179 1570 346 1622 ejusdem
367 1570 511 1608 domini
517 1599 626 1608 .....
644 1571 683 1608 in
707 1584 840 1609 manus
859 1571 1093 1609 paternitatis
1112 1571 1261 1609 Vestrae
1275 1570 1417 1607 dictum
1435 1568 1600 1606 officium
1620 1566 1712 1604 resi·

179 1642 303 1680 gnare.
326 1629 449 1678 Quare
474 1629 641 1668 Vestram
667 1629 930 1667 Paternitatem
957 1630 1195 1667 reverendam
1215 1628 1406 1666 humiliter
1426 1626 1652 1678 requirimus
1677 1631 1713 1662 et

180 1701 353 1739 rogamus
382 1687 560 1739 quatinus
591 1688 688 1725 bona
715 1688 905 1726 voluntate
936 1688 1102 1738 ejusdem
1129 1687 1258 1725 decani
1283 1700 1326 1724 ac
1351 1685 1509 1724 utilitate
1538 1685 1712 1723 ecclesiae

180 1746 361 1798 pensatis,
384 1759 496 1797 super
514 1746 726 1797 praemissis
745 1759 967 1784 consensum
988 1751 1150 1783 vestrum
1169 1745 1341 1782 benivole
1354 1744 1546 1789 adhibere,
1566 1748 1602 1780 et
1619 1756 1713 1794 quae

179 1805 277 1844 eirca
307 1805 594 1856 resignationem
624 1811 660 1842 et
684 1805 987 1856 subrogationem
1017 1819 1081 1842 seu
1112 1804 1388 1842 concessionem
1422 1802 1708 1853 praemissorum

180 1865 320 1916 agenda
346 1864 500 1910 suerint,
520 1864 726 1915 dignemini
751 1864 1041 1901 misericorditer
1062 1863 1275 1914 adimplere.
1299 1863 1354 1899 De
1372 1861 1594 1898 discretione
1611 1861 1710 1897 enim

180 1923 346 1973 ejusdem
360 1922 536 1960 domini..
553 1952 560 1960 .
578 1953 585 1960 .
604 1953 650 1970 ..,
668 1923 887 1969 litteratura,
908 1923 1090 1974 probitate
1105 1936 1146 1959 ac
1161 1921 1370 1959 maturitate
1384 1933 1528 1957 morum
1545 1919 1710 1969 ejusdem

180 1981 287 2019 &obis
304 1981 492 2019 laudabile
514 1981 768 2019 testimonium
787 1980 1042 2032 perhibemus,
1062 1986 1097 2018 et
1115 1980 1217 2030 quod
1243 1979 1364 2030 ipsum
1389 1978 1543 2028 dignum
1562 1983 1598 2014 et
1615 1978 1712 2027 ydo-

181 2040 353 2086 neum,in
365 2044 550 2092 quantum
565 2036 728 2078 lfumana
742 2040 922 2090 fragilitas
936 2040 1138 2091 patitur,ad
1153 2039 1294 2076 dictum
1304 2037 1468 2075 officium
1484 2041 1709 2087 reputamus.

180 2097 307 2136 Valeat
322 2096 361 2135 in
380 2097 528 2136 Christo
548 2098 674 2137 Vestra
693 2098 898 2137 Paternitas
915 2113 983 2150 per
1001 2103 1165 2149 tempora
1186 2097 1362 2147 longiora.
