2184 3074
737 279 899 319 CODEX
924 281 1171 320 DUNENSlS.
1651 283 1717 322 561

192 396 299 435 nobis
313 397 446 448 elapsis
462 397 571 435 dictis
588 397 804 449 quindecim
819 398 952 436 diebus
971 399 1051 437 sine
1068 400 1315 452 exspectando
1331 401 1404 438 alio
1417 401 1591 438 mandato
1603 400 1722 451 palam

190 459 226 493 et
242 455 393 507 publice
415 456 641 497 denuntietis
663 458 766 508 quod
792 458 822 495 si
841 457 960 495 dictae
982 472 1161 510 personae
1177 460 1443 498 ecclesiasticae
1460 465 1496 497 et
1515 461 1724 511 provisores

190 514 306 553 dictas
323 515 577 566 suspensionis
594 520 631 553 et
645 516 1042 555 excommunicationis
1058 518 1256 555 sententias
1282 519 1320 555 in
1339 532 1377 556 se
1394 519 1519 556 animo
1536 518 1725 555 sustinue-

190 574 267 612 rint
289 574 479 620 indurato,
498 574 596 625 ipsas
618 587 793 626 personas
813 588 907 626 quas
938 575 1087 613 exnunc
1112 581 1153 614 ut
1178 582 1315 614 extunc
1339 577 1723 623 excommunicamus,

191 645 319 671 earum
337 633 508 671 ecclesias
525 637 561 670 et
581 633 618 670 in
637 633 776 685 quibus
793 634 882 672 dicti
902 635 1110 685 provisores
1127 636 1292 674 existunt
1310 638 1518 688 provisores
1541 636 1726 674 ecclesias-

192 690 266 728 tico
283 691 532 742 supponimus
549 691 676 729 eadem
690 692 908 730 auctoritate
921 693 1117 731 interdicto
1131 695 1469 732 excommunicatas
1480 725 1488 740 ‚
1503 699 1538 732 et
1555 694 1725 732 ecclesias

192 749 403 801 suppositas
421 750 619 788 interdicto
638 751 759 801 palam
779 756 816 788 et
832 752 983 802 publice
1005 753 1200 800 nuntietis,
1225 753 1437 791 intimantes
1458 753 1596 791 eisdem
1622 753 1724 804 quod

193 808 265 846 nisi
284 808 392 846 nobis
418 809 609 860 paruerint
627 809 665 847 in
693 809 762 847 hac
779 816 882 861 parte
899 811 944 848 ad
966 812 1203 857 solvendum,
1222 825 1289 863 per
1306 812 1443 863 regiam
1460 816 1675 863 potestatem
1690 816 1726 849 et

193 867 388 905 brachium
407 868 570 905 seculare
596 869 867 919 compellentur
877 869 984 918 juxta
1003 870 1187 920 regiarum
1206 875 1242 907 et
1259 870 1405 908 comitis
1420 870 1616 908 Flandriae
1634 871 1727 908 litte-

194 939 319 964 rarum
338 939 451 977 super
464 926 535 964 hoc
553 927 803 964 confectarum
824 928 1091 966 continentiam
1111 934 1147 966 ct
1165 934 1339 966 tenorem.
1356 930 1401 966 Et
1421 929 1513 980 quid
1536 929 1623 966 inde
1640 930 1729 966 sece-

194 984 292 1031 ritis‚
311 989 390 1031 etc„
409 985 459 1023 ita
477 985 579 1036 quod
596 986 634 1023 in
652 985 725 1023 hiis
743 987 986 1038 exequendis,
1005 992 1072 1025 etc.

921 1109 1014 1122 -0—

853 1250 1076 1288 ccxxxvl.

266 1367 323 1404 La
339 1372 505 1404 comtesse
524 1368 748 1418 Marquerite
765 1367 809 1404 de
825 1367 992 1405 Flandre
1008 1346 1171 1405 ordomze
1188 1368 1250 1405 des
1265 1370 1408 1418 prieres
1429 1368 1451 1404 ἀ
1470 1367 1658 1406 l'occasion

638 1425 682 1463 de
698 1426 931 1463 l’avdnement
948 1426 992 1464 de
1009 1427 1186 1477 Grdyoire
1203 1427 1245 1464 Χ
1263 1430 1285 1463 ·.

249 1629 443 1680 Religiosis
460 1629 549 1667 viris
572 1630 643 1667 sibi
663 1631 701 1667 in
720 1630 866 1668 Christo
887 1631 1089 1668 karissimis
1107 1631 1290 1669 universis
1308 1632 1523 1678 abbatibus,
1542 1631 1729 1682 prioribus

202 1692 238 1725 ct
253 1700 382 1724 eorum
403 1688 648 1725 conventibus
666 1693 782 1725 terrae
795 1702 882 1726 suae
899 1702 941 1726 ac
955 1689 1131 1726 omnibus
1149 1689 1230 1726 aliis
1244 1690 1290 1726 ad
1306 1703 1399 1740 quos
1418 1694 1627 1741 praesentes
1646 1702 1731 1739 per—

202 1746 370 1783 venerint
387 1747 606 1796 Mmgarcta,
625 1747 653 1784 F
655 1747 820 1784 landriae
833 1761 876 1784 ac
893 1747 1112 1797 Haynoniae
1125 1748 1327 1793 comitissa,
1343 1748 1499 1785 salutem
1514 1753 1549 1784 et
1567 1748 1730 1784 sincerae

201 1804 411 1842 dilectionis
429 1805 614 1843 affectum.

250 1864 352 1902 Licet
385 1865 589 1902 secundum
625 1869 862 1915 praeceptum
902 1865 1133 1902 dominicum
1171 1865 1330 1916 quilibet
1364 1865 1588 1902 christianus
1627 1865 1727 1901 omni

199 1923 395 1961 devotione
424 1938 497 1975 qua
527 1923 701 1960 convenit
726 1923 957 1969 sanctissimo
989 1925 1082 1974 patri
1115 1929 1241 1962 nostro
1271 1929 1308 1961 et
1337 1924 1490 1961 domino
1517 1924 1573 1969 G„
1602 1923 1727 1961 divina

201 1982 451 2032 providentia,
479 1982 738 2019 Sacrosanctae
758 1983 944 2019 Romanae
969 1988 1004 2019 et
1025 1983 1247 2020 Universalis
1266 1983 1450 2020 Ecclesiae
1467 1996 1614 2019 summo
1633 1995 1729 2032 pon-

203 2039 290 2076 tifici
321 2039 473 2076 obedire
502 2044 670 2076 teneatur
687 2044 722 2076 ct
753 2039 902 2085 debeat,
922 2045 1046 2091 utpote
1073 2046 1260 2091 tamquam
1294 2041 1346 2077 illi
1372 2040 1438 2091 qui
1458 2040 1573 2078 Jhesu
1593 2040 1728 2077 Christi

201 2097 380 2147 generalis
399 2097 558 2135 vicarius
571 2102 626 2135 est
639 2097 677 2134 in
693 2098 814 2137 terris,
830 2111 896 2134 nos
912 2102 1012 2134 tanto
1027 2099 1252 2149 peramplius
1267 2098 1298 2134 ei
1317 2098 1495 2135 debemus
1509 2103 1543 2134 ct
1558 2098 1729 2135 volumus

201 2156 430 2206 complacere
446 2161 586 2207 quanto
605 2169 670 2193 sua
688 2155 918 2193 sanctissima
942 2157 1087 2193 bonitas
1115 2156 1151 2193 in
1180 2156 1314 2193 nostris
1331 2162 1366 2193 et
1386 2161 1596 2193 nostrorum
1617 2169 1730 2206 nego-

202 2213 261 2251 tiis
274 2214 469 2264 specialius
486 2214 612 2265 gratiis
626 2219 661 2251 et
678 2215 790 2264 gratis
808 2214 997 2252 favoribus
1014 2228 1080 2252 nos
1097 2215 1269 2264 respexit.
1290 2214 1404 2264 lgitur
1426 2228 1510 2251 cum
1531 2214 1609 2264 ipse
1627 2219 1731 2264 pater

239 2342 246 2356 “
269 2341 396 2376 Gregoirc
411 2342 435 2368 X
449 2342 489 2368 sut
505 2342 630 2369 consuere
649 2350 716 2377 pape
736 2343 760 2368 le
779 2342 813 2368 -27
830 2350 902 2368 mnrs
917 2341 997 2368 ¹27².
1013 2343 1100 2368 Avnnt
1113 2351 1160 2368 son
1176 2341 1332 2368 avenement
1347 2350 1380 2368 uu
1399 2342 1474 2367 (rone
1489 2340 1623 2376 pontifical
1636 2341 1654 2366 il
1666 2340 1729 2366 e'tait

201 2387 366 2415 archidiacrc
379 2389 412 2415 dc
427 2388 514 2424 Liegc.

1536 2435 1583 2470 46
