2184 3074
431 289 479 327 88
985 288 1147 326 CODEX
1172 288 1273 327 DUN
1276 289 1337 326 EN
1340 289 1418 327 SIS.

432 407 519 444 inde
538 407 730 448 confectis,
753 405 948 456 quodlibet
973 418 1040 456 par
1065 405 1110 442 de
1134 418 1185 442 xx
1215 405 1320 443 libris
1346 405 1648 452 Turonensibus,
1671 407 1818 457 plenius
1845 406 1967 444 conti-

433 469 552 501 netur.
580 464 796 501 auctoritate
821 463 985 513 ipsarum
1012 463 1217 500 litterarum
1246 476 1314 514 pro
1342 463 1460 514 ipsius
1484 463 1628 500 domini
1655 463 1800 502 abbatis
1820 469 1856 502 et
1876 465 1965 503 dicti

433 523 645 570 monasterii
669 522 826 573 negotiis
848 535 890 559 ac
913 522 1127 560 necessariis
1147 522 1372 559 utilitatibus
1391 523 1490 573 apud
1509 522 1676 559 eamdem
1696 523 1828 561 Sedem
1847 524 1968 575 Apos-

433 583 580 620 tolicam
600 580 863 632 promovendis
881 585 917 617 et
934 580 1191 631 expediendis,
1213 582 1402 618 confessus
1422 585 1476 618 est
1495 585 1531 618 et
1549 581 1764 632 recognovit
1781 595 1819 620 se
1836 587 1967 621 mutuo

433 640 614 690 recepisse
637 643 672 676 et
697 639 871 676 habuisse
889 652 909 675 a
929 638 1125 676 Francisco
1144 638 1256 676 Guidi
1284 643 1319 676 et
1343 639 1484 677 Jacobo
1509 639 1803 687 Aldobrandini,
1823 641 1968 679 civibus

433 703 468 736 et
493 697 760 735 mercatoribus
792 696 1012 742 sennensis,
1039 697 1298 735 mutuantibus
1326 701 1361 734 et
1386 697 1617 736 solventibus
1643 703 1717 736 tam
1744 713 1812 750 pro
1838 700 1968 751 seipsis

432 770 545 807 quam
565 769 632 806 pro
650 756 911 792 Bonaventura
929 755 1168 802 Bernardini,
1183 755 1294 792 Facio
1311 755 1465 802 Juncto,
1485 756 1642 807 aliisque
1659 770 1788 795 eorum
1807 759 1917 797 sociis
1934 763 1970 797 et

432 814 649 852 concivibus
667 814 763 860 suis,
782 818 930 850 centum
953 814 1066 851 libras
1085 814 1278 852 bonorum·
1290 818 1325 851 et
1342 815 1654 866 computabilium
1672 817 1947 856 Turonensium
1959 849 1967 865 ,

431 874 477 910 de
495 873 633 923 quibus
652 872 773 910 dictus
792 878 1012 923 procurator
1029 874 1287 924 procuratorio
1306 875 1458 912 nomine
1475 888 1514 912 se
1531 875 1626 912 bene
1644 876 1792 927 quitum
1806 881 1842 914 et
1855 891 1969 929 paga-

432 937 510 969 tum
533 931 692 977 vocavit,
717 932 926 982 exceptioni
951 945 1027 970 non
1052 937 1266 970 numeratae
1284 946 1327 970 ac
1344 946 1420 971 non
1439 934 1582 971 solutae
1599 934 1671 972 sibi
1689 936 1870 985 pecuniae
1887 949 1970 974 om-

433 991 523 1027 nino
542 990 802 1027 renuntiando.

480 1049 579 1096 Quas
611 1053 841 1098 praetaxatas
872 1061 1036 1085 summas
1069 1053 1216 1086 centum
1249 1049 1430 1088 librarum
1462 1051 1737 1089 Turonensium
1771 1054 1970 1104 praedictis

431 1106 727 1143 merchatoribus
746 1107 802 1143 vel
822 1106 887 1142 uni
915 1119 1045 1143 eorum
1069 1111 1133 1144 aut
1155 1107 1322 1158 ipsorum
1346 1110 1480 1146 nuntio
1497 1122 1670 1160 praesens
1689 1110 1884 1161 publicum
1910 1112 1970 1150 in-

430 1169 678 1202 strumentum
699 1165 876 1202 deserenti
896 1169 932 1202 et
949 1165 1157 1202 restituenti
1186 1179 1260 1203 una
1285 1180 1370 1203 cum
1397 1167 1595 1218 praedictis
1620 1169 1790 1220 quinque
1815 1170 1969 1220 paribus

430 1223 634 1259 litterarum
660 1223 706 1259 de
729 1227 860 1260 mutuo
887 1223 1142 1260 contrahendo
1161 1237 1346 1261 summam
1373 1225 1600 1276 praedictam
1626 1227 1904 1266 continentibus
1930 1228 1969 1266 in

429 1282 624 1319 festivitate
638 1282 839 1319 nativitatis
854 1283 950 1319 beati
964 1283 1147 1321 Johannis
1163 1284 1349 1335 Baptistae
1362 1285 1533 1335 proxime
1547 1286 1671 1327 futura
1686 1286 1850 1325 Parisius
1869 1288 1969 1339 apud

429 1340 599 1377 Sanctam
617 1339 842 1376 Genovefam
862 1354 928 1391 per
945 1341 1145 1391 legitimam
1165 1342 1442 1392 stipulationem
1462 1345 1634 1394 promisit
1651 1344 1772 1382 dictus
1786 1359 1969 1396 procura-

430 1403 487 1435 tor
505 1399 760 1448 procuratorio
784 1399 935 1435 nomine
953 1405 1199 1437 memoratum
1220 1400 1416 1438 dominum
1435 1401 1607 1438 abbatem
1626 1403 1735 1453 plene
1756 1404 1967 1442 soluturum

429 1461 464 1492 et
482 1457 727 1493 redditurum.
754 1457 863 1505 Quod
890 1458 919 1494 si
951 1458 988 1494 in
1015 1458 1123 1496 dictis
1152 1459 1233 1495 loco
1260 1463 1296 1496 et
1320 1460 1477 1497 termino
1498 1460 1683 1510 praedicta
1701 1461 1859 1512 pecunia
1879 1462 1967 1512 ipsis

390 1505 396 1510 ⁶
430 1515 743 1562 merchatoribus,
761 1520 803 1552 ut
815 1516 957 1553 dictum
973 1521 1043 1563 est,
1059 1531 1133 1554 non
1150 1518 1261 1555 fuerit
1276 1518 1416 1569 integre
1433 1519 1633 1569 persoluta,
1652 1525 1789 1557 extunc
1804 1521 1842 1557 in
1861 1525 1966 1558 antea

429 1574 667 1624 stipulatione
691 1574 879 1624 praedicta
906 1575 1077 1625 promisit
1101 1575 1153 1612 eis
1178 1576 1354 1613 dominus
1380 1581 1600 1627 procurator
1622 1578 1879 1628 procuratorio
1898 1592 1967 1616 no-

429 1632 529 1668 mine
542 1646 610 1683 pro
625 1633 875 1683 dampnorum
890 1647 1137 1684 expensarum
1153 1638 1188 1670 et
1202 1634 1376 1672 interesse
1392 1636 1734 1686 recompensatione
1747 1638 1967 1687 persolvere,

428 1704 495 1740 per
512 1691 678 1740 singulos
697 1691 790 1728 duos
810 1705 968 1735 menses,
988 1705 1056 1742 pro
1075 1692 1232 1743 singulis
1250 1693 1377 1730 decem
1397 1694 1503 1731 libris
1518 1695 1717 1745 praedictis
1731 1695 1863 1746 viginti
1878 1697 1967 1734 soli—

429 1749 495 1786 dos
514 1749 630 1799 ipsius
650 1754 837 1796 monetae,
857 1755 892 1787 et
909 1764 1089 1801 expensas
1108 1752 1220 1789 unius
1239 1752 1481 1791 merchatoris
1509 1767 1594 1791 cum
1622 1768 1698 1791 uno
1722 1768 1820 1806 equo
1838 1760 1874 1793 et
1890 1769 1966 1793 uno

428 1807 624 1852 serviente,
643 1808 861 1858 ubicunque
882 1809 1007 1854 fuerit,
1027 1822 1146 1860 usque
1164 1810 1210 1846 ad
1230 1811 1377 1861 plenam
1396 1812 1508 1849 totius
1527 1812 1646 1849 dictae
1663 1814 1844 1863 pecuniae
1864 1814 1967 1851 solu-

428 1867 578 1903 tionem.
602 1867 721 1915 Quam
746 1868 996 1917 supradictam
1023 1870 1404 1920 recompensationem
1429 1870 1698 1921 dampnorum,
1717 1885 1964 1923 expensarum

427 1930 462 1961 et
476 1925 651 1962 interesse
664 1925 859 1963 antedictis
874 1927 1142 1964 mercatoribus
1156 1928 1329 1978 promisit
1342 1928 1463 1966 dictus
1477 1934 1696 1979 procurator
1708 1931 1965 1980 procuratorio

428 1984 580 2020 nomine
604 1983 641 2020 in
657 1988 798 2020 ‘sortem
817 1984 905 2021 dicti
925 1985 1041 2021 debiti
1062 1985 1274 2023 nullatenus
1297 1991 1513 2037 computare
1530 2000 1573 2024 ac
1594 2000 1668 2024 non
1695 1987 1860 2026 detinere
1886 2002 1965 2026 me-

428 2048 612 2079 moratum
630 2042 798 2079 debitum
816 2047 944 2080 contra
965 2044 1131 2094 ipsorum
1151 2049 1396 2082 mercatorum
1416 2046 1664 2092 voluntatem,
1683 2046 1754 2083 sub
1771 2052 1964 2097 praetextu

429 2102 780 2152 recompensationis
796 2102 1022 2152 praedictae,
1037 2103 1134 2140 ultra
1150 2104 1350 2141 terminum
1370 2105 1627 2155 praelibatum.
1647 2105 1719 2142 Pro
1732 2105 1871 2156 quibus
1889 2119 1965 2144 om-

429 2159 539 2195 nibus
558 2164 593 2195 et
611 2159 768 2210 singulis
787 2160 1010 2210 supradictis
1031 2161 1188 2198 firmiter
1213 2162 1455 2200 observandis
1477 2167 1512 2200 et
1529 2163 1694 2214 plenarie
1716 2164 1964 2215 adimplendis

427 2218 640 2254 nominatus
659 2223 879 2267 procurator
898 2221 1154 2270 procuratorio
1175 2222 1326 2258 nomine
1340 2222 1563 2271 jamdictum
1582 2222 1776 2260 dominum
1792 2223 1962 2261 abbatem

426 2282 461 2314 et
475 2291 701 2315 successores
717 2292 803 2316 suos
821 2280 1020 2330 praedictis
1040 2282 1307 2319 mercatoribus
1325 2282 1549 2334 principales
1569 2283 1761 2320 constituit
1778 2283 1963 2321 debitores

425 2341 462 2373 et
474 2341 665 2387 pagatores
680 2338 802 2387 ipsum
817 2339 1011 2376 dominum
1029 2341 1199 2378 abbatem
1215 2355 1257 2379 ac
1270 2342 1395 2379 omnia
1411 2342 1510 2379 bona
1524 2355 1590 2379 sua
1607 2342 1760 2380 mobilia
1775 2345 1810 2378 et
1824 2341 1960 2379 immo-

425 2396 531 2442 bilia,
558 2398 763 2446 praesentia
788 2402 823 2435 et
850 2399 971 2436 futura
1003 2401 1141 2438 eisdem
1173 2402 1439 2440 mercatoribus
1471 2406 1624 2453 propter
1654 2401 1725 2439 hoc
1751 2401 1962 2452 specialiter
