2184 3074
772 262 934 300 CODEX
963 260 1202 300 DUNENSlS.
1679 261 1751 297 549

892 437 1062 476 CCXXV.

287 559 542 610 Impossibicite‘
559 558 603 596 de
615 570 738 608 payer
755 557 804 594 les
820 556 1052 594 subventione}
1071 557 1093 593 ιί
1110 557 1238 594 raison
1257 556 1301 594 de
1323 557 1583 606 l'intercepeion
1603 557 1665 595 des

582 616 905 654 communicativum
916 627 993 664 par
1008 615 1100 652 suite
1118 615 1162 651 de
1179 614 1215 652 la
1233 627 1376 665 querre.

257 813 351 850 Cum
369 817 521 865 propter
536 825 664 863 graves
683 812 896 863 principum
921 811 1124 848 discordias
1145 823 1273 848 omnes
1299 811 1326 848 F
1330 810 1494 848 landriae
1518 811 1693 848 transitus
1711 816 1744 847 et

207 871 375 922 passagia
401 871 495 908 adeo
520 875 752 921 occupentur
782 874 818 907 et
847 869 1105 907 custodiantur
1133 868 1258 906 stricte
1279 868 1380 919 quod
1407 869 1494 906 inde
1517 869 1568 906 nil
1596 869 1743 920 penitus

207 929 406 967 transmitti
429 929 547 966 valeat
569 929 765 966 autetiam
792 927 994 979 exportari,
1022 933 1058 964 ct
1081 927 1129 964 ob
1156 927 1227 964 hoc
1258 927 1507 978 impediamur
1534 927 1743 978 impositam

207 986 316 1024 nobis
335 999 518 1025 summam
547 986 726 1037 pecuniae
753 999 820 1037 pro
841 986 1087 1023 subventione
1113 985 1256 1022 ordinis
1283 985 1353 1022 hoc
1378 986 1528 1023 instanti
1549 986 1743 1036 praefinito

206 1048 372 1096 tempore
388 1044 592 1091 destinare,
611 1044 865 1082 Reverendam
886 1044 1146 1081 paternitatem
1161 1043 1327 1082 Vestram
1343 1043 1535 1081 humiliter
1554 1045 1743 1095 supplica·

206 1114 288 1140 mus
306 1107 502 1154 quatenus,
521 1115 605 1140 cum
625 1116 701 1139 rem
721 1115 817 1154 quae
835 1103 943 1153 culpa
966 1107 1064 1140 caret
1082 1103 1119 1139 in
1141 1102 1347 1153 dampnum
1368 1103 1490 1140 vocari
1512 1115 1586 1139 non
1606 1116 1742 1140 conve-

206 1159 303 1207 niat,
328 1160 449 1197 taliter
474 1166 626 1211 propter
651 1161 771 1198 Deum
796 1161 994 1211 providere
1025 1160 1231 1211 dignemini
1264 1174 1309 1197 ne
1335 1160 1550 1210 hujusmodi
1583 1161 1743 1211 impedi-

206 1223 331 1256 mento
349 1218 519 1256 obstante
543 1223 695 1270 propter
718 1223 896 1256 statutum
924 1219 1105 1270 generalis
1129 1219 1280 1270 capituli
1310 1223 1436 1256 contra
1463 1232 1536 1256 non
1560 1219 1741 1257 solventes

204 1277 345 1314 editum
370 1277 608 1328 dispendium
628 1291 693 1314 scu
713 1291 871 1328 poenam
887 1278 1051 1329 aliquam
1071 1277 1322 1322 incurramus,
1347 1290 1488 1327 nosque
1511 1291 1623 1328 supcr
1641 1278 1741 1327 ejus-

204 1334 288 1372 dem
315 1335 496 1385 pecuniae
519 1335 695 1372 missione
721 1348 817 1386 quae
839 1335 937 1372 salva
968 1336 1014 1372 ad
1044 1336 1166 1372 locum
1197 1334 1422 1372 destinatum
1450 1335 1643 1385 pervenire
1665 1349 1738 1373 non

202 1398 342 1444 posset,
362 1393 538 1431 habentes
568 1393 728 1444 benigne
757 1398 792 1430 et
819 1394 1071 1431 favorabiliter
1092 1398 1304 1438 excusatos3
1332 1407 1416 1431 nam
1435 1395 1738 1445 quandocunque

201 1465 328 1490 secure
353 1453 432 1490 fieri
460 1453 611 1503 poterit,
633 1453 750 1504 parati
777 1453 915 1491 erimus
937 1454 1104 1490 eamdem
1123 1467 1234 1504 quam
1255 1454 1300 1490 ad
1321 1453 1390 1490 hoc
1409 1454 1656 1500 custodimus.⁴
1673 1454 1736 1491 ubi

197 1510 382 1560 jusseritis
401 1511 560 1558 solvere,
580 1516 643 1548 aut
660 1511 872 1562 cuicunque
891 1512 1082 1550 volueritis
1101 1512 1330 1562 consignare.

871 1768 1057 1807 CCXXVl.

250 1881 499 1920 adclamation
515 1897 564 1921 au
581 1886 678 1935 sajet
693 1885 744 1923 du
761 1891 954 1936 payement
971 1886 1015 1923 de
1033 1886 1068 1923 la
1086 1885 1297 1923 sabvention
1319 1899 1367 1923 αα
1391 1887 1448 1923 roe·
1465 1885 1510 1922 de
1527 1886 1682 1923 France.

246 2076 359 2124 Cum,
374 2077 470 2115 sicut
484 2079 753 2126 intelleximus,
769 2081 814 2117 ad
834 2094 928 2132 opus
947 2081 1090 2119 domini
1110 2081 1205 2131 regis
1225 2080 1402 2118 Franciae
1417 2081 1524 2118 nobis
1543 2081 1638 2118 sicut
1650 2081 1731 2118 aliis

196 2147 265 2184 per
284 2147 441 2186 regnum
464 2137 619 2187 grandia
640 2138 869 2176 decimarum
893 2153 1004 2177 onera
1023 2140 1216 2190 imponere
1236 2139 1451 2184 intendatis,
1471 2143 1507 2176 et
1525 2151 1591 2176 nos
1610 2139 1731 2175 invol-

196 2205 281 2229 vere
298 2205 382 2230 cum
406 2193 563 2240 eisdem,
582 2196 688 2246 quasi
716 2196 892 2234 hactenus
918 2197 1145 2235 stetissemus
1164 2198 1364 2238 immunes,
1388 2210 1454 2234 nec
1474 2196 1731 2234 habuissemus

193 2262 341 2288 necesse
358 2251 439 2288 aliis
455 2254 722 2304 temporalibus
739 2255 902 2293 dominis
921 2256 1140 2303 subvenire,
1163 2255 1375 2293 paternitati
1392 2255 1539 2293 Vestrae
1554 2255 1592 2291 in
1607 2255 1731 2291 omni-

193 2309 264 2347 bus
290 2311 513 2350 reverendae
539 2313 732 2352 humiliter
763 2315 979 2353 intimamus
1008 2316 1109 2367 quod
1133 2329 1152 2353 a
1173 2315 1380 2367 primordio
1404 2329 1620 2366 guerrarum
1642 2315 1730 2352 hac-

193 2372 300 2406 tenus
314 2369 550 2408 existentium
571 2385 644 2409 non
664 2373 784 2410 solum
801 2375 1017 2425 gravissima
1031 2375 1259 2412 decimarum
1275 2380 1311 2412 et
1324 2375 1479 2412 aliarum
1493 2374 1727 2412 exactionum
