2184 3074
738 267 898 306 coussx
927 266 1171 305 DUNENSlS.
1653 267 1725 303 505

189 401 264 425 sem
283 388 520 439 pervenimus
533 416 541 432 ,
560 391 595 423 et
614 386 651 422 in
670 399 710 422 ea
729 384 961 435 aliquamdiu
981 396 1122 421 moram
1148 383 1344 427 traximus,
1369 398 1387 419 a
1419 383 1522 421 vobis
1545 383 1724 420 ducentos

189 446 347 484 florenos
365 446 444 483 auri
464 459 532 497 pro
551 444 724 496 expensis
742 443 894 487 nostris,
909 447 1130 493 nostraeque
1151 442 1327 488 familiae,
1344 442 1549 479 secundum
1569 442 1723 479 sormam

189 505 459 555 praedictarum
479 504 702 550 litterarum,
719 502 945 553 recepimus,
960 506 1114 553 propter
1130 501 1233 552 quod
1253 501 1469 552 imponendi
1494 506 1530 538 et
1548 514 1725 552 persona-

189 562 459 612 literexigendi
478 562 668 599 collectam
685 561 870 598 dictorum
891 561 1118 598 florenorum
1143 573 1228 597 cum
1253 559 1452 597 moderatis
1476 559 1648 610 expensis
1676 559 1723 595 al»

187 619 350 667 ecclesiis
365 625 404 657 et
419 619 669 662 monasteriis,
689 631 833 656 necnon
852 632 870 655 a
894 617 1170 656 venerabilibus
1190 617 1367 654 fratribus
1385 617 1568 668 episcopis
1591 617 1724 654 suffra-

185 678 312 728 ganeis
331 677 461 715 vestris
488 684 523 714 et.
547 690 676 714 eorum
696 676 874 722 subditis,
892 676 1049 726 aliisque
1067 675 1235 726 personis
1253 675 1524 721 ecelesiasticis,
1544 675 1724 726 exemptis

185 741 222 774 et
251 749 326 774 non
358 736 559 787 exemptis,
588 740 735 772 tuarum
763 735 921 772 civitatis
946 740 981 772 et
1006 734 1176 784 dyocesis
1204 748 1245 771 ac
1271 734 1485 785 provinciae
1516 735 1723 771 secundum

187 796 378 833 facultates
401 795 639 833 ecclesiarum
665 800 702 831 ct
729 794 1036 832 monasteriorum
1063 794 1280 831 eorumdem
1308 792 1531 830 auctoritate
1551 793 1660 830 nobis
1686 793 1722 830 in

186 855 255 892 hac
268 850 372 905 parte
387 853 584 891 commissa
601 854 747 904 plenam
762 853 870 890 vobis
886 852 1126 889 concedimus
1141 852 1367 897 facultatem,
1383 855 1419 888 et
1436 851 1724 888 contradictores

186 917 223 949 et
238 911 411 957 rebelles,
429 912 459 949 si
478 911 640 962 legitime
658 924 724 959 per
743 924 807 948 vos
827 910 1032 948 monitione
1046 910 1245 961 praemissa
1269 910 1305 947 in
1325 910 1491 961 praetixo
1507 910 1559 947 eis
1578 923 1644 960 per
1659 923 1724 947 vos

189 970 348 1007 termino
372 969 418 1006 de
444 969 616 1021 portione
638 969 690 1006 eis
722 983 788 1020 per
813 982 878 1006 vos
900 968 1090 1019 imposita,
1109 974 1150 1005 ut
1168 974 1404 1011 consuetum,
1424 968 1631 1005 satisfacere
1650 981 1723 1004 non

187 1027 414 1073 curaverint,
433 1041 580 1065 exnunc
607 1032 718 1078 prout
741 1032 878 1064 extunc
901 1027 1020 1063 dictos
1043 1027 1235 1077 episcopos
1262 1026 1536 1077 suspensionis,
1562 1026 1724 1076 reliquos

187 1098 275 1123 vero
296 1085 334 1123 in
361 1085 432 1123 hiis
455 1086 602 1137 scriptis
621 1085 1018 1123 excommunicationis
1038 1085 1217 1122 sententia
1238 1084 1478 1127 innodamus,
1498 1089 1534 1121 ct
1551 1084 1722 1121 ecelesias

186 1157 315 1181 eorum
343 1144 589 1182 ecclesiastico
613 1145 860 1196 supponimus
886 1143 1103 1188 interdicto,
1121 1156 1280 1194 quarum
1306 1143 1573 1180 sententiarum
1597 1143 1723 1193 publi—

185 1201 382 1248 cationem,
398 1202 716 1239 denuntiationem
737 1207 772 1239 et
789 1202 1062 1239 absolutionem
1081 1215 1123 1238 ac
1143 1201 1328 1238 interdicti
1350 1201 1614 1238 relaxationem
1642 1214 1724 1237 auc-

186 1260 331 1298 toritate
352 1261 601 1311 praesentium
628 1261 735 1298 vobis
760 1260 937 1298 duximus
962 1260 1282 1297 committendum.
1310 1260 1445 1296 Datum
1472 1259 1635 1296 Parisius
1661 1260 1723 1295 di«-

187 1317 374 1355 dominica
394 1323 478 1369 post
496 1319 628 1356 festum
649 1318 922 1356 Purificationis
945 1319 1078 1356 Bcatae
1102 1317 1235 1354 Mariae
1255 1317 1434 1366 Virginis,
1454 1331 1552 1354 anno
1572 1317 1721 1354 Domini

189 1376 239 1414 Μο
257 1377 360 1414 CCC⁰
378 1377 512 1427 primo.

237 1434 310 1472 Nos
328 1448 416 1472 vero
439 1440 663 1472 memoratus
690 1435 880 1474 Remensis
899 1435 1201 1486 archiepiscopus
1219 1434 1337 1471 dictos
1360 1434 1539 1471 ducentos
1564 1435 1722 1472 florenos

188 1493 268 1531 auri
294 1506 379 1530 cum
407 1493 605 1531 moderatis
631 1493 727 1531 circa
754 1493 823 1531 hoc
849 1493 1020 1544 expensis
1047 1492 1260 1530 necessariis
1274 1492 1380 1541 juxta
1399 1493 1722 1543 peraequationem

189 1557 224 1590 et
246 1553 538 1590 moderationem
565 1553 843 1604 aequanimam,
870 1553 1100 1590 considerata
1131 1566 1150 1589 a
1178 1551 1285 1589 nobis
1316 1551 1583 1589 deliberatione
1612 1565 1724 1603 super

190 1611 260 1648 lioc
279 1611 405 1649 habita
423 1611 610 1662 diligenti,
631 1626 697 1662 per
714 1612 878 1663 singulas
898 1612 1063 1648 civitates
1082 1617 1118 1648 et
1139 1611 1342 1661 dyoelieses
1362 1615 1505 1648 nostras
1523 1615 1559 1647 et
1578 1617 1725 1648 nostrae

190 1669 403 1719 provinciae
429 1667 621 1708 Remensis
647 1671 837 1715 ecclesias,
865 1670 1085 1707 monasteria
1120 1670 1167 1706 ita
1197 1669 1401 1706 dividendo
1435 1669 1663 1719 imponimus
1690 1675 1725 1706 et

189 1727 450 1766 distribuimus
464 1729 710 1779 imponendo,
725 1730 871 1766 eosdem
887 1729 1059 1765 videlicet
1073 1729 1110 1765 in
1125 1728 1272 1765 civitate
1286 1733 1322 1764 et
1334 1727 1484 1777 dyocesi
1499 1727 1723 1764 Tornacensi

189 1787 320 1838 viginti
346 1787 393 1824 de
419 1801 564 1825 summa
591 1789 777 1839 praedicta
804 1794 840 1825 et
867 1801 982 1825 unum
1016 1802 1084 1839 pro
1116 1787 1287 1838 expensis
1318 1787 1444 1823 latoris
1475 1786 1722 1837 praesentium

190 1847 348 1884 florenos
371 1847 451 1884 auri
480 1848 615 1885 dilecto
642 1848 750 1886 nobis
778 1848 813 1885 in
842 1848 989 1885 Christo
1015 1847 1163 1885 officiali
1193 1846 1416 1884 'l'ornacensi
1444 1846 1572 1883 dantes
1600 1851 1725 1882 tenore

191 1905 441 1955 praesentium
461 1906 499 1943 in
518 1907 702 1944 mandatis
722 1912 764 1944 ut
781 1920 963 1944 summam
984 1906 1037 1944 sie
1057 1906 1092 1943 in
1113 1905 1260 1943 civitate
1277 1911 1313 1942 et
1330 1905 1478 1955 dyocesi
1501 1904 1723 1941 'fornacensi

192 1963 402 2013 impositam
422 1964 564 2002 dividat
578 1970 614 2002 et
627 1979 695 2016 per
707 1966 871 2016 singulas
887 1965 1076 2011 eeclesias,
1092 1964 1313 2002 monasteria
1327 1970 1362 2000 et
1377 1964 1455 2000 loca
1470 1963 1725 2000 ecclesiastica.

191 2027 360 2073 exempta
385 2028 420 2060 et
446 2037 520 2062 non
555 2030 745 2075 exempta,
771 2025 984 2062 earumdem
1012 2023 1170 2061 civitatis
1201 2029 1237 2060 et
1265 2023 1433 2072 (ljocesis
1463 2022 1706 2059 Tornacensis

191 2080 395 2118 secundum
429 2082 639 2120 facultatem
667 2083 924 2130 ecclesiarum,
957 2082 1265 2120 monasteriorum
1294 2087 1329 2118 et
1360 2082 1526 2117 locorum
1558 2079 1723 2130 ipsorum

192 2138 399 2188 portionem
427 2153 499 2190 pro
525 2146 603 2178 rata
629 2141 844 2190 hujusmodi
882 2141 1073 2192 impositas
1103 2146 1138 2177 et
1162 2140 1363 2190 assignatas
1388 2152 1452 2175 vos
1476 2138 1723 2175 venerabilem

192 2198 340 2235 fratrem
365 2198 636 2238 Tornacensem
669 2201 884 2252 episcopum
917 2205 953 2238 et
983 2205 1122 2237 vestros
1148 2198 1335 2243 subditos,
1359 2198 1524 2248 aliasque
1550 2209 1725 2247 personas

192 2256 454 2294 ecclesiasticas
473 2257 655 2295 dictarum
675 2259 832 2297 civitatis
852 2264 887 2296 ct
905 2259 1073 2309 dyocesis
1097 2263 1300 2296 vestrarum
1325 2257 1599 2307 contingerent,
1619 2255 1724 2292 vobis

192 2319 228 2351 et
254 2314 343 2365 ipsis
366 2316 526 2365 assignet
549 2330 591 2353 ac
613 2317 658 2353 ad
683 2317 897 2367 hujusmodi
923 2317 1113 2368 impositas
1137 2321 1172 2353 et
1193 2315 1393 2365 assignatas
1414 2315 1601 2365 portiones
1620 2313 1725 2350 vobis

193 2373 416 2410 'l'ornacensi
441 2374 614 2425 episcopo
633 2381 666 2412 et
685 2376 836 2412 caeteris
863 2375 1084 2426 supradietis
1104 2380 1307 2412 vestrarum
1331 2373 1488 2410 civitatis
1507 2378 1541 2410 et
1557 2372 1725 2422 dyocesis
