<?xml version="1.0" encoding="UTF-8"?>
<!DOCTYPE html PUBLIC "-//W3C//DTD XHTML 1.0 Transitional//EN"
    "http://www.w3.org/TR/xhtml1/DTD/xhtml1-transitional.dtd">
<html xmlns="http://www.w3.org/1999/xhtml" xml:lang="en" lang="en">
 <head>
  <title>
</title>
<meta http-equiv="Content-Type" content="text/html;charset=utf-8" />
  <meta name='ocr-system' content='tesseract 3.04.00' />
  <meta name='ocr-capabilities' content='ocr_page ocr_carea ocr_par ocr_line ocrx_word'/>
</head>
<body>
  <div class='ocr_page' id='page_1' title='image "./codexdunensissiv00kervuoft/codexdunensissiv00kervuoft_0435.png"; bbox 0 0 2184 3074; ppageno 0'>
   <div class='ocr_carea' id='block_1_1' title="bbox 728 321 1710 364">
    <p class='ocr_par' dir='ltr' id='par_1_1' title="bbox 728 321 1710 364">
     <span class='ocr_line' id='line_1_1' title="bbox 728 321 1710 364; baseline 0.004 -5"><span class='ocrx_word' id='word_1_1' title='bbox 728 321 888 360; x_wconf 71' lang='lat' dir='ltr'><strong>conssx</strong></span> <span class='ocrx_word' id='word_1_2' title='bbox 914 322 1159 362; x_wconf 85' lang='lat' dir='ltr'><strong>DUNENSlS.</strong></span> <span class='ocrx_word' id='word_1_3' title='bbox 1638 326 1710 364; x_wconf 76' lang='lat'><strong>593</strong></span> 
     </span>
    </p>
   </div>
   <div class='ocr_carea' id='block_1_2' title="bbox 859 487 1027 526">
    <p class='ocr_par' dir='ltr' id='par_1_2' title="bbox 859 487 1027 526">
     <span class='ocr_line' id='line_1_2' title="bbox 859 487 1027 526; baseline -0.006 -1"><span class='ocrx_word' id='word_1_4' title='bbox 859 487 1027 526; x_wconf 87' lang='lat' dir='ltr'>CCLXX.</span> 
     </span>
    </p>
   </div>
   <div class='ocr_carea' id='block_1_3' title="bbox 298 592 1564 653">
    <p class='ocr_par' dir='ltr' id='par_1_3' title="bbox 298 592 1564 653">
     <span class='ocr_line' id='line_1_3' title="bbox 298 592 1564 653; baseline 0.001 -15"><span class='ocrx_word' id='word_1_5' title='bbox 298 592 300 595; x_wconf 46' lang='grc'>’</span> <span class='ocrx_word' id='word_1_6' title='bbox 327 601 367 638; x_wconf 91' lang='lat' dir='ltr'><em>V</em></span> <span class='ocrx_word' id='word_1_7' title='bbox 364 607 442 639; x_wconf 79' lang='lat' dir='ltr'><strong>ente</strong></span> <span class='ocrx_word' id='word_1_8' title='bbox 458 601 502 639; x_wconf 71' lang='lat' dir='ltr'><strong>de</strong></span> <span class='ocrx_word' id='word_1_9' title='bbox 518 601 616 652; x_wconf 72' lang='lat' dir='ltr'><strong>neus</strong></span> <span class='ocrx_word' id='word_1_10' title='bbox 626 608 777 652; x_wconf 73' lang='lat' dir='ltr'><strong>arpenta</strong></span> <span class='ocrx_word' id='word_1_11' title='bbox 793 603 838 640; x_wconf 84' lang='lat' dir='ltr'><strong>de</strong></span> <span class='ocrx_word' id='word_1_12' title='bbox 854 609 950 641; x_wconf 79' lang='lat' dir='ltr'><strong>terre</strong></span> <span class='ocrx_word' id='word_1_13' title='bbox 966 604 1061 641; x_wconf 81' lang='lat' dir='ltr'><strong>dam</strong></span> <span class='ocrx_word' id='word_1_14' title='bbox 1079 604 1111 641; x_wconf 84' lang='lat' dir='ltr'><strong>le</strong></span> <span class='ocrx_word' id='word_1_15' title='bbox 1128 605 1255 642; x_wconf 64' lang='lat' dir='ltr'><strong>melier</strong></span> <span class='ocrx_word' id='word_1_16' title='bbox 1270 602 1564 653; x_wconf 75' lang='lat' dir='ltr'><strong>d&#39;Ardenbourq.</strong></span> 
     </span>
    </p>
   </div>
   <div class='ocr_carea' id='block_1_4' title="bbox 164 784 1704 2471">
    <p class='ocr_par' dir='ltr' id='par_1_4' title="bbox 164 784 1704 2471">
     <span class='ocr_line' id='line_1_4' title="bbox 226 784 1703 837; baseline 0.001 -15"><span class='ocrx_word' id='word_1_17' title='bbox 226 784 406 823; x_wconf 87' lang='lat' dir='ltr'><strong>Noverint</strong></span> <span class='ocrx_word' id='word_1_18' title='bbox 423 787 585 824; x_wconf 88' lang='lat' dir='ltr'><strong>universi</strong></span> <span class='ocrx_word' id='word_1_19' title='bbox 604 787 705 837; x_wconf 91' lang='lat' dir='ltr'><strong>quod</strong></span> <span class='ocrx_word' id='word_1_20' title='bbox 729 800 796 824; x_wconf 90' lang='lat' dir='ltr'><strong>nos</strong></span> <span class='ocrx_word' id='word_1_21' title='bbox 818 788 864 825; x_wconf 88' lang='lat' dir='ltr'><strong>de</strong></span> <span class='ocrx_word' id='word_1_22' title='bbox 884 789 1073 826; x_wconf 88' lang='lat' dir='ltr'><strong>communi</strong></span> <span class='ocrx_word' id='word_1_23' title='bbox 1096 802 1277 827; x_wconf 87' lang='lat' dir='ltr'><strong>consensu</strong></span> <span class='ocrx_word' id='word_1_24' title='bbox 1301 794 1337 827; x_wconf 92' lang='lat' dir='ltr'><strong>et</strong></span> <span class='ocrx_word' id='word_1_25' title='bbox 1359 802 1506 827; x_wconf 90' lang='lat' dir='ltr'><strong>assensu</strong></span> <span class='ocrx_word' id='word_1_26' title='bbox 1534 787 1703 824; x_wconf 93' lang='lat' dir='ltr'><strong>omnium</strong></span> 
     </span>
     <span class='ocr_line' id='line_1_5' title="bbox 179 845 1704 897; baseline 0.001 -17"><span class='ocrx_word' id='word_1_27' title='bbox 179 847 367 891; x_wconf 86' lang='lat' dir='ltr'><strong>nostrum,</strong></span> <span class='ocrx_word' id='word_1_28' title='bbox 381 845 598 882; x_wconf 84' lang='lat' dir='ltr'><strong>auctoritate</strong></span> <span class='ocrx_word' id='word_1_29' title='bbox 615 845 709 882; x_wconf 85' lang='lat' dir='ltr'><strong>etde</strong></span> <span class='ocrx_word' id='word_1_30' title='bbox 723 845 870 883; x_wconf 83' lang='lat' dir='ltr'><strong>licentia</strong></span> <span class='ocrx_word' id='word_1_31' title='bbox 885 847 1032 897; x_wconf 89' lang='lat' dir='ltr'><strong>speciali</strong></span> <span class='ocrx_word' id='word_1_32' title='bbox 1053 848 1252 897; x_wconf 87' lang='lat' dir='ltr'><strong>superioris</strong></span> <span class='ocrx_word' id='word_1_33' title='bbox 1272 847 1385 885; x_wconf 78' lang='lat' dir='ltr'>nostri</span> <span class='ocrx_word' id='word_1_34' title='bbox 1406 846 1574 884; x_wconf 85' lang='lat' dir='ltr'><strong>habentis</strong></span> <span class='ocrx_word' id='word_1_35' title='bbox 1593 858 1704 894; x_wconf 88' lang='lat' dir='ltr'><strong>super</strong></span> 
     </span>
     <span class='ocr_line' id='line_1_6' title="bbox 178 900 1702 955; baseline 0.001 -17"><span class='ocrx_word' id='word_1_36' title='bbox 178 900 249 938; x_wconf 86' lang='lat' dir='ltr'><strong>hoc</strong></span> <span class='ocrx_word' id='word_1_37' title='bbox 267 902 414 952; x_wconf 82' lang='lat' dir='ltr'><strong>plenam</strong></span> <span class='ocrx_word' id='word_1_38' title='bbox 433 907 666 954; x_wconf 84' lang='lat' dir='ltr'><strong>potestatem,</strong></span> <span class='ocrx_word' id='word_1_39' title='bbox 687 909 839 955; x_wconf 90' lang='lat' dir='ltr'><strong>propter</strong></span> <span class='ocrx_word' id='word_1_40' title='bbox 856 911 1046 955; x_wconf 80' lang='lat' dir='ltr'><strong>urgentem</strong></span> <span class='ocrx_word' id='word_1_41' title='bbox 1067 907 1316 944; x_wconf 86' lang='lat' dir='ltr'><strong>necessitatem</strong></span> <span class='ocrx_word' id='word_1_42' title='bbox 1338 910 1499 943; x_wconf 77' lang='lat' dir='ltr'><strong>nostram</strong></span> <span class='ocrx_word' id='word_1_43' title='bbox 1522 917 1618 955; x_wconf 83' lang='lat' dir='ltr'><strong>quae</strong></span> <span class='ocrx_word' id='word_1_44' title='bbox 1636 915 1702 940; x_wconf 83' lang='lat' dir='ltr'><strong>nos</strong></span> 
     </span>
     <span class='ocr_line' id='line_1_7' title="bbox 177 959 1703 1015; baseline 0.001 -19"><span class='ocrx_word' id='word_1_45' title='bbox 177 959 223 996; x_wconf 88' lang='lat' dir='ltr'><strong>ad</strong></span> <span class='ocrx_word' id='word_1_46' title='bbox 242 959 313 998; x_wconf 89' lang='lat' dir='ltr'><strong>hoc</strong></span> <span class='ocrx_word' id='word_1_47' title='bbox 330 961 522 1013; x_wconf 76' lang='lat' dir='ltr'><strong>compulit,</strong></span> <span class='ocrx_word' id='word_1_48' title='bbox 543 967 579 1000; x_wconf 83' lang='lat' dir='ltr'><strong>et</strong></span> <span class='ocrx_word' id='word_1_49' title='bbox 596 963 829 1013; x_wconf 89' lang='lat' dir='ltr'><strong>probabilem</strong></span> <span class='ocrx_word' id='word_1_50' title='bbox 847 964 1042 1001; x_wconf 74' lang='lat' dir='ltr'><strong>utilitatem</strong></span> <span class='ocrx_word' id='word_1_51' title='bbox 1062 978 1104 1002; x_wconf 86' lang='lat' dir='ltr'><strong>ac</strong></span> <span class='ocrx_word' id='word_1_52' title='bbox 1121 965 1327 1002; x_wconf 79' lang='lat' dir='ltr'><strong>evidentem</strong></span> <span class='ocrx_word' id='word_1_53' title='bbox 1346 965 1552 1015; x_wconf 80' lang='lat' dir='ltr'><strong>profectum</strong></span> <span class='ocrx_word' id='word_1_54' title='bbox 1572 973 1703 998; x_wconf 87' lang='lat' dir='ltr'><strong>mona-</strong></span> 
     </span>
     <span class='ocr_line' id='line_1_8' title="bbox 176 1018 1702 1072; baseline 0.001 -18"><span class='ocrx_word' id='word_1_55' title='bbox 176 1018 276 1055; x_wconf 82' lang='lat' dir='ltr'><strong>sterii</strong></span> <span class='ocrx_word' id='word_1_56' title='bbox 307 1019 422 1056; x_wconf 91' lang='lat' dir='ltr'><strong>nostri</strong></span> <span class='ocrx_word' id='word_1_57' title='bbox 452 1020 677 1070; x_wconf 85' lang='lat' dir='ltr'><strong>supradicti,</strong></span> <span class='ocrx_word' id='word_1_58' title='bbox 708 1020 802 1058; x_wconf 90' lang='lat' dir='ltr'><strong>bene</strong></span> <span class='ocrx_word' id='word_1_59' title='bbox 830 1026 866 1058; x_wconf 88' lang='lat' dir='ltr'><strong>et</strong></span> <span class='ocrx_word' id='word_1_60' title='bbox 891 1022 1052 1072; x_wconf 76' lang='lat' dir='ltr'><strong>legitime</strong></span> <span class='ocrx_word' id='word_1_61' title='bbox 1068 1023 1304 1060; x_wconf 81' lang='lat' dir='ltr'><strong>vendidimus</strong></span> <span class='ocrx_word' id='word_1_62' title='bbox 1321 1022 1476 1059; x_wconf 82' lang='lat' dir='ltr'><strong>dilectae</strong></span> <span class='ocrx_word' id='word_1_63' title='bbox 1500 1021 1536 1057; x_wconf 95' lang='lat' dir='ltr'><strong>in</strong></span> <span class='ocrx_word' id='word_1_64' title='bbox 1555 1019 1702 1057; x_wconf 82' lang='lat' dir='ltr'><strong>Christo</strong></span> 
     </span>
     <span class='ocr_line' id='line_1_9' title="bbox 176 1075 1701 1129; baseline 0.001 -17"><span class='ocrx_word' id='word_1_65' title='bbox 176 1075 283 1113; x_wconf 91' lang='lat' dir='ltr'><strong>nobis</strong></span> <span class='ocrx_word' id='word_1_66' title='bbox 305 1076 527 1127; x_wconf 82' lang='lat' dir='ltr'><strong>Margaretae</strong></span> <span class='ocrx_word' id='word_1_67' title='bbox 536 1106 743 1115; x_wconf 91' lang='grc'><strong>........</strong></span> <span class='ocrx_word' id='word_1_68' title='bbox 764 1092 895 1116; x_wconf 90' lang='lat' dir='ltr'><strong>novem</strong></span> <span class='ocrx_word' id='word_1_69' title='bbox 922 1093 1112 1117; x_wconf 83' lang='lat' dir='ltr'><strong>mensuras</strong></span> <span class='ocrx_word' id='word_1_70' title='bbox 1137 1085 1252 1117; x_wconf 86' lang='lat' dir='ltr'><strong>terrae</strong></span> <span class='ocrx_word' id='word_1_71' title='bbox 1273 1079 1455 1117; x_wconf 86' lang='lat' dir='ltr'><strong>allodialis</strong></span> <span class='ocrx_word' id='word_1_72' title='bbox 1476 1078 1632 1129; x_wconf 86' lang='lat' dir='ltr'><strong>jacentis</strong></span> <span class='ocrx_word' id='word_1_73' title='bbox 1662 1077 1701 1114; x_wconf 93' lang='lat' dir='ltr'><strong>in</strong></span> 
     </span>
     <span class='ocr_line' id='line_1_10' title="bbox 177 1134 1702 1187; baseline -0.001 -15"><span class='ocrx_word' id='word_1_74' title='bbox 177 1134 299 1172; x_wconf 82' lang='lat' dir='ltr'><strong>officio</strong></span> <span class='ocrx_word' id='word_1_75' title='bbox 315 1148 380 1172; x_wconf 87' lang='lat' dir='ltr'><strong>seu</strong></span> <span class='ocrx_word' id='word_1_76' title='bbox 399 1135 585 1174; x_wconf 88' lang='lat' dir='ltr'><strong>territorio</strong></span> <span class='ocrx_word' id='word_1_77' title='bbox 603 1141 639 1173; x_wconf 90' lang='lat' dir='ltr'><strong>et</strong></span> <span class='ocrx_word' id='word_1_78' title='bbox 655 1137 849 1187; x_wconf 89' lang='lat' dir='ltr'><strong>parrochia</strong></span> <span class='ocrx_word' id='word_1_79' title='bbox 869 1138 992 1175; x_wconf 90' lang='lat' dir='ltr'><strong>Sancti</strong></span> <span class='ocrx_word' id='word_1_80' title='bbox 1013 1138 1172 1176; x_wconf 87' lang='lat' dir='ltr'><strong>Bavonis</strong></span> <span class='ocrx_word' id='word_1_81' title='bbox 1195 1139 1232 1175; x_wconf 92' lang='lat' dir='ltr'><strong>in</strong></span> <span class='ocrx_word' id='word_1_82' title='bbox 1257 1138 1518 1187; x_wconf 79' lang='lat' dir='ltr'><strong>Ardenbourg,</strong></span> <span class='ocrx_word' id='word_1_83' title='bbox 1537 1150 1580 1173; x_wconf 84' lang='lat' dir='ltr'><strong>ex</strong></span> <span class='ocrx_word' id='word_1_84' title='bbox 1600 1139 1702 1186; x_wconf 79' lang='lat' dir='ltr'><strong>parte</strong></span> 
     </span>
     <span class='ocr_line' id='line_1_11' title="bbox 176 1194 1701 1247; baseline 0 -18"><span class='ocrx_word' id='word_1_85' title='bbox 176 1194 452 1243; x_wconf 75' lang='lat' dir='ltr'><strong>septentrionali</strong></span> <span class='ocrx_word' id='word_1_86' title='bbox 468 1195 576 1231; x_wconf 87' lang='lat' dir='ltr'><strong>villae</strong></span> <span class='ocrx_word' id='word_1_87' title='bbox 589 1194 636 1231; x_wconf 91' lang='lat' dir='ltr'><strong>de</strong></span> <span class='ocrx_word' id='word_1_88' title='bbox 651 1195 896 1246; x_wconf 80' lang='lat' dir='ltr'><strong>Ardcnbourg</strong></span> <span class='ocrx_word' id='word_1_89' title='bbox 909 1200 944 1233; x_wconf 91' lang='lat' dir='ltr'><strong>et</strong></span> <span class='ocrx_word' id='word_1_90' title='bbox 957 1196 1148 1246; x_wconf 82' lang='lat' dir='ltr'><strong>cujusdam</strong></span> <span class='ocrx_word' id='word_1_91' title='bbox 1164 1197 1286 1247; x_wconf 88' lang='lat' dir='ltr'><strong>pontis</strong></span> <span class='ocrx_word' id='word_1_92' title='bbox 1301 1195 1502 1246; x_wconf 81' lang='lat' dir='ltr'><strong>nuncupati</strong></span> <span class='ocrx_word' id='word_1_93' title='bbox 1518 1194 1701 1231; x_wconf 85' lang='lat' dir='ltr'><strong>Ocdelen-</strong></span> 
     </span>
     <span class='ocr_line' id='line_1_12' title="bbox 175 1250 1700 1304; baseline -0.001 -17"><span class='ocrx_word' id='word_1_94' title='bbox 175 1250 354 1302; x_wconf 80' lang='lat' dir='ltr'><strong>bruggen.¹</strong></span> <span class='ocrx_word' id='word_1_95' title='bbox 367 1256 460 1289; x_wconf 86' lang='lat' dir='ltr'><strong>etex</strong></span> <span class='ocrx_word' id='word_1_96' title='bbox 475 1257 578 1303; x_wconf 86' lang='lat' dir='ltr'><strong>parte</strong></span> <span class='ocrx_word' id='word_1_97' title='bbox 591 1253 760 1290; x_wconf 82' lang='lat' dir='ltr'><strong>orientali</strong></span> <span class='ocrx_word' id='word_1_98' title='bbox 775 1254 967 1303; x_wconf 83' lang='lat' dir='ltr'><strong>cujusdam</strong></span> <span class='ocrx_word' id='word_1_99' title='bbox 982 1254 1244 1304; x_wconf 75' lang='lat' dir='ltr'><strong>aquaeductus,</strong></span> <span class='ocrx_word' id='word_1_100' title='bbox 1258 1254 1377 1292; x_wconf 89' lang='lat' dir='ltr'><strong>vocati</strong></span> <span class='ocrx_word' id='word_1_101' title='bbox 1392 1254 1450 1291; x_wconf 80' lang='lat' dir='ltr'><strong>die</strong></span> <span class='ocrx_word' id='word_1_102' title='bbox 1464 1253 1541 1297; x_wconf 80' lang='lat' dir='ltr'><strong>Fle,</strong></span> <span class='ocrx_word' id='word_1_103' title='bbox 1554 1250 1700 1288; x_wconf 83' lang='lat' dir='ltr'><strong>fluentis</strong></span> 
     </span>
     <span class='ocr_line' id='line_1_13' title="bbox 175 1309 1699 1364; baseline 0 -19"><span class='ocrx_word' id='word_1_104' title='bbox 175 1309 272 1346; x_wconf 88' lang='lat' dir='ltr'><strong>inter</strong></span> <span class='ocrx_word' id='word_1_105' title='bbox 286 1309 411 1347; x_wconf 89' lang='lat' dir='ltr'><strong>villam</strong></span> <span class='ocrx_word' id='word_1_106' title='bbox 431 1310 477 1347; x_wconf 92' lang='lat' dir='ltr'><strong>de</strong></span> <span class='ocrx_word' id='word_1_107' title='bbox 495 1311 743 1362; x_wconf 77' lang='lat' dir='ltr'><strong>Ardcnbourg</strong></span> <span class='ocrx_word' id='word_1_108' title='bbox 759 1317 794 1349; x_wconf 84' lang='lat' dir='ltr'><strong>et</strong></span> <span class='ocrx_word' id='word_1_109' title='bbox 812 1326 926 1359; x_wconf 86' lang='lat' dir='ltr'><strong>mare,</strong></span> <span class='ocrx_word' id='word_1_110' title='bbox 945 1313 1051 1362; x_wconf 83' lang='lat' dir='ltr'><strong>cujus</strong></span> <span class='ocrx_word' id='word_1_111' title='bbox 1067 1313 1218 1364; x_wconf 88' lang='lat' dir='ltr'><strong>quidem</strong></span> <span class='ocrx_word' id='word_1_112' title='bbox 1243 1316 1359 1350; x_wconf 87' lang='lat' dir='ltr'><strong>terrae</strong></span> <span class='ocrx_word' id='word_1_113' title='bbox 1377 1325 1451 1348; x_wconf 87' lang='lat' dir='ltr'><strong>una</strong></span> <span class='ocrx_word' id='word_1_114' title='bbox 1471 1322 1640 1347; x_wconf 84' lang='lat' dir='ltr'><strong>mensura</strong></span> <span class='ocrx_word' id='word_1_115' title='bbox 1661 1309 1699 1345; x_wconf 89' lang='lat' dir='ltr'><strong>in</strong></span> 
     </span>
     <span class='ocr_line' id='line_1_14' title="bbox 175 1367 1699 1421; baseline -0.001 -17"><span class='ocrx_word' id='word_1_116' title='bbox 175 1367 256 1404; x_wconf 89' lang='lat' dir='ltr'><strong>loco</strong></span> <span class='ocrx_word' id='word_1_117' title='bbox 273 1368 500 1418; x_wconf 85' lang='lat' dir='ltr'><strong>supradicto,</strong></span> <span class='ocrx_word' id='word_1_118' title='bbox 518 1383 610 1420; x_wconf 91' lang='lat' dir='ltr'><strong>quas</strong></span> <span class='ocrx_word' id='word_1_119' title='bbox 628 1370 780 1421; x_wconf 90' lang='lat' dir='ltr'><strong>quidem</strong></span> <span class='ocrx_word' id='word_1_120' title='bbox 808 1375 920 1408; x_wconf 83' lang='lat' dir='ltr'><strong>terras</strong></span> <span class='ocrx_word' id='word_1_121' title='bbox 947 1372 1035 1408; x_wconf 86' lang='lat' dir='ltr'><strong>tales</strong></span> <span class='ocrx_word' id='word_1_122' title='bbox 1056 1371 1132 1420; x_wconf 87' lang='lat' dir='ltr'><strong>jam</strong></span> <span class='ocrx_word' id='word_1_123' title='bbox 1158 1375 1282 1408; x_wconf 87' lang='lat' dir='ltr'><strong>tenent</strong></span> <span class='ocrx_word' id='word_1_124' title='bbox 1301 1370 1347 1407; x_wconf 89' lang='lat' dir='ltr'><strong>ad</strong></span> <span class='ocrx_word' id='word_1_125' title='bbox 1372 1382 1523 1406; x_wconf 87' lang='lat' dir='ltr'><strong>censum</strong></span> <span class='ocrx_word' id='word_1_126' title='bbox 1547 1373 1582 1404; x_wconf 91' lang='lat' dir='ltr'><strong>et</strong></span> <span class='ocrx_word' id='word_1_127' title='bbox 1607 1379 1699 1418; x_wconf 86' lang='lat' dir='ltr'><strong>quas</strong></span> 
     </span>
     <span class='ocr_line' id='line_1_15' title="bbox 172 1426 1699 1478; baseline -0.001 -16"><span class='ocrx_word' id='word_1_128' title='bbox 172 1429 285 1462; x_wconf 84' lang='lat' dir='ltr'><strong>terras</strong></span> <span class='ocrx_word' id='word_1_129' title='bbox 303 1426 490 1464; x_wconf 88' lang='lat' dir='ltr'><strong>Arnoldus</strong></span> <span class='ocrx_word' id='word_1_130' title='bbox 508 1427 629 1466; x_wconf 89' lang='lat' dir='ltr'><strong>dictus</strong></span> <span class='ocrx_word' id='word_1_131' title='bbox 649 1457 852 1466; x_wconf 87' lang='grc'><strong>........</strong></span> <span class='ocrx_word' id='word_1_132' title='bbox 871 1429 971 1466; x_wconf 87' lang='lat' dir='ltr'><strong>dicto</strong></span> <span class='ocrx_word' id='word_1_133' title='bbox 996 1429 1217 1466; x_wconf 81' lang='lat' dir='ltr'><strong>monasterio</strong></span> <span class='ocrx_word' id='word_1_134' title='bbox 1239 1428 1397 1465; x_wconf 89' lang='lat' dir='ltr'><strong>contulit</strong></span> <span class='ocrx_word' id='word_1_135' title='bbox 1420 1440 1487 1478; x_wconf 91' lang='lat' dir='ltr'><strong>pro</strong></span> <span class='ocrx_word' id='word_1_136' title='bbox 1513 1431 1608 1463; x_wconf 84' lang='lat' dir='ltr'><strong>certa</strong></span> <span class='ocrx_word' id='word_1_137' title='bbox 1632 1438 1699 1475; x_wconf 88' lang='lat' dir='ltr'><strong>pe-</strong></span> 
     </span>
     <span class='ocr_line' id='line_1_16' title="bbox 173 1485 1695 1538; baseline -0.001 -17"><span class='ocrx_word' id='word_1_138' title='bbox 173 1485 304 1521; x_wconf 83' lang='lat' dir='ltr'><strong>cuniae</strong></span> <span class='ocrx_word' id='word_1_139' title='bbox 320 1498 479 1531; x_wconf 89' lang='lat' dir='ltr'><strong>summa,</strong></span> <span class='ocrx_word' id='word_1_140' title='bbox 496 1486 668 1524; x_wconf 89' lang='lat' dir='ltr'><strong>videlieet</strong></span> <span class='ocrx_word' id='word_1_141' title='bbox 684 1487 890 1538; x_wconf 89' lang='lat' dir='ltr'><strong>quamlibet</strong></span> <span class='ocrx_word' id='word_1_142' title='bbox 906 1502 973 1538; x_wconf 92' lang='lat' dir='ltr'><strong>pro</strong></span> <span class='ocrx_word' id='word_1_143' title='bbox 992 1489 1017 1525; x_wconf 72' lang='lat'><strong>1,</strong></span> <span class='ocrx_word' id='word_1_144' title='bbox 1034 1488 1138 1525; x_wconf 89' lang='lat' dir='ltr'><strong>libris</strong></span> <span class='ocrx_word' id='word_1_145' title='bbox 1152 1487 1298 1524; x_wconf 89' lang='lat' dir='ltr'><strong>cursilis</strong></span> <span class='ocrx_word' id='word_1_146' title='bbox 1312 1491 1348 1524; x_wconf 90' lang='lat' dir='ltr'><strong>et</strong></span> <span class='ocrx_word' id='word_1_147' title='bbox 1361 1486 1498 1523; x_wconf 87' lang='lat' dir='ltr'><strong>usualis</strong></span> <span class='ocrx_word' id='word_1_148' title='bbox 1515 1488 1695 1529; x_wconf 84' lang='lat' dir='ltr'><strong>monetae,</strong></span> 
     </span>
     <span class='ocr_line' id='line_1_17' title="bbox 172 1542 1696 1597; baseline 0 -20"><span class='ocrx_word' id='word_1_149' title='bbox 172 1554 267 1592; x_wconf 90' lang='lat' dir='ltr'><strong>quae</strong></span> <span class='ocrx_word' id='word_1_150' title='bbox 283 1542 435 1592; x_wconf 89' lang='lat' dir='ltr'><strong>quidem</strong></span> <span class='ocrx_word' id='word_1_151' title='bbox 454 1557 597 1581; x_wconf 88' lang='lat' dir='ltr'><strong>summa</strong></span> <span class='ocrx_word' id='word_1_152' title='bbox 616 1558 654 1582; x_wconf 90' lang='lat' dir='ltr'><strong>se</strong></span> <span class='ocrx_word' id='word_1_153' title='bbox 671 1546 836 1582; x_wconf 85' lang='lat' dir='ltr'><strong>extendit</strong></span> <span class='ocrx_word' id='word_1_154' title='bbox 853 1559 971 1597; x_wconf 91' lang='lat' dir='ltr'><strong>usque</strong></span> <span class='ocrx_word' id='word_1_155' title='bbox 993 1546 1039 1582; x_wconf 89' lang='lat' dir='ltr'><strong>ad</strong></span> <span class='ocrx_word' id='word_1_156' title='bbox 1061 1547 1176 1583; x_wconf 92' lang='lat' dir='ltr'>CCCC</span> <span class='ocrx_word' id='word_1_157' title='bbox 1199 1546 1328 1591; x_wconf 88' lang='lat' dir='ltr'><strong>libras,</strong></span> <span class='ocrx_word' id='word_1_158' title='bbox 1351 1550 1386 1582; x_wconf 87' lang='lat' dir='ltr'><strong>et</strong></span> <span class='ocrx_word' id='word_1_159' title='bbox 1412 1557 1523 1595; x_wconf 88' lang='lat' dir='ltr'><strong>quam</strong></span> <span class='ocrx_word' id='word_1_160' title='bbox 1545 1542 1696 1594; x_wconf 88' lang='lat' dir='ltr'><strong>quidem</strong></span> 
     </span>
     <span class='ocr_line' id='line_1_18' title="bbox 172 1600 1697 1654; baseline -0.001 -17"><span class='ocrx_word' id='word_1_161' title='bbox 172 1601 350 1651; x_wconf 81' lang='lat' dir='ltr'><strong>pecuniae</strong></span> <span class='ocrx_word' id='word_1_162' title='bbox 366 1615 549 1640; x_wconf 81' lang='lat' dir='ltr'><strong>summam</strong></span> <span class='ocrx_word' id='word_1_163' title='bbox 570 1604 755 1654; x_wconf 86' lang='lat' dir='ltr'><strong>praedicta</strong></span> <span class='ocrx_word' id='word_1_164' title='bbox 774 1605 898 1641; x_wconf 88' lang='lat' dir='ltr'><strong>relicta</strong></span> <span class='ocrx_word' id='word_1_165' title='bbox 918 1605 1025 1642; x_wconf 88' lang='lat' dir='ltr'><strong>nobis</strong></span> <span class='ocrx_word' id='word_1_166' title='bbox 1041 1605 1086 1641; x_wconf 87' lang='lat' dir='ltr'><strong>ad</strong></span> <span class='ocrx_word' id='word_1_167' title='bbox 1103 1600 1198 1654; x_wconf 88' lang='lat' dir='ltr'><strong>opus</strong></span> <span class='ocrx_word' id='word_1_168' title='bbox 1214 1603 1423 1641; x_wconf 81' lang='lat' dir='ltr'><strong>monasterii</strong></span> <span class='ocrx_word' id='word_1_169' title='bbox 1445 1602 1558 1640; x_wconf 86' lang='lat' dir='ltr'><strong>nostri</strong></span> <span class='ocrx_word' id='word_1_170' title='bbox 1582 1600 1697 1638; x_wconf 77' lang='lat' dir='ltr'><strong>tradi-</strong></span> 
     </span>
     <span class='ocr_line' id='line_1_19' title="bbox 172 1658 1694 1714; baseline 0 -20"><span class='ocrx_word' id='word_1_171' title='bbox 172 1658 241 1703; x_wconf 82' lang='lat' dir='ltr'><strong>dit,</strong></span> <span class='ocrx_word' id='word_1_172' title='bbox 255 1658 487 1706; x_wconf 75' lang='lat' dir='ltr'><strong>deliberavit,</strong></span> <span class='ocrx_word' id='word_1_173' title='bbox 503 1662 710 1698; x_wconf 88' lang='lat' dir='ltr'><strong>numeravit</strong></span> <span class='ocrx_word' id='word_1_174' title='bbox 723 1675 764 1699; x_wconf 90' lang='lat' dir='ltr'><strong>ac</strong></span> <span class='ocrx_word' id='word_1_175' title='bbox 778 1663 902 1708; x_wconf 88' lang='lat' dir='ltr'><strong>solvit,</strong></span> <span class='ocrx_word' id='word_1_176' title='bbox 917 1663 1159 1714; x_wconf 84' lang='lat' dir='ltr'><strong>eamdemque</strong></span> <span class='ocrx_word' id='word_1_177' title='bbox 1175 1663 1211 1699; x_wconf 92' lang='lat' dir='ltr'><strong>in</strong></span> <span class='ocrx_word' id='word_1_178' title='bbox 1228 1668 1347 1699; x_wconf 88' lang='lat' dir='ltr'><strong>curtes</strong></span> <span class='ocrx_word' id='word_1_179' title='bbox 1363 1675 1426 1699; x_wconf 88' lang='lat' dir='ltr'><strong>scu</strong></span> <span class='ocrx_word' id='word_1_180' title='bbox 1443 1659 1694 1710; x_wconf 83' lang='lat' dir='ltr'><strong>implicuimus</strong></span> 
     </span>
     <span class='ocr_line' id='line_1_20' title="bbox 170 1717 1694 1771; baseline 0 -18"><span class='ocrx_word' id='word_1_181' title='bbox 170 1730 233 1754; x_wconf 87' lang='lat' dir='ltr'><strong>seu</strong></span> <span class='ocrx_word' id='word_1_182' title='bbox 253 1719 501 1756; x_wconf 85' lang='lat' dir='ltr'><strong>convertimus</strong></span> <span class='ocrx_word' id='word_1_183' title='bbox 518 1720 565 1757; x_wconf 88' lang='lat' dir='ltr'><strong>ad</strong></span> <span class='ocrx_word' id='word_1_184' title='bbox 584 1721 777 1758; x_wconf 83' lang='lat' dir='ltr'><strong>utilitatem</strong></span> <span class='ocrx_word' id='word_1_185' title='bbox 797 1722 1003 1759; x_wconf 89' lang='lat' dir='ltr'><strong>evidentem</strong></span> <span class='ocrx_word' id='word_1_186' title='bbox 1023 1722 1232 1759; x_wconf 85' lang='lat' dir='ltr'><strong>monasterii</strong></span> <span class='ocrx_word' id='word_1_187' title='bbox 1254 1721 1367 1758; x_wconf 84' lang='lat' dir='ltr'><strong>nostri</strong></span> <span class='ocrx_word' id='word_1_188' title='bbox 1388 1719 1564 1771; x_wconf 84' lang='lat' dir='ltr'><strong>praedicti</strong></span> <span class='ocrx_word' id='word_1_189' title='bbox 1588 1717 1694 1754; x_wconf 89' lang='lat' dir='ltr'><strong>nobis</strong></span> 
     </span>
     <span class='ocr_line' id='line_1_21' title="bbox 170 1776 1695 1832; baseline 0 -20"><span class='ocrx_word' id='word_1_190' title='bbox 170 1789 212 1812; x_wconf 91' lang='lat' dir='ltr'><strong>ac</strong></span> <span class='ocrx_word' id='word_1_191' title='bbox 226 1776 295 1827; x_wconf 91' lang='lat' dir='ltr'><strong>ipsi</strong></span> <span class='ocrx_word' id='word_1_192' title='bbox 311 1779 533 1815; x_wconf 86' lang='lat' dir='ltr'><strong>monasterio</strong></span> <span class='ocrx_word' id='word_1_193' title='bbox 548 1785 673 1817; x_wconf 86' lang='lat' dir='ltr'><strong>nostro</strong></span> <span class='ocrx_word' id='word_1_194' title='bbox 688 1786 867 1831; x_wconf 85' lang='lat' dir='ltr'><strong>perpetuo</strong></span> <span class='ocrx_word' id='word_1_195' title='bbox 883 1782 1074 1818; x_wconf 83' lang='lat' dir='ltr'><strong>valituras:</strong></span> <span class='ocrx_word' id='word_1_196' title='bbox 1091 1795 1182 1832; x_wconf 78' lang='lat' dir='ltr'><strong>quas</strong></span> <span class='ocrx_word' id='word_1_197' title='bbox 1196 1781 1347 1831; x_wconf 90' lang='lat' dir='ltr'><strong>quidem</strong></span> <span class='ocrx_word' id='word_1_198' title='bbox 1364 1785 1476 1816; x_wconf 81' lang='lat' dir='ltr'><strong>terras</strong></span> <span class='ocrx_word' id='word_1_199' title='bbox 1491 1776 1695 1828; x_wconf 80' lang='lat' dir='ltr'><strong>praedictas</strong></span> 
     </span>
     <span class='ocr_line' id='line_1_22' title="bbox 171 1835 1694 1889; baseline 0 -18"><span class='ocrx_word' id='word_1_200' title='bbox 171 1847 237 1872; x_wconf 90' lang='lat' dir='ltr'><strong>nos</strong></span> <span class='ocrx_word' id='word_1_201' title='bbox 261 1835 375 1873; x_wconf 83' lang='lat' dir='ltr'><strong>abbas</strong></span> <span class='ocrx_word' id='word_1_202' title='bbox 404 1841 439 1873; x_wconf 90' lang='lat' dir='ltr'><strong>et</strong></span> <span class='ocrx_word' id='word_1_203' title='bbox 464 1843 667 1875; x_wconf 91' lang='lat' dir='ltr'><strong>conventus</strong></span> <span class='ocrx_word' id='word_1_204' title='bbox 693 1839 870 1888; x_wconf 84' lang='lat' dir='ltr'><strong>praedicti</strong></span> <span class='ocrx_word' id='word_1_205' title='bbox 900 1853 966 1889; x_wconf 92' lang='lat' dir='ltr'><strong>pro</strong></span> <span class='ocrx_word' id='word_1_206' title='bbox 992 1839 1099 1876; x_wconf 91' lang='lat' dir='ltr'><strong>nobis</strong></span> <span class='ocrx_word' id='word_1_207' title='bbox 1124 1852 1166 1876; x_wconf 81' lang='lat' dir='ltr'><strong>ac</strong></span> <span class='ocrx_word' id='word_1_208' title='bbox 1192 1843 1317 1875; x_wconf 89' lang='lat' dir='ltr'><strong>nostro</strong></span> <span class='ocrx_word' id='word_1_209' title='bbox 1344 1837 1494 1874; x_wconf 90' lang='lat' dir='ltr'><strong>nomine</strong></span> <span class='ocrx_word' id='word_1_210' title='bbox 1518 1849 1558 1872; x_wconf 85' lang='lat' dir='ltr'><strong>ac</strong></span> <span class='ocrx_word' id='word_1_211' title='bbox 1586 1836 1694 1872; x_wconf 83' lang='lat' dir='ltr'><strong>etiam</strong></span> 
     </span>
     <span class='ocr_line' id='line_1_23' title="bbox 170 1893 1693 1947; baseline 0.001 -19"><span class='ocrx_word' id='word_1_212' title='bbox 170 1893 380 1930; x_wconf 84' lang='lat' dir='ltr'><strong>monasterii</strong></span> <span class='ocrx_word' id='word_1_213' title='bbox 397 1894 511 1931; x_wconf 86' lang='lat' dir='ltr'><strong>nostri</strong></span> <span class='ocrx_word' id='word_1_214' title='bbox 527 1895 688 1940; x_wconf 81' lang='lat' dir='ltr'><strong>nomine,</strong></span> <span class='ocrx_word' id='word_1_215' title='bbox 703 1897 919 1933; x_wconf 83' lang='lat' dir='ltr'><strong>auctoritate</strong></span> <span class='ocrx_word' id='word_1_216' title='bbox 934 1897 1026 1933; x_wconf 87' lang='lat' dir='ltr'><strong>etde</strong></span> <span class='ocrx_word' id='word_1_217' title='bbox 1041 1897 1188 1947; x_wconf 85' lang='lat' dir='ltr'><strong>speciali</strong></span> <span class='ocrx_word' id='word_1_218' title='bbox 1205 1896 1350 1933; x_wconf 84' lang='lat' dir='ltr'><strong>licentia</strong></span> <span class='ocrx_word' id='word_1_219' title='bbox 1364 1895 1564 1946; x_wconf 84' lang='lat' dir='ltr'><strong>superioris</strong></span> <span class='ocrx_word' id='word_1_220' title='bbox 1579 1893 1693 1931; x_wconf 85' lang='lat' dir='ltr'><strong>nostri</strong></span> 
     </span>
     <span class='ocr_line' id='line_1_24' title="bbox 169 1950 1694 2005; baseline 0.001 -19"><span class='ocrx_word' id='word_1_221' title='bbox 169 1950 362 2000; x_wconf 86' lang='lat' dir='ltr'><strong>praedicti,</strong></span> <span class='ocrx_word' id='word_1_222' title='bbox 386 1951 626 2002; x_wconf 88' lang='lat' dir='ltr'><strong>werpivimus</strong></span> <span class='ocrx_word' id='word_1_223' title='bbox 653 1953 875 2004; x_wconf 81' lang='lat' dir='ltr'><strong>Margaretae</strong></span> <span class='ocrx_word' id='word_1_224' title='bbox 900 1955 1107 2005; x_wconf 83' lang='lat' dir='ltr'><strong>praedictae</strong></span> <span class='ocrx_word' id='word_1_225' title='bbox 1129 1954 1174 1991; x_wconf 90' lang='lat' dir='ltr'><strong>ad</strong></span> <span class='ocrx_word' id='word_1_226' title='bbox 1198 1967 1292 2004; x_wconf 92' lang='lat' dir='ltr'><strong>opus</strong></span> <span class='ocrx_word' id='word_1_227' title='bbox 1317 1953 1480 2003; x_wconf 87' lang='lat' dir='ltr'><strong>ejusdcm</strong></span> <span class='ocrx_word' id='word_1_228' title='bbox 1502 1958 1535 1989; x_wconf 90' lang='lat' dir='ltr'><strong>ct</strong></span> <span class='ocrx_word' id='word_1_229' title='bbox 1559 1951 1694 2002; x_wconf 82' lang='lat' dir='ltr'><strong>werpi-</strong></span> 
     </span>
     <span class='ocr_line' id='line_1_25' title="bbox 170 2009 1695 2062; baseline 0.002 -18"><span class='ocrx_word' id='word_1_230' title='bbox 170 2021 268 2054; x_wconf 90' lang='lat' dir='ltr'><strong>mus,</strong></span> <span class='ocrx_word' id='word_1_231' title='bbox 285 2009 580 2048; x_wconf 80' lang='lat' dir='ltr'><strong>effestucavimus</strong></span> <span class='ocrx_word' id='word_1_232' title='bbox 599 2016 635 2048; x_wconf 93' lang='lat' dir='ltr'><strong>et</strong></span> <span class='ocrx_word' id='word_1_233' title='bbox 660 2012 931 2058; x_wconf 68' lang='lat' dir='ltr'><strong>effrosi-neamus,</strong></span> <span class='ocrx_word' id='word_1_234' title='bbox 955 2027 996 2051; x_wconf 91' lang='lat' dir='ltr'><strong>ac</strong></span> <span class='ocrx_word' id='word_1_235' title='bbox 1018 2027 1128 2050; x_wconf 88' lang='lat' dir='ltr'><strong>omne</strong></span> <span class='ocrx_word' id='word_1_236' title='bbox 1151 2013 1379 2059; x_wconf 90' lang='lat' dir='ltr'><strong>dominium,</strong></span> <span class='ocrx_word' id='word_1_237' title='bbox 1406 2013 1470 2062; x_wconf 90' lang='lat' dir='ltr'><strong>jus</strong></span> <span class='ocrx_word' id='word_1_238' title='bbox 1491 2017 1526 2049; x_wconf 89' lang='lat' dir='ltr'><strong>et</strong></span> <span class='ocrx_word' id='word_1_239' title='bbox 1551 2024 1695 2062; x_wconf 86' lang='lat' dir='ltr'><strong>posses-</strong></span> 
     </span>
     <span class='ocr_line' id='line_1_26' title="bbox 169 2066 1693 2121; baseline 0.003 -19"><span class='ocrx_word' id='word_1_240' title='bbox 169 2066 308 2103; x_wconf 87' lang='lat' dir='ltr'><strong>sionem</strong></span> <span class='ocrx_word' id='word_1_241' title='bbox 334 2067 435 2117; x_wconf 91' lang='lat' dir='ltr'><strong>quod</strong></span> <span class='ocrx_word' id='word_1_242' title='bbox 460 2069 517 2105; x_wconf 90' lang='lat' dir='ltr'><strong>vel</strong></span> <span class='ocrx_word' id='word_1_243' title='bbox 544 2082 637 2119; x_wconf 81' lang='lat' dir='ltr'><strong>quos</strong></span> <span class='ocrx_word' id='word_1_244' title='bbox 663 2069 862 2107; x_wconf 81' lang='lat' dir='ltr'><strong>habuimus</strong></span> <span class='ocrx_word' id='word_1_245' title='bbox 889 2085 952 2107; x_wconf 92' lang='lat' dir='ltr'><strong>seu</strong></span> <span class='ocrx_word' id='word_1_246' title='bbox 980 2071 1114 2108; x_wconf 84' lang='lat' dir='ltr'><strong>habere</strong></span> <span class='ocrx_word' id='word_1_247' title='bbox 1141 2071 1384 2121; x_wconf 87' lang='lat' dir='ltr'><strong>potuerimus,</strong></span> <span class='ocrx_word' id='word_1_248' title='bbox 1407 2083 1491 2107; x_wconf 89' lang='lat' dir='ltr'><strong>eum</strong></span> <span class='ocrx_word' id='word_1_249' title='bbox 1518 2069 1693 2107; x_wconf 86' lang='lat' dir='ltr'><strong>omnibus</strong></span> 
     </span>
     <span class='ocr_line' id='line_1_27' title="bbox 164 2122 1691 2180; baseline 0.004 -21"><span class='ocrx_word' id='word_1_250' title='bbox 164 2122 314 2172; x_wconf 85' lang='lat' dir='ltr'><strong>juribus</strong></span> <span class='ocrx_word' id='word_1_251' title='bbox 335 2129 370 2161; x_wconf 89' lang='lat' dir='ltr'><strong>et</strong></span> <span class='ocrx_word' id='word_1_252' title='bbox 396 2126 625 2175; x_wconf 87' lang='lat' dir='ltr'><strong>pertinentiis</strong></span> <span class='ocrx_word' id='word_1_253' title='bbox 645 2129 691 2164; x_wconf 88' lang='lat' dir='ltr'><strong>ad</strong></span> <span class='ocrx_word' id='word_1_254' title='bbox 715 2128 830 2166; x_wconf 81' lang='lat' dir='ltr'><strong>dietas</strong></span> <span class='ocrx_word' id='word_1_255' title='bbox 856 2134 967 2165; x_wconf 85' lang='lat' dir='ltr'><strong>terras</strong></span> <span class='ocrx_word' id='word_1_256' title='bbox 993 2143 1219 2180; x_wconf 86' lang='lat' dir='ltr'><strong>quocunque</strong></span> <span class='ocrx_word' id='word_1_257' title='bbox 1245 2129 1369 2173; x_wconf 79' lang='lat' dir='ltr'><strong>titulo,</strong></span> <span class='ocrx_word' id='word_1_258' title='bbox 1396 2129 1441 2165; x_wconf 90' lang='lat' dir='ltr'><strong>ad</strong></span> <span class='ocrx_word' id='word_1_259' title='bbox 1468 2128 1691 2178; x_wconf 84' lang='lat' dir='ltr'><strong>praedictam</strong></span> 
     </span>
     <span class='ocr_line' id='line_1_28' title="bbox 169 2180 1693 2237; baseline 0.003 -21"><span class='ocrx_word' id='word_1_260' title='bbox 169 2180 404 2231; x_wconf 78' lang='lat' dir='ltr'><strong>Margaretum</strong></span> <span class='ocrx_word' id='word_1_261' title='bbox 423 2187 459 2219; x_wconf 91' lang='lat' dir='ltr'><strong>et</strong></span> <span class='ocrx_word' id='word_1_262' title='bbox 475 2183 553 2232; x_wconf 86' lang='lat' dir='ltr'><strong>ejus</strong></span> <span class='ocrx_word' id='word_1_263' title='bbox 571 2198 797 2223; x_wconf 84' lang='lat' dir='ltr'><strong>successores</strong></span> <span class='ocrx_word' id='word_1_264' title='bbox 817 2187 854 2223; x_wconf 93' lang='lat' dir='ltr'><strong>in</strong></span> <span class='ocrx_word' id='word_1_265' title='bbox 875 2192 1094 2237; x_wconf 83' lang='lat' dir='ltr'><strong>perpetuum</strong></span> <span class='ocrx_word' id='word_1_266' title='bbox 1115 2187 1368 2224; x_wconf 82' lang='lat' dir='ltr'><strong>transferimus</strong></span> <span class='ocrx_word' id='word_1_267' title='bbox 1391 2199 1475 2223; x_wconf 89' lang='lat' dir='ltr'><strong>eum</strong></span> <span class='ocrx_word' id='word_1_268' title='bbox 1496 2186 1642 2229; x_wconf 54' lang='lat' dir='ltr'><strong>effectu,</strong></span> <span class='ocrx_word' id='word_1_269' title='bbox 1658 2190 1693 2222; x_wconf 92' lang='lat' dir='ltr'><strong>et</strong></span> 
     </span>
     <span class='ocr_line' id='line_1_29' title="bbox 169 2238 1693 2295; baseline 0.004 -22"><span class='ocrx_word' id='word_1_270' title='bbox 169 2238 340 2275; x_wconf 87' lang='lat' dir='ltr'><strong>volumus</strong></span> <span class='ocrx_word' id='word_1_271' title='bbox 358 2240 555 2279; x_wconf 80' lang='lat' dir='ltr'><strong>efficaciter</strong></span> <span class='ocrx_word' id='word_1_272' title='bbox 571 2256 649 2280; x_wconf 87' lang='lat' dir='ltr'><strong>esse</strong></span> <span class='ocrx_word' id='word_1_273' title='bbox 667 2245 857 2289; x_wconf 85' lang='lat' dir='ltr'><strong>translata,</strong></span> <span class='ocrx_word' id='word_1_274' title='bbox 877 2245 1130 2295; x_wconf 84' lang='lat' dir='ltr'><strong>promittentes</strong></span> <span class='ocrx_word' id='word_1_275' title='bbox 1149 2246 1246 2282; x_wconf 88' lang='lat' dir='ltr'><strong>bona</strong></span> <span class='ocrx_word' id='word_1_276' title='bbox 1265 2245 1337 2282; x_wconf 85' lang='lat' dir='ltr'><strong>lide</strong></span> <span class='ocrx_word' id='word_1_277' title='bbox 1354 2258 1422 2295; x_wconf 90' lang='lat' dir='ltr'><strong>pro</strong></span> <span class='ocrx_word' id='word_1_278' title='bbox 1437 2244 1544 2281; x_wconf 86' lang='lat' dir='ltr'><strong>nobis</strong></span> <span class='ocrx_word' id='word_1_279' title='bbox 1559 2249 1594 2280; x_wconf 90' lang='lat' dir='ltr'><strong>ct</strong></span> <span class='ocrx_word' id='word_1_280' title='bbox 1607 2256 1693 2280; x_wconf 88' lang='lat' dir='ltr'><strong>suc·-</strong></span> 
     </span>
     <span class='ocr_line' id='line_1_30' title="bbox 168 2298 1692 2354; baseline 0.004 -21"><span class='ocrx_word' id='word_1_281' title='bbox 168 2298 374 2336; x_wconf 89' lang='lat' dir='ltr'><strong>cessoribus</strong></span> <span class='ocrx_word' id='word_1_282' title='bbox 394 2301 528 2338; x_wconf 88' lang='lat' dir='ltr'><strong>nostris</strong></span> <span class='ocrx_word' id='word_1_283' title='bbox 541 2303 642 2352; x_wconf 86' lang='lat' dir='ltr'><strong>quod</strong></span> <span class='ocrx_word' id='word_1_284' title='bbox 657 2309 782 2340; x_wconf 84' lang='lat' dir='ltr'><strong>contra</strong></span> <span class='ocrx_word' id='word_1_285' title='bbox 800 2305 1003 2354; x_wconf 85' lang='lat' dir='ltr'><strong>praedictas</strong></span> <span class='ocrx_word' id='word_1_286' title='bbox 1018 2304 1283 2349; x_wconf 66' lang='lat' dir='ltr'><strong>venditionem,</strong></span> <span class='ocrx_word' id='word_1_287' title='bbox 1300 2304 1570 2354; x_wconf 83' lang='lat' dir='ltr'><strong>werpitionem,</strong></span> <span class='ocrx_word' id='word_1_288' title='bbox 1585 2302 1692 2339; x_wconf 81' lang='lat' dir='ltr'><strong>effes-</strong></span> 
     </span>
     <span class='ocr_line' id='line_1_31' title="bbox 169 2355 1691 2413; baseline 0.005 -23"><span class='ocrx_word' id='word_1_289' title='bbox 169 2355 389 2393; x_wconf 88' lang='lat' dir='ltr'><strong>tucationem</strong></span> <span class='ocrx_word' id='word_1_290' title='bbox 415 2362 450 2394; x_wconf 90' lang='lat' dir='ltr'><strong>et</strong></span> <span class='ocrx_word' id='word_1_291' title='bbox 474 2358 631 2396; x_wconf 88' lang='lat' dir='ltr'><strong>dominii</strong></span> <span class='ocrx_word' id='word_1_292' title='bbox 656 2362 951 2407; x_wconf 77' lang='lat' dir='ltr'><strong>translationem,</strong></span> <span class='ocrx_word' id='word_1_293' title='bbox 973 2368 1050 2399; x_wconf 87' lang='lat' dir='ltr'><strong>arte</strong></span> <span class='ocrx_word' id='word_1_294' title='bbox 1075 2363 1130 2399; x_wconf 90' lang='lat' dir='ltr'><strong>vel</strong></span> <span class='ocrx_word' id='word_1_295' title='bbox 1157 2362 1325 2413; x_wconf 80' lang='lat' dir='ltr'><strong>ingenio,</strong></span> <span class='ocrx_word' id='word_1_296' title='bbox 1353 2362 1495 2407; x_wconf 79' lang='lat' dir='ltr'><strong>fraude,</strong></span> <span class='ocrx_word' id='word_1_297' title='bbox 1514 2362 1600 2397; x_wconf 88' lang='lat' dir='ltr'><strong>dolo</strong></span> <span class='ocrx_word' id='word_1_298' title='bbox 1627 2373 1691 2397; x_wconf 87' lang='lat' dir='ltr'><strong>seu</strong></span> 
     </span>
     <span class='ocr_line' id='line_1_32' title="bbox 167 2411 1690 2471; baseline 0.005 -23"><span class='ocrx_word' id='word_1_299' title='bbox 167 2411 256 2450; x_wconf 86' lang='lat' dir='ltr'><strong>alias</strong></span> <span class='ocrx_word' id='word_1_300' title='bbox 279 2426 432 2465; x_wconf 90' lang='lat' dir='ltr'><strong>quoquo</strong></span> <span class='ocrx_word' id='word_1_301' title='bbox 456 2417 567 2454; x_wconf 87' lang='lat' dir='ltr'><strong>modo</strong></span> <span class='ocrx_word' id='word_1_302' title='bbox 592 2431 658 2468; x_wconf 90' lang='lat' dir='ltr'><strong>per</strong></span> <span class='ocrx_word' id='word_1_303' title='bbox 682 2431 748 2456; x_wconf 93' lang='lat' dir='ltr'><strong>nos</strong></span> <span class='ocrx_word' id='word_1_304' title='bbox 771 2433 835 2456; x_wconf 89' lang='lat' dir='ltr'><strong>seu</strong></span> <span class='ocrx_word' id='word_1_305' title='bbox 857 2433 1102 2471; x_wconf 90' lang='lat' dir='ltr'><strong>quoscunque</strong></span> <span class='ocrx_word' id='word_1_306' title='bbox 1124 2420 1216 2457; x_wconf 93' lang='lat' dir='ltr'><strong>alios</strong></span> <span class='ocrx_word' id='word_1_307' title='bbox 1238 2420 1275 2457; x_wconf 94' lang='lat' dir='ltr'><strong>in</strong></span> <span class='ocrx_word' id='word_1_308' title='bbox 1299 2425 1518 2470; x_wconf 88' lang='lat' dir='ltr'><strong>perpetuum</strong></span> <span class='ocrx_word' id='word_1_309' title='bbox 1538 2420 1690 2457; x_wconf 83' lang='lat' dir='ltr'><strong>minime</strong></span> 
     </span>
    </p>
   </div>
   <div class='ocr_carea' id='block_1_5' title="bbox 1499 2479 1547 2516">
    <p class='ocr_par' dir='ltr' id='par_1_5' title="bbox 1499 2479 1547 2516">
     <span class='ocr_line' id='line_1_33' title="bbox 1499 2479 1547 2516; baseline 0 0"><span class='ocrx_word' id='word_1_310' title='bbox 1499 2479 1547 2516; x_wconf 72' lang='lat'><strong>50</strong></span> 
     </span>
    </p>
   </div>
  </div>
 </body>
</html>
