2184 3074
479 292 551 330 448
1015 289 1183 361 QODEX
1209 290 1457 329 DUNENSIS.

1165 452 1312 491 CCCVI.

478 572 616 607 Lem-es
638 570 700 607 des
726 568 829 606 abbe-3
853 569 897 606 de
919 569 1074 606 Citeauae
1094 574 1127 605 et
1148 569 1191 606 de
1216 569 1424 607 Glairvauae
1447 570 1614 609 relatives
1635 573 1659 610 ἀ
1678 573 1776 611 deuae
1797 575 1918 625 freres
1940 578 2007 628 qui

719 627 885 664 s’e'taient
903 626 975 676 fait
990 626 1125 664 rendre
1147 627 1304 664 certains
1323 626 1510 666 honneur-³
1526 630 1759 680 episcopanos.

526 822 807 860 venerabilibus
824 822 915 859 etin
937 822 1083 860 Christo
1105 822 1177 860 sibi
1203 823 1406 861 karissimis
1429 824 1612 862 universis
1639 825 1885 865 coabbatibus
1906 828 2002 872 suis,

476 881 672 918 abbatissis
682 909 691 927 ,
706 880 898 918 monachis
908 909 917 927 ,
932 881 1174 928 monialibus,
1187 882 1373 920 conversis
1383 911 1392 929 ,
1407 882 1598 920 sororibus
1615 896 1658 921 ac
1676 884 1842 934 personis
1851 885 2005 936 quibus-

476 952 624 989 cunque
643 939 755 976 totius
773 938 889 976 nostri
904 939 1154 976 Cisterciensis
1172 939 1315 977 ordinis
1329 940 1368 977 in
1383 932 1633 987 monasteriis,
1647 942 1825 989 cellariis,
1842 944 2004 995 grangiis
2019 936 2026 943 ’

477 1011 541 1035 seu
559 997 848 1048 quibuscunque
871 997 962 1034 locis
993 997 1075 1034 aliis
1099 998 1417 1036 commorantibus
1439 999 1485 1035 ad
1511 1012 1606 1050 quos
1629 1005 1838 1050 praesentes
1863 1001 2005 1040 litterae

477 1057 722 1108 pervenerint,
730 1057 858 1094 fratres
873 1057 1312 1095 HenricusCisterciensis
1325 1063 1361 1095 et
1372 1058 1534 1096 Joannes
1549 1058 1826 1098 Clarevallensis
1840 1060 2003 1107 abbates,

476 1116 630 1153 salutem
648 1120 683 1152 et
697 1115 880 1152 mandatis
899 1115 1134 1166 superiorum
1152 1115 1308 1153 firmiter
1324 1116 1485 1153 obedire.

524 1175 618 1211 Cum
636 1174 736 1225 apud
754 1187 876 1220 veros,
903 1174 1156 1225 discretosque
1176 1174 1321 1224 judices
1339 1188 1456 1225 aequa
1481 1175 1714 1213 discretionis
1732 1175 1837 1213 lance
1854 1176 2003 1228 pondus

477 1233 634 1270 libratur
650 1233 831 1269 examinis
842 1261 851 1279 ,
868 1232 972 1269 decet
988 1237 1046 1279 ut,
1065 1233 1161 1270 sicut
1178 1233 1273 1270 bene
1290 1233 1430 1270 meritis
1448 1233 1608 1284 amplior
1624 1233 1671 1270 ab
1688 1233 1826 1272 eisdem
1843 1234 2004 1272 adicitur

474 1292 606 1343 gratia,
624 1292 677 1329 sic
694 1306 713 1329 e
731 1292 916 1329 contrario
935 1292 1138 1330 rebellibus
1166 1297 1202 1329 et
1227 1292 1449 1336 ambitiosis,
1471 1305 1662 1343 vanosque
1683 1293 1814 1330 mundi
1844 1292 2003 1331 honores

475 1351 639 1388 indebite
652 1351 957 1401 procurantibus,
975 1351 1087 1388 totius
1106 1351 1375 1388 benivolentiae
1401 1351 1611 1401 prosecutio
1635 1351 1905 1389 substrahatur.
1924 1351 2004 1389 Hoc

475 1415 595 1446 autem
616 1414 705 1446 tunc
716 1422 844 1446 verum
863 1409 911 1446 sit
928 1422 1012 1446 cum
1027 1423 1073 1446 ex
1085 1409 1254 1460 denegati
1271 1410 1406 1446 favoris
1421 1409 1587 1446 molestia
1599 1422 1789 1460 possessor
1803 1408 2002 1460 impudens

475 1467 647 1518 intelligit
663 1467 764 1518 quod
778 1467 824 1504 ad
839 1468 895 1504 sui
910 1468 1102 1504 cumulum
1121 1467 1312 1504 dedecoris
1326 1467 1461 1504 salsum
1476 1467 1656 1504 honorem
1670 1467 1875 1517 possideat,
1890 1478 2002 1517 quem

473 1527 680 1578 impudenti
699 1527 922 1564 conscientia
937 1527 1114 1564 fallaciter
1126 1527 1332 1578 acquisivit.
1355 1527 1601 1577 lntelligentes
1618 1527 1732 1577 igitur
1748 1526 1851 1577 quod
1872 1527 2001 1565 fratres

470 1585 659 1623 sohannes
673 1585 719 1621 de
729 1585 854 1622 Laude
867 1589 903 1622 et
917 1585 1126 1622 Bernardus
1140 1585 1185 1622 de
1200 1585 1401 1622 Claravalle
1414 1584 1600 1631 monaehi,
1610 1597 1772 1635 quorum
1787 1597 1863 1622 non
1877 1585 1999 1623 solum

472 1644 652 1690 filiorum,
670 1644 734 1680 sed
747 1643 857 1680 etiam
873 1644 1184 1681 mercenariorum
1199 1643 1364 1680 fidelium
1379 1643 1530 1680 nomina
1544 1647 1816 1693 promerentur,
1836 1647 1878 1680 ut
1893 1656 2002 1681 sanc-

472 1707 546 1739 tam
559 1701 701 1739 ordinis
718 1701 953 1752 disciplinam
969 1701 1140 1752 effugere,
1148 1701 1427 1751 evagationibus
1437 1700 1634 1738 inutilibus
1648 1700 1695 1737 ad
1708 1700 1859 1737 libitum
1873 1714 2003 1744 vacare

472 1773 514 1796 ac
531 1760 608 1797 suis
624 1760 878 1810 voluptatibus
897 1760 935 1796 in
953 1773 1104 1796 suarum
1122 1760 1331 1796 animarum
1357 1758 1596 1809 dispendium
1620 1763 1656 1795 et
1675 1758 1818 1796 ordinis
1845 1759 2007 1797 scande-‘-

471 1819 549 1855 lum
564 1819 709 1855 valeant
725 1818 928 1865 deservire,
943 1818 1124 1869 quosdam
1139 1819 1299 1856 honores
1313 1818 1539 1869 episcopales
1554 1831 1599 1854 ex
1611 1818 1779 1854 locorum
1794 1817 2001 1868 ignorantia

472 1890 586 1914 vanos
601 1881 637 1913 et
649 1876 744 1927 proh
759 1877 898 1927 pudor!
918 1878 1015 1914 sicut
1028 1891 1048 1914 a
1062 1878 1260 1928 fidedignis
1278 1882 1314 1915 et
1331 1877 1506 1928 gravibus
1524 1877 1692 1927 personis
1709 1876 1938 1927 accepimus,
1955 1890 2001 1914 ex

472 1935 598 1972 illicita
629 1940 665 1972 et
687 1935 884 1986 nephanda
908 1936 1142 1986 symoniacae
1160 1937 1350 1987 pravitatis
1367 1935 1602 1987 promotione
1624 1934 1837 1986 prophanos
1857 1934 2001 1981 illicite,

469 1994 570 2044 quod
585 1993 739 2030 omnino
753 1994 873 2031 veraci
889 1995 1088 2032 assertione
1103 1995 1322 2041 didicimus,
1339 2000 1375 2032 et
1388 1999 1515 2031 contra
1530 1998 1654 2031 nostra
1672 1993 1815 2031 ordinis
1834 1993 2000 2030 instituta

471 2065 513 2088 ac
536 2052 645 2088 etiam
674 2052 927 2089 fraudulenter
954 2053 1217 2103 impetrarunt,
1236 2053 1344 2090 dictis
1369 2052 1575 2090 honoribus
1601 2051 1724 2089 taliter
1741 2051 1948 2102 impetratis
1965 2055 2002 2089 et

473 2114 569 2145 certa
595 2110 812 2147 eorumdem
836 2111 976 2147 malitia
1002 2111 1227 2161 procuratis,
1246 2111 1378 2162 spretis
1399 2106 1582 2147 mandatis
1610 2114 1646 2147 et
1671 2109 2000 2147 constitutionibus

473 2168 613 2204 ordinis
631 2168 841 2205 abutentes:
860 2169 966 2206 vobis
984 2174 1020 2206 et
1037 2174 1201 2206 vestrum
1220 2169 1373 2206 cuilibet
1393 2169 1432 2205 in
1450 2169 1586 2205 virtute
1604 2172 1750 2205 sanetae
1767 2167 2001 2205 obedientiae

470 2237 511 2260 ac
529 2225 599 2261 sub
618 2238 736 2275 poena
755 2227 1149 2264 excommunicationis
1166 2227 1330 2264 districte
1349 2226 1609 2276 praecipiendo
1631 2225 1851 2262 mandamus
1869 2229 2000 2276 quate-

469 2295 537 2319 nus
556 2283 584 2319 si
604 2284 810 2333 praedictos
827 2298 901 2321 non
920 2285 1016 2322 sicut
1033 2287 1155 2322 Aaron
1177 2299 1196 2322 a
1215 2286 1294 2322 Deo
1311 2289 1475 2330 vocatos,
1492 2284 1556 2321 sed
1574 2284 1698 2334 potius
1717 2283 1847 2320 crebro
1866 2283 1999 2321 Satha-

475 2353 542 2376 nae
560 2341 745 2389 expositos
763 2347 798 2378 et
815 2343 1028 2391 symoniaca
1053 2343 1257 2380 ambitione
1273 2343 1421 2380 delusos
1439 2346 1475 2379 et
1491 2342 1538 2378 ab
1557 2342 1689 2382 ordine
1706 2341 1997 2391 persequendos,

468 2398 525 2435 vel
539 2399 695 2436 alterum
713 2400 880 2450 ipsorum
897 2401 943 2438 ad
957 2402 1087 2439 domos
1101 2407 1239 2439 vestras
1257 2401 1438 2439 divertere
1451 2414 1516 2438 seu
1530 2400 1656 2438 venire
1673 2399 1884 2450 contigerit,
1898 2399 1997 2450 ipsos
