2184 3074
495 250 569 288 584
1043 247 1204 285 CODEX
1231 248 1472 286 DUNENSlS.

496 370 531 404 et
555 365 828 417 pertinentibus
852 364 899 400 ad
918 364 1015 400 idem
1045 363 1246 413 negotium.
1273 364 1319 400 Et
1343 367 1387 400 ut
1411 367 1539 401 contra
1569 364 1787 414 hujusmodi
1809 378 2022 416 processum

494 425 616 462 omnis
634 423 867 473 calumpniae
885 422 1036 459 tollatur
1053 421 1216 466 occasio,
1232 421 1355 471 ipsum
1374 422 1413 458 in
1431 422 1619 459 audientia
1634 427 1759 460 nostra
1772 424 1922 474 publice
1934 436 2024 474 pro-

493 483 656 519 vidimus
681 494 726 518 ex
753 484 851 517 certa
877 479 1028 516 scientia
1048 479 1260 515 denuntiari
1279 479 1430 529 publice
1447 484 1482 517 et
1499 480 1740 530 solempniter
1760 481 1965 531 publicari3
1988 486 2024 519 et

495 545 537 577 ut
561 540 659 576 dicta
687 539 813 575 citatio
835 537 881 574 ad
912 550 1148 574 communem
1175 538 1344 574 omnium
1370 538 1540 575 notitiam
1563 537 1779 585 deducatur,
1809 543 1926 576 cartas
1947 539 2025 577 sive

497 599 732 636 membranas
751 608 963 647 processum
991 595 1177 632 citationis
1204 595 1420 645 hujusmodi
1445 596 1692 643 continentes,
1715 597 1912 648 bullasque
1937 611 2025 635 nos-

497 663 570 695 tras
599 656 777 700 bullatas,
801 655 958 691 fratrum
985 654 1174 691 minorum
1204 667 1246 691 ac
1271 654 1566 704 praedicatorum
1602 655 1640 692 in
1666 668 1827 706 quorum
1849 655 2025 694 domibus

496 715 706 753 habitamus
739 713 785 749 ad
815 725 1005 762 praesens,
1032 712 1271 749 ecclesiarum
1298 712 1482 750 Avinione
1513 713 1675 764 appendi
1706 718 1743 751 et
1767 713 1866 764 affigi
1893 714 2024 752 hostiis

495 773 691 818 faciemus,
718 783 814 821 quae
845 770 1057 807 citationem
1083 769 1300 819 hujusmodi
1326 771 1432 820 quasi
1457 783 1592 808 sonoro
1618 772 1817 822 praeconio
1837 775 1874 808 et
1897 772 2024 822 patulo

490 831 634 882 judicio
652 829 918 881 publicabunt,
934 829 983 866 ita
997 829 1100 880 quod
1115 829 1293 880 praedicti
1307 843 1404 880 quos
1418 829 1635 879 hujusmodi
1649 830 1774 867 citatio
1789 830 1921 880 tangit,
1935 843 2026 868 eau-

496 890 568 927 sari
593 892 780 938 nequeant
795 888 899 938 quod
918 900 994 924 non
1012 887 1221 938 pervenerit
1238 887 1285 924 ad
1304 887 1404 938 ipsos
1421 888 1479 924 vel
1498 887 1600 938 quod
1618 888 1824 939 ignorarint
1839 887 2024 934 eamdem,

493 962 580 986 cum
609 960 684 984 non
713 947 761 984 sit
784 946 985 983 verisimile
1010 959 1200 983 remanere
1223 946 1348 997 quoad
1373 946 1474 997 ipsos
1497 946 1729 998 incognitum
1746 947 1803 984 vel
1821 947 2025 991 oecultum,

494 1006 596 1058 quod
615 1011 688 1043 tam
715 1009 884 1055 patenter
901 1004 1077 1041 omnibus
1095 1004 1319 1055 publicatur.

544 1066 679 1102 Actum
698 1063 882 1101 Avinione
900 1064 938 1100 in
958 1063 1156 1114 praedictis
1173 1063 1349 1101 domibus
1367 1064 1522 1101 fratrum
1540 1064 1836 1115 praedicatorum
1853 1063 2024 1101 videlicet

494 1125 533 1161 in
552 1123 636 1160 aula
655 1121 822 1159 inferiori
841 1122 880 1158 in
896 1134 971 1172 qua
989 1122 1252 1159 consistorium
1270 1121 1422 1172 publice
1440 1122 1673 1169 tenebamus,
1692 1122 1775 1160 idus
1793 1121 2024 1172 septembris,

494 1182 731 1233 pontificatus
750 1181 866 1218 nostri
885 1193 984 1218 anno
1002 1185 1146 1231 quarto.

1203 1301 1303 1312 ι-οοσ-

1174 1455 1341 1493 CCLXV.

569 1575 617 1611 Le
630 1587 840 1624 procureur
856 1573 899 1610 de
922 1572 1069 1611 Thosan
1094 1585 1223 1622 expose
1242 1572 1291 1609 les
1309 1571 1425 1608 droit-3
1451 1576 1485 1607 et
1508 1569 1557 1607 les
1578 1568 1775 1619 privile'qes
1793 1567 1950 1606 attachds

866 1634 875 1639 ‘
960 1632 984 1668 ἀ
1013 1631 1049 1671 la
1070 1636 1176 1680 porte
1201 1630 1245 1667 de
1270 1642 1308 1667 ce
1333 1630 1545 1666 mona-scere.

543 1829 674 1865 Coram
702 1826 825 1872 vobis,
844 1826 995 1863 domine
1019 1825 1188 1862 officialis
1211 1823 1470 1868 Tornacensis,
1499 1823 1538 1858 in
1559 1822 1645 1871 jure
1671 1820 1762 1857 dicit
1785 1824 1821 1857 et
1850 1819 2026 1870 proponit

494 1891 713 1938 procurator
729 1889 857 1936 portae
874 1898 937 1922 seu
958 1884 1180 1921 elemosinae
1198 1882 1411 1919 monasterii
1429 1881 1476 1917 de
1492 1880 1638 1918 Thosan
1651 1908 1660 1925 ,
1679 1877 1830 1916 nomine
1847 1888 2025 1928 procura—

494 1945 606 1990 torio,
634 1957 703 1994 pro
722 1943 821 1980 dicta
848 1947 954 1992 porta
976 1955 1039 1979 seu
1062 1941 1263 1978 elemosina
1283 1944 1410 1977 contra
1428 1939 1593 1976 relictam
1612 1942 1648 1974 et
1664 1936 1816 1974 heredes
1833 1935 2024 1987 quondam

494 2002 638 2041 domini
664 2001 848 2039 Johannis
875 2001 1042 2045 Storens,
1070 1998 1217 2044 militis,
1242 1997 1345 2048 quod
1371 1997 1456 2034 licet
1478 1995 1669 2047 quondam
1688 1992 1879 2032 Elizabeth
1900 1992 2025 2031 relicta

496 2062 664 2113 Hugonis
683 2060 850 2105 Storens,
870 2064 1034 2109 tempore
1055 2071 1130 2109 quo
1155 2058 1322 2103 vivebat,
1347 2060 1384 2093 et
1400 2060 1484 2106 post
1507 2054 1587 2104 ejus
1605 2054 1796 2090 decessum
1815 2050 2024 2102 praedictus

495 2120 684 2171 quondam
708 2119 884 2156 dominus
901 2118 1091 2156 Johannes
1109 2117 1280 2161 Storens,
1306 2115 1385 2166 ejus
1410 2114 1529 2159 filius,
1554 2117 1591 2150 et
1613 2125 1655 2149 eo
1674 2111 1850 2148 defuncto
1867 2109 1956 2146 dicti
1973 2108 2025 2146 rei

494 2179 644 2228 obligati
665 2177 803 2214 fuerint
820 2181 856 2213 et
873 2177 996 2213 adhuc
1014 2176 1066 2212 rei
1090 2175 1243 2226 obligati
1263 2174 1338 2211 sint
1355 2173 1474 2210 dictae
1499 2175 1627 2222 portae
1652 2182 1717 2207 seu
1741 2167 1962 2205 elemosinae
1986 2167 2024 2204 in

494 2249 619 2273 annuo
633 2235 782 2272 redditu
795 2239 963 2271 veterum
973 2234 1037 2276 XL
1046 2233 1252 2271 solidorum
1266 2231 1503 2269 Flandrensis
1517 2230 1637 2267 bonae
1651 2241 1716 2266 seu
1730 2226 1836 2264 sortis
1849 2225 2024 2275 antiquae

496 2298 662 2330 monetae
680 2293 718 2329 in
739 2293 837 2329 bona
863 2297 1010 2329 moneta
1031 2292 1170 2342 pluries
1193 2291 1315 2328 soluto
1340 2295 1377 2327 et
1393 2289 1486 2326 solvi
1515 2291 1692 2325 consueto
1715 2284 1872 2335 singulis
1898 2282 2024 2330 annis,

495 2352 683 2389 mediatim
703 2351 740 2387 in
760 2352 851 2387 festo
870 2350 1077 2387 Nativitatis
1095 2349 1247 2386 Domini
1266 2353 1301 2385 et
1323 2347 1512 2385 mediatim
1531 2346 1570 2382 in
1592 2345 1683 2382 festo
1700 2340 1907 2382 Nativitatis
1921 2341 2023 2378 Beati
