2184 3074
739 246 901 286 conEx
926 246 1169 286 DUNENSIS.
1643 245 1715 283 39³

189 365 376 412 culturae,
400 365 636 417 salubrisque
663 364 852 402 custodiae
884 377 950 402 nos
974 363 1152 401 debemus
1178 363 1393 401 ministeriis
1418 375 1587 400 exercere
1613 366 1654 398 ut
1676 359 1715 396 in

191 423 270 474 ipsa
295 423 574 474 infatigabiliter
597 426 791 474 operantes
815 422 1044 473 extirpandis
1071 422 1247 459 vitiorum
1273 421 1390 472 spinis
1415 425 1451 458 et
1481 423 1715 471 peccatorum

191 482 338 520 tribulis
368 495 464 534 quae
492 482 725 533 superficiem
755 481 836 531 ejus
869 481 1055 518 interdum
1085 480 1310 518 obumbrare
1339 484 1539 526 conantur,
1570 490 1715 515 necnon

190 541 401 592 plantandis
424 541 604 579 virtutum
627 541 874 592 germinibus,
896 540 934 577 in
958 540 1096 591 quibus
1115 539 1323 577 Altissimus
1340 538 1554 584 delectatur,
1573 537 1715 574 fervore

190 599 341 650 spiritus
367 603 404 637 et
426 598 595 650 diligenti
619 597 870 636 sollieitudine
898 597 1143 642 intendendo,
1171 597 1288 648 ipsam
1318 596 1365 634 ab
1395 596 1468 633 illis
1498 594 1711 647 praesertim

189 657 437 695 offensionum
454 656 734 694 discriminibus
753 662 940 702 tueamur,
957 669 1054 708 quae
1070 656 1140 693 sub
1158 655 1302 706 pietatis
1319 654 1440 706 specie
1459 653 1604 691 cautius
1621 653 1713 690 sub-

189 715 367 755 intrantes
396 715 585 753 difficilius
610 719 885 766 praecaventur.
917 715 1011 753 Sane
1043 719 1115 751 tam
1146 714 1467 765 praedecessorum
1499 717 1711 750 nostrorum

189 774 442 813 Romanorum
464 773 683 824 pontificum
709 786 821 824 quam
846 773 981 811 nostris
1006 773 1229 810 continuatis
1257 771 1460 809 successive
1481 770 1712 821 temporibus

187 843 233 870 ex
251 833 411 869 clamore
427 832 551 869 valido
568 836 604 869 et
621 831 872 869 insinuatione
889 832 1026 869 famosa
1045 831 1090 868 ad
1110 831 1278 868 notitiam
1298 830 1401 868 Sedis
1417 829 1647 880 Apostolicae
1659 831 1714 865 est

187 890 388 927 deductum
405 889 508 941 quod
525 894 781 941 praeceptores
799 895 835 927 et
854 890 983 927 fratres
1006 889 1205 940 Hospitalis
1225 888 1380 926 Sanctae
1398 886 1531 924 Mariae
1547 886 1713 923 Theuto-

187 946 356 984 nieorum
371 947 418 984 ad
432 947 504 985 hoc
517 948 639 986 solum
653 961 719 998 per
733 948 864 985 Sedem
879 948 1046 985 eamdem
1063 948 1100 984 in
1115 947 1282 997 Rigensi,
1298 946 1471 984 Livoniae
1484 950 1520 982 et
1538 945 1711 982 Prusciae

185 1006 387 1057 provinciis
405 1007 595 1044 constituti
614 1011 656 1044 ut
676 1007 845 1044 ecclesias
871 1012 908 1044 et
927 1019 1101 1058 personas
1125 1005 1406 1051 ecclesiasticas,
1425 1004 1561 1042 aliosve
1582 1003 1711 1040 catho-

185 1063 277 1101 licae
297 1064 383 1101 fidei
405 1065 630 1115 professores
652 1065 749 1102 vallo
771 1065 1001 1103 fortitudinis
1022 1065 1230 1102 munientes
1255 1064 1354 1115 ipsos
1379 1077 1399 1100 a
1423 1074 1651 1114 paganorum
1675 1064 1711 1098 et

184 1122 477 1161 scismaticorum
504 1128 678 1162 tueantur
701 1124 931 1170 incursibus,
954 1129 991 1161 et
1013 1124 1059 1161 ad
1085 1123 1315 1161 dilatandum
1336 1123 1387 1160 ibi
1405 1121 1606 1160 catholicae
1622 1120 1708 1157 fidei

185 1185 383 1218 nomen-et
408 1182 550 1219 cultum
572 1182 712 1233 jugiter
736 1183 945 1229 elaborent,
968 1183 1006 1220 in
1028 1195 1195 1233 gravem,
1220 1182 1316 1233 proh
1340 1181 1463 1219 dolor!
1493 1179 1607 1217 nostri
1638 1180 1711 1218 lle-

184 1239 388 1290 demptoris
412 1240 610 1290 injuriam,
635 1241 802 1279 fidelium
834 1246 1053 1279 cunctorum
1087 1241 1332 1292 obprobrium
1362 1245 1398 1277 et
1426 1239 1591 1290 ejusdem
1623 1237 1708 1275 fidei

183 1296 463 1344 detrimentum,
482 1298 567 1335 facti
586 1303 674 1336 sunt
691 1299 813 1336 hostes
835 1299 1027 1337 domestici
1046 1304 1081 1336 et
1099 1299 1296 1336 familiares
1314 1297 1473 1343 inimici,
1492 1310 1565 1334 non
1586 1296 1709 1333 insur-

181 1359 307 1405 gentes
329 1368 399 1405 pro
422 1355 558 1393 Christi
582 1357 734 1394 nomine
756 1358 930 1395 adversus
958 1357 1080 1395 hostes
1100 1357 1205 1403 fidei,
1228 1356 1289 1394 sed
1313 1357 1349 1392 in
1375 1368 1502 1392 eorum
1526 1355 1708 1401 savorem,

180 1413 283 1464 quod
299 1418 423 1464 stupet
435 1414 600 1461 auditus,
615 1415 727 1453 variis
744 1415 987 1453 calliditatum
1003 1416 1200 1466 generibus
1214 1415 1430 1452 dimicantes
1444 1414 1566 1464 potius
1580 1418 1707 1450 contra

180 1471 386 1519 Christum,
407 1472 454 1509 ad
477 1472 515 1510 id
536 1474 745 1524 praecipue,
768 1479 880 1525 prout
901 1474 1085 1511 evidentia
1105 1475 1189 1511 sacti
1208 1473 1401 1511 ostendere
1418 1473 1565 1518 dicitur,
1584 1473 1707 1509 inten-

179 1529 306 1567 dentes
320 1535 362 1567 ut
373 1530 535 1568 ecclesiis
550 1531 740 1578 omnibus,
757 1545 958 1583 earumque
972 1533 1207 1570 facultatibus
1218 1562 1226 1578 ,
1242 1532 1398 1582 aliisque
1411 1531 1519 1568 bonis
1539 1530 1705 1567 fidelium

180 1587 362 1625 dictarum
388 1589 549 1638 partium
573 1602 701 1627 eorum
731 1590 859 1628 usibus
885 1591 1076 1642 applicatis
1104 1591 1140 1628 in
1165 1604 1287 1627 rerum
1310 1590 1555 1640 amplitudine
1578 1594 1706 1626 conta-

180 1646 345 1691 bescant,
364 1651 516 1697 propter
534 1648 654 1697 quod,
673 1648 823 1686 dimissa
841 1649 976 1687 Christi
997 1650 1143 1694 militia,
1164 1662 1264 1686 nunc
1279 1654 1405 1685 contra
1425 1647 1559 1684 Christi
1579 1647 1705 1684 lideles

179 1703 290 1741 armis
311 1705 497 1755 nequitiae
518 1705 658 1742 bellum
686 1707 895 1744 miserabile
920 1708 1167 1752 conserentes,
1191 1706 1390 1743 nonnullos
1410 1706 1706 1756 archiepiscopos

178 1767 214 1800 et
234 1763 427 1813 episcopos
449 1763 515 1814 qui
535 1764 673 1802 suerint
690 1778 758 1815 pro
777 1769 956 1816 tempore,
975 1766 1140 1816 aliosque
1159 1766 1338 1815 praelatos
1363 1765 1399 1802 in
1419 1764 1597 1814 dignitate
1615 1777 1705 1800 con-

177 1821 323 1857 stitutos
345 1825 380 1858 et
401 1833 577 1871 personas
599 1823 860 1860 ecclesiasticas
887 1824 1033 1861 illarum
1056 1824 1233 1874 partium,
1249 1836 1323 1860 non
1342 1823 1482 1873 absque
1502 1822 1700 1871 injectione

178 1893 355 1918 manuum
380 1881 418 1917 in
442 1881 559 1931 ipsos,
585 1882 652 1918 Dei
678 1882 808 1919 timore
826 1883 1047 1933 postposito,
1067 1888 1216 1928 temere,
1235 1882 1415 1926 violento,
1434 1881 1638 1917 detestabili
1665 1884 1700 1916 et

176 1938 352 1988 sacrilego
376 1951 468 1975 ausu
495 1952 642 1989 capere,
661 1939 752 1977 diris
772 1941 983 1991 mancipare
1001 1941 1209 1977 carceribus
1233 1945 1269 1977 et
1290 1940 1378 1976 alias
1400 1940 1451 1975 eis
1472 1951 1599 1988 graves
1617 1951 1700 1975 cor-

175 1997 318 2047 porales
336 1996 553 2034 afflictiones
572 1998 707 2036 inferre
724 1999 1010 2049 dampnabiliter
1026 2003 1361 2050 praesumpserunt.
1381 1998 1440 2035 Sic
1457 1998 1503 2033 de
1520 2002 1700 2047 quatuor-

175 2053 294 2091 decim
325 2055 487 2092 ecclesiis
514 2056 752 2106 suffraganeis
782 2071 874 2107 quas
909 2057 1077 2107 Rigensis
1107 2057 1256 2093 ecclesia
1291 2055 1504 2105 metropolis
1538 2055 1699 2104 partium

175 2111 388 2148 earumdem
412 2112 548 2150 habere
574 2121 829 2162 consueverat,
855 2121 992 2166 septem
1019 2115 1178 2152 totaliter
1201 2114 1431 2158 deleverunt,
1454 2119 1591 2163 septem
1619 2113 1699 2150 aliis

173 2169 211 2205 in
235 2169 296 2206 tali
320 2174 416 2206 statu
441 2171 602 2209 dimissis
626 2177 667 2209 ut
694 2173 777 2223 plus
802 2173 876 2210 sint
901 2173 1071 2210 dedecori
1094 2178 1129 2209 et
1152 2172 1284 2222 pudori
1301 2171 1489 2208 decentiae
1507 2171 1698 2221 pastoralis

173 2238 285 2277 quam
304 2227 333 2264 si
354 2228 501 2278 penitus
520 2241 593 2266 non
611 2230 797 2276 adessent,
818 2244 902 2267 nam
921 2230 967 2267 de
985 2235 1145 2280 quatuor
1164 2243 1289 2266 earum
1309 2229 1432 2278 ejectis
1454 2229 1640 2265 canonicis
1660 2229 1696 2265 in

173 2284 224 2322 cis
249 2285 426 2322 canonice
448 2286 643 2334 institutis,
664 2289 792 2327 fratres
813 2289 870 2325 sui
893 2289 1035 2325 ordinis
1051 2302 1118 2338 pro
1136 2287 1323 2324 canonicis
1346 2287 1383 2323 in
1406 2287 1512 2323 dictis
1535 2287 1697 2323 ecclesiis

175 2343 406 2391 locaverunt,
428 2358 522 2395 quos
548 2346 586 2383 in
608 2346 745 2384 eisdem
766 2347 812 2384 de
831 2348 925 2384 facto
947 2347 1145 2383 instituunt
1162 2351 1196 2383 et
1210 2346 1416 2383 destituunt
1433 2345 1528 2382 sicut
1546 2345 1695 2389 volunt,
1759 2385 1762 2387 ,
