2184 3074
737 378 895 417 CODEx
924 377 1171 418 DUNENsls.
1647 381 1721 417 475

843 543 1060 582 cccxxvl.

548 661 669 698 Lectre
686 661 834 699 relative
851 674 901 699 au
918 661 977 699 vol
993 661 1084 699 d’un
1101 661 1358 712 martyroloqe.

235 854 348 893 Vobis
366 861 403 893 et
419 856 574 894 cuilibet
590 861 753 894 vestrum
772 870 857 894 cum
876 857 998 896 cordis
1018 858 1266 895 amaritudine
1284 857 1461 896 duximus
1480 855 1713 895 referendum

183 913 286 964 quod
307 914 482 965 quidam,
511 915 642 952 timore
667 915 735 953 Dei
762 916 986 966 postposito,
1013 916 1168 954 salutem
1193 917 1402 954 animarum
1425 915 1713 967 viiipendentcs7

184 971 221 1008 in
244 972 396 1010 ecclesia
415 977 451 1010 et
471 973 692 1011 monasterio
716 973 854 1012 librum
873 975 1073 1025 quemdam
1100 980 1267 1012 nostrum
1293 980 1329 1012 et
1351 975 1398 1012 ad
1416 974 1605 1012 ecclesiam
1626 986 1715 1010 nos-

183 1034 276 1067 tram
299 1032 564 1081 pertinentem,
589 1032 654 1083 qui
680 1032 792 1082 vulgo
824 1033 962 1070 dicitur
992 1034 1293 1084 martirilogium,
1320 1034 1447 1071 furtim
1478 1036 1656 1084 ceperunt
1679 1036 1715 1068 ct

183 1092 475 1138 asportaverunt.
493 1090 565 1138 Qui
584 1090 679 1128 liber
700 1091 927 1129 necessarius
946 1092 1054 1130 nobis
1072 1098 1166 1139 crat7
1186 1093 1285 1131 utilis
1303 1098 1339 1130 ct
1356 1092 1546 1144 proficuus
1564 1096 1600 1128 ct
1614 1091 1714 1128 mu!-

183 1150 306 1183 torum
338 1146 376 1184 in
405 1161 444 1184 se
474 1148 669 1186 continens
700 1150 916 1187 memoriam
948 1150 1208 1188 defunctorum
1236 1151 1301 1202 qui
1334 1151 1442 1188 nobis
1475 1156 1510 1187 et
1539 1149 1714 1187 ecclesiae

184 1209 329 1242 nostrae
348 1218 415 1256 pro
441 1206 517 1244 suis
539 1206 799 1245 anniversariis
820 1208 998 1245 faciendis
1018 1209 1152 1246 multas
1170 1214 1206 1246 et
1228 1209 1346 1260 largas
1372 1209 1590 1246 donationes
1616 1207 1713 1244 sece-

183 1267 271 1301 runt
288 1268 324 1301 et
341 1277 386 1301 ex
405 1265 554 1315 speciali
576 1265 773 1303 devotione
793 1267 1042 1304 contulerunt.
1063 1267 1117 1305 Ad
1136 1268 1244 1318 cujus
1263 1268 1349 1305 libri
1375 1267 1690 1318 recuperationem
1703 1296 1711 1312 2

179 1321 307 1368 talem,
330 1321 578 1360 exhibitorem
599 1324 869 1374 praesentium⁷
895 1324 941 1362 ad
965 1338 1028 1362 vos
1050 1325 1120 1362 sub
1137 1325 1264 1363 debito
1282 1326 1443 1363 caritatis
1461 1325 1711 1370 destinamus,

179 1380 430 1431 supplicantes
453 1386 636 1432 quatenus
654 1382 692 1419 in
709 1383 872 1421 ecclesiis
895 1387 930 1420 et
952 1383 1041 1421 iocis
1065 1384 1193 1421 vestris
1215 1384 1385 1422 subditos
1404 1389 1543 1422 vestros
1562 1396 1712 1421 monere

177 1438 296 1476 velitis
314 1452 426 1490 super
447 1439 547 1477 dicto
572 1440 670 1477 libro
693 1446 734 1478 ut
760 1441 831 1492 ipsi
854 1442 925 1479 sub
952 1455 1070 1493 poena
1092 1443 1269 1480 canonica
1290 1444 1384 1480 infra
1403 1448 1543 1480 certum
1566 1448 1711 1493 tempus

177 1496 337 1534 reserant
354 1497 560 1545 veritatem,
578 1498 608 1535 si
627 1499 720 1549 quid
738 1499 784 1536 de
807 1500 904 1537 dicto
930 1500 1027 1538 libro
1051 1501 1238 1539 audierint
1263 1502 1318 1538 vel
1341 1502 1568 1552 explorarint
1588 1506 1623 1538 et
1643 1513 1711 1551 po-

178 1554 316 1591 tuerint
333 1555 540 1606 explorare,
561 1569 627 1594 nos
646 1570 760 1608 super
776 1558 1004 1609 praemissis,
1026 1559 1091 1610 qui
1111 1573 1195 1610 erga
1215 1559 1424 1597 inventores
1444 1559 1611 1596 liberales
1634 1572 1711 1596 esse

177 1611 367 1658 volumus,
387 1618 498 1663 prout
515 1614 749 1652 commodius
768 1616 977 1666 potueritis,
994 1617 1247 1655 certificantes.

895 1729 1016 1741 *-

824 1854 1060 1893 cccxxvii.

177 1970 295 2007 Leltre
318 1970 341 2007 ἀ
367 1969 480 2007 Ιάὁόὁ
502 1970 546 2008 de
574 1972 728 2009 Citeauae
753 1984 822 2008 sur
847 1971 896 2009 les
925 1972 1095 2010 obstacles
1121 1975 1203 2024 qui,
1220 1987 1295 2024 par
1310 1976 1403 2012 suite
1420 1975 1463 2012 de
1489 1975 1526 2012 la
1553 1988 1704 2025 qnerre,

223 2027 429 2078 empechent
448 2029 498 2067 les
523 2029 626 2067 abbas
647 2029 691 2067 de
712 2029 878 2068 Flandre
908 2030 952 2068 de
980 2044 1017 2069 se
1047 2032 1182 2070 rendre
1211 2046 1260 2070 au
1290 2032 1454 2083 claapilre
1481 2034 1633 2084 qe'ne'ra!
1661 2033 1705 2070 de

227 2085 363 2123 l’ordre
388 2086 432 2124 de
458 2088 622 2125 Citeaux.

226 2251 450 2290 Reverendis
473 2254 641 2304 patribus
667 2259 702 2291 et
726 2255 762 2291 in
789 2255 936 2293 Christo
958 2257 1162 2306 plurimum
1186 2257 1387 2295 venerabili
1407 2258 1561 2295 domino
1579 2258 1704 2295 abbati

177 2309 426 2358 Cisterchensi,
446 2312 588 2362 totique
602 2314 800 2350 conventui
819 2314 997 2351 abbatum
1017 2315 1168 2365 capituli
1187 2316 1385 2365 generalis,
1405 2316 1486 2353 taiis
1506 2317 1616 2354 totius
1636 2316 1707 2353 ho-

180 2369 278 2406 noris
297 2374 333 2406 ct
350 2369 575 2407 reverentiae
592 2371 862 2421 plenitudinem
881 2385 966 2409 cum
982 2373 1112 2413 salute.

226 2427 336 2464 Dirae
348 2427 606 2466 amaritudinis
621 2429 734 2466 calice
747 2443 792 2467 ex
805 2443 1021 2480 guerrarum
1041 2432 1354 2470 commotionibus
1372 2433 1443 2470 hiis
1462 2434 1707 2484 temporibus,

179 2485 412 2535 permittente
425 2486 599 2533 Domino,
616 2493 824 2526 nostrarum
840 2490 1001 2540 partium
1017 2490 1148 2528 incolis
1163 2492 1370 2542 propinata,
1386 2493 1598 2530 earumdem
1614 2493 1705 2530 fines

1512 2552 1560 2590 60
