2184 3074
739 317 901 356 conssx
931 318 1171 356 DUNENSlS.
1656 322 1725 358 179

187 433 337 485 elegerit
353 438 388 471 et
406 433 623 480 instituerit,
642 434 817 485 bonaque
835 447 900 474 sua
921 435 1046 472 omnia
1068 435 1219 472 mobilia
1238 441 1273 472 et
1289 436 1492 473 immobilia
1508 436 1726 485 ubicunque

186 491 380 530 existentia
406 493 444 529 in
471 505 604 529 manus
635 491 820 530 dictorum
851 497 1092 531 executorum
1118 506 1270 530 suorum
1301 494 1345 530 ad
1375 508 1469 545 opus
1495 493 1723 531 executionis

185 549 275 588 dicti
295 550 501 588 testamenti
519 562 586 588 seu
601 549 722 587 dictae
747 550 900 587 ultimae
917 563 1006 588 suae
1027 551 1230 588 voluntatis
1253 552 1418 602 posuerit
1447 557 1483 589 et
1504 551 1723 602 obligaverit

185 609 330 656 eadem,
344 613 384 647 et
393 608 502 647 nobis
515 608 563 646 sit
577 607 788 646 intimatum
807 608 912 660 quod
931 609 1081 659 laycalis
1091 609 1234 659 justitia
1253 609 1362 646 villae
1381 609 1600 660 Brugensis,
1620 609 1724 646 vide-

147 714 149 717 *
186 666 271 705 lieet
298 667 537 705 scabinorum
569 667 767 705 consilium
799 668 864 718 qui
896 668 1073 706 dicuntur
1101 673 1252 706 centum
1283 669 1468 714 homines,
1499 669 1659 706 ballivus
1688 673 1723 706 et

185 725 363 764 scultetus
381 725 599 778 Brugensis,
615 739 658 764 ac
675 726 786 768 etiam
803 726 891 764 dicti
905 726 1097 778 quondam
1112 726 1304 764 Gherwini
1324 727 1498 764 haeredes
1516 733 1551 764 et
1567 727 1721 778 quidam

186 783 248 822 alii
266 783 384 822 dictos
401 789 615 823 executores
642 785 918 836 impediverunt
935 789 972 822 et
989 785 1200 836 impediunt
1217 790 1254 822 et
1270 781 1393 823 adh'uc
1412 785 1721 836 impedimentum

187 847 374 893 praestant
389 847 426 880 et
442 843 597 890 faciunt,
614 857 679 882 seu
703 844 879 894 praestari
904 849 940 881 et
965 844 1044 881 fieri
1067 850 1284 895 procurant,
1308 858 1393 882 cum
1413 845 1563 882 effectus
1585 849 1620 881 et
1638 857 1723 894 per-

187 899 339 938 turbant
355 901 502 939 eosdem
521 906 558 939 et
573 901 744 940 nituntur
757 903 875 940 facere
886 903 1089 954 quominus
1107 902 1195 940 dicti
1216 908 1429 940 executores
1447 902 1588 939 dictum
1609 906 1722 939 testa-

186 962 354 996 mentum
370 971 436 996 seu
454 959 591 996 dictam
616 959 787 997 ultimam
808 960 1037 997 voluntatem
1066 960 1183 1011 ipsius
1203 961 1386 998 testatoris
1411 960 1543 1011 exequi
1563 960 1722 1002 valeant,

185 1021 223 1054 et.
243 1016 363 1055 dictos
383 1017 666 1057 executoresde
687 1017 797 1055 dictis
817 1018 926 1056 bonis
952 1018 998 1056 ad
1025 1031 1119 1069 opus
1145 1019 1373 1056 executionis
1395 1018 1602 1070 praedictae
1625 1018 1724 1055 obli-

183 1075 276 1127 gatis
297 1075 459 1126 gaudere
477 1089 552 1114 non
580 1076 820 1128 permittunt,
846 1077 885 1115 in
910 1077 1192 1128 praejudicium
1207 1078 1472 1125 ecclesiasticae
1490 1077 1723 1127 jurisdictio-

183 1133 396 1180 nis,·salutis
413 1134 559 1171 animae
576 1134 758 1172 testatoris
779 1134 1018 1186 dispendium
1037 1140 1072 1172 et
1093 1135 1308 1173 scandalum
1328 1136 1576 1186 plurimorum
1595 1140 1720 1173 contra

177 1192 241 1242 jus
259 1197 296 1230 et
304 1191 487 1242 justitiam
504 1192 542 1230 in
558 1192 629 1230 hoc
648 1206 724 1230 non
743 1193 935 1231 modicum
953 1186 1229 1245 attemptantes,
1248 1207 1332 1232 cum
1359 1200 1480 1231 tamen
1508 1199 1721 1240 executores

182 1249 362 1301 praedicti
381 1255 564 1301 quantum
585 1251 624 1288 in
643 1252 696 1289 eis
714 1255 770 1289 est
785 1251 903 1303 parati
922 1252 1061 1290 fuerint
1077 1257 1114 1290 et
1129 1252 1252 1290 adhuc
1273 1253 1347 1290 sint
1364 1252 1507 1289 dictum
1525 1257 1722 1289 testamen-

183 1313 264 1346 tum
290 1321 354 1346 seu
384 1308 522 1346 dictam
548 1309 718 1347 ultimam
745 1310 973 1348 voluntatem
1001 1310 1210 1348 executioni
1239 1310 1386 1348 debitae
1415 1310 1658 1347 demandare.
1687 1315 1720 1347 et

182 1366 306 1416 ipsum
333 1379 399 1404 seu
425 1367 542 1417 ipsam
568 1367 792 1419 adimplere,
817 1373 930 1419 prout
951 1369 1073 1416 decet,
1091 1382 1176 1406 cum
1201 1369 1332 1406 effectu
1358 1369 1562 1406 secundum
1586 1369 1720 1406 dictam

184 1424 354 1462 ultimam
379 1425 609 1463 voluntatem
629 1426 746 1477 ipsius
771 1427 972 1474 testatoris,
988 1427 1086 1465 sicut
1103 1428 1302 1478 praemissa
1322 1428 1429 1464 nobis
1449 1433 1534 1464 sunt
1555 1428 1719 1464 intimata

182 1487 218 1520 et
235 1483 348 1521 relata
367 1498 374 1520 :
405 1483 506 1521 unde
525 1497 591 1522 nos
617 1485 726 1522 saluti
752 1485 962 1523 animarum
986 1486 1183 1537 providere
1201 1486 1384 1531 volentes,
1407 1491 1447 1523 ut
1470 1492 1653 1532 tenemur,
1678 1499 1720 1522 ac

181 1541 646 1594 delinquentium-errores
669 1544 872 1594 corrigere,
891 1558 1036 1582 necnon
1051 1545 1351 1595 jurisdictionem
1378 1545 1657 1582 eeclesiasticam
1682 1544 1719 1581 in

181 1612 247 1637 sua
274 1600 443 1638 libertate
465 1601 609 1647 fovere,
631 1606 685 1648 et,
709 1606 820 1652 prout
848 1607 975 1640 nostro
1002 1603 1183 1640 incumbit
1207 1604 1350 1649 officio.¹
1376 1617 1486 1654 super
1508 1602 1579 1639 biis
1602 1616 1721 1639 reme-

183 1657 289 1695 dium
315 1663 544 1709 oportunum
572 1659 751 1697 adhibere
777 1661 1098 1712 quamplurimum
1121 1662 1347 1708 affectantes,
1366 1661 1472 1698 vobis
1493 1660 1668 1698 omnibus
1687 1665 1719 1696 et

179 1716 336 1766 singulis
360 1717 623 1768 praecipiendo
645 1718 866 1756 mandamus
898 1719 1034 1757 virtute
1056 1724 1203 1757 sanctae
1228 1719 1460 1757 obedientiae
1476 1719 1721 1769 injungentes

180 1779 364 1825 quatenus
387 1775 567 1812 moneatis
589 1775 787 1826 diligenter
808 1777 880 1814 sub
903 1777 1115 1815 testimonio
1141 1778 1363 1829 competenti
1392 1778 1573 1828 praefatos
1599 1777 1720 1813 scabi-

182 1845 263 1878 nos,
283 1833 461 1882 laycalem
476 1832 678 1882 justitiam,
697 1835 913 1882 eonsilium,
933 1835 1133 1883 ballivum,
1151 1837 1349 1873 scultetum
1362 1865 1371 1881 ,
1390 1835 1564 1873 haeredes
1582 1848 1624 1871 ac
1638 1847 1720 1870 om-

182 1903 246 1928 nes
263 1891 355 1928 alios
372 1891 418 1928 de
433 1891 572 1942 quibus
587 1892 730 1930 fueritis
744 1893 930 1944 requisiti,
945 1899 986 1932 ut
1001 1908 1020 1931 a
1034 1894 1143 1932 dictis
1159 1894 1442 1946 impediment0,
1457 1893 1718 1943 praestatione,

181 1949 358 1996 factione,
374 1950 653 2000 procuratione,
672 1951 758 1988 nisu
784 1956 820 1989 et
843 1953 1123 2002 perturbatione
1144 1957 1285 1991 cessent
1304 1953 1451 2003 penitus
1470 1956 1504 1987 et
1522 1950 1717 1987 desistant.

181 2013 216 2045 et
241 2007 360 2045 dictos
385 2013 599 2046 executores
627 2009 673 2046 de
698 2009 807 2047 bonis
835 2010 1033 2060 praedictis
1059 2011 1103 2047 ad
1135 2024 1230 2061 opus
1257 2009 1482 2047 executionis
1510 2007 1719 2058 praedictae

180 2065 352 2116 obligatis
379 2066 531 2104 nomine
555 2067 767 2104 executorio
796 2067 996 2118 disponere
1022 2074 1058 2105 et
1081 2069 1242 2119 gaudere
1269 2068 1483 2119 permittant
1509 2067 1659 2117 pacifice
1683 2070 1718 2102 ct

183 2123 322 2174 quiete,
348 2128 384 2160 et
414 2123 555 2161 dictum
585 2129 846 2163 testamentum
878 2139 943 2163 seu
974 2126 1112 2164 dictam
1142 2127 1309 2164 ultimam
1339 2126 1565 2162 voluntatem
1600 2124 1716 2175 ipsius

184 2181 366 2219 testatoris
385 2181 608 2233 adimplere,
623 2184 829 2221 secundum
848 2184 950 2235 quod
966 2184 1027 2234 jus
1052 2189 1087 2221 et
1109 2186 1202 2222 ratio
1220 2184 1445 2226 snadebunt;
1471 2188 1507 2220 et
1524 2183 1553 2219 si
1578 2196 1651 2233 qua
1672 2182 1718 2219 de

180 2239 289 2276 bonis
321 2238 516 2279 antedictis
546 2240 593 2277 ad
623 2240 760 2279 dictam
786 2242 1042 2280 executionem
1067 2242 1339 2292 pertinentibus
1369 2242 1443 2279 sint
1474 2255 1538 2292 per
1569 2253 1630 2277 eos
1661 2240 1716 2276 vel

180 2297 342 2347 aliquem
361 2297 578 2335 eorumdem
595 2299 719 2336 saisita
738 2313 804 2337 seu
822 2304 1013 2346 arrestata,
1032 2314 1073 2336 ea
1097 2299 1307 2337 dissaisiant
1325 2305 1360 2336 et
1383 2300 1626 2336 ‹learrestent.
1651 2313 1716 2335 seu

181 2353 359 2391 dissaisiri
391 2368 454 2392 seu
486 2355 704 2394 dearrestari
737 2357 873 2395 faciant
901 2371 964 2395 seu
998 2363 1211 2408 procurent,
1244 2358 1324 2395 sine
1352 2357 1621 2395 substractione
1651 2370 1714 2394 seu

182 2411 431 2450 diminutione
456 2413 641 2451 bonorum
670 2415 959 2466 praedictorum,
977 2421 1012 2453 et
1030 2416 1126 2453 dicta
1147 2417 1243 2452 bona
1262 2416 1432 2466 praefatis
1455 2415 1713 2452 oxomum-ihm
