2184 3074
724 297 885 336 CODEX
910 297 1155 337 DUNENSIS.
1630 305 1701 341 375

874 463 1006 502 CCLV.

206 572 324 610 Lettre
340 571 384 610 de
401 570 558 621 l'eveque
574 570 618 608 de
637 570 821 622 Cambray
840 572 862 609 ἁ
880 571 916 609 la
934 576 1101 609 comtesse
1117 571 1161 609 de
1178 571 1343 610 Flandre
1367 586 1437 611 aur
1461 574 1497 612 la
1517 574 1662 625 defense

377 628 467 680 faite
483 629 506 666 ἁ
523 642 576 666 un
589 631 715 679 prelre
731 629 940 667 d’entendre
958 629 995 666 la
1011 630 1214 679 confession
1231 630 1293 667 dea
1313 630 1493 682 bequinea.

216 811 420 851 Intellectui
450 816 572 848 vestro
602 815 872 862 praesentatum
905 824 982 848 esso
1012 812 1173 849 scribitis
1203 814 1305 864 quod
1339 827 1447 852 causa
1482 816 1696 854 offensionis

166 870 302 908 talibus
319 869 567 907 confessiones
587 868 831 919 beghinarum
848 869 1106 906 mandavimus
1121 870 1308 917 interdici,
1323 872 1580 911 concludendo
1594 875 1694 926 quod

165 929 235 967 alia
254 929 312 966 via
331 928 508 966 offensam
528 932 711 973 nostram,
730 927 759 964 si
779 941 887 965 causa
905 928 1104 974 subruerit,
1123 929 1370 967 ostendamus.
1391 930 1449 967 Ad
1467 932 1570 983 quod
1590 933 1696 970 vobis

166 987 287 1026 taliter
317 985 583 1037 respondemus
610 985 712 1036 quod
740 998 814 1022 non
846 985 951 1022 decet
976 986 1124 1023 credere
1148 987 1350 1037 praelatum
1379 994 1505 1025 contra
1528 990 1695 1028 subditos

165 1045 314 1083 excitari
334 1045 468 1082 debere
485 1043 565 1081 zelo
583 1043 788 1094 incongruo
814 1043 860 1080 ad
886 1043 1082 1090 offensam,
1101 1049 1136 1081 et
1161 1045 1380 1095 nepharium
1405 1060 1637 1086 censeremus
1665 1050 1693 1086 si

165 1103 303 1142 offensa
317 1103 431 1141 nostri
447 1101 671 1140 redundaret
685 1102 722 1138 in
738 1115 979 1153 personarum
996 1102 1234 1140 innocentum
1252 1104 1461 1142 laesionem.
1479 1105 1580 1144 Talia
1595 1108 1692 1144 enim

164 1162 222 1200 vel
241 1161 448 1200 consimilia
467 1174 541 1198 non
560 1161 664 1198 decet
685 1161 888 1211 praelatum
914 1166 1143 1212 praesentem
1169 1162 1341 1199 ecclesiae
1359 1163 1579 1211 cathedrali,
1599 1179 1695 1216 quae

165 1219 394 1258 detestabilia
412 1224 532 1257 essent
551 1219 588 1256 in
607 1219 759 1256 homine
777 1220 963 1257 scelerato.
981 1219 1026 1257 Et
1044 1224 1086 1256 ut
1102 1219 1347 1257 dominationi
1366 1226 1506 1258 vestrae
1519 1235 1575 1259 res
1589 1223 1695 1261 aliter

164 1279 313 1331 patefiat
330 1292 443 1330 quam
469 1278 634 1323 dicatur,
653 1278 759 1315 vohis
783 1278 1035 1328 significamus
1056 1278 1158 1328 quod
1182 1279 1428 1329 quarumdam
1451 1294 1691 1331 personarum

163 1338 234 1376 loci
260 1337 438 1389 praedicti
464 1350 633 1374 enormes
659 1340 695 1374 et
715 1336 1012 1374 abhominabiles
1034 1341 1137 1374 actus
1163 1337 1209 1373 ad
1231 1337 1528 1376 interdicendum
1547 1340 1692 1378 conses-

163 1398 284 1436 siones
317 1396 531 1446 hujusmodi
564 1408 630 1433 nos
660 1396 866 1433 necessario
895 1396 1121 1442 excitarunt,
1148 1409 1223 1433 non
1249 1397 1328 1434 zelo
1355 1398 1441 1435 mali
1462 1399 1607 1450 agendi,
1627 1401 1689 1437 sed

164 1456 287 1508 potius
310 1455 492 1501 evitandi,
510 1467 604 1505 quos
623 1458 743 1500 actus,
763 1454 847 1491 licet
864 1454 1069 1505 pudeamus
1094 1455 1270 1500 scribere,
1289 1456 1396 1493 vobis
1413 1458 1690 1508 quamprimum

162 1514 366 1566 poterimus
391 1517 604 1559 vocetenus,
623 1512 885 1563 exprimemus.
906 1513 1010 1550 Unde
1024 1514 1190 1550 Vestram
1211 1514 1511 1551 Dominationem
1532 1517 1693 1566 requiri-

164 1586 246 1611 mus
268 1577 305 1610 et
329 1584 502 1622 rogamus
518 1571 695 1622 quatinus
715 1583 800 1607 cum
818 1571 1013 1607 serenitate
1030 1575 1066 1608 et
1083 1584 1172 1621 pace
1190 1571 1303 1608 animi
1325 1573 1493 1610 tollerare
1512 1574 1631 1611 velitis
1649 1588 1690 1612 ea

165 1644 260 1683 quae
280 1629 485 1668 secundum
509 1629 630 1665 Deum
652 1628 698 1665 de
719 1628 932 1679 praemissis
956 1633 1035 1665 acta
1058 1633 1146 1666 sunt
1171 1633 1206 1665 et
1224 1629 1270 1666 de
1290 1630 1494 1680 proborum
1521 1632 1691 1670 consilio.

164 1701 361 1741 quousque
382 1687 576 1724 vobiscum
602 1687 760 1724 locuturi
787 1700 936 1724 causam
958 1687 1064 1724 vobis
1089 1688 1389 1738 exposuerimus,
1418 1702 1514 1740 quae
1542 1703 1617 1727 non
1645 1692 1688 1728 ad

165 1748 341 1786 offensam
361 1747 398 1784 id
415 1746 558 1797 agendo
576 1759 642 1783 nos
660 1746 812 1791 excitat,
832 1746 946 1783 immo
964 1747 1087 1783 verius
1109 1747 1155 1783 ad
1173 1760 1347 1784 amorem.

874 1869 993 1880 «0-0,-

857 1992 1005 2031 cehvl.

255 2101 378 2138 Letlre
394 2099 558 2137 adresse'e
576 2099 599 2136 ἀ
617 2098 654 2136 la
671 2104 837 2136 comtesse
852 2099 1078 2148 Marquerite
1089 2111 1191 2148 pour
1208 2099 1263 2136 lui
1279 2111 1431 2148 exposci·
1448 2098 1483 2135 la
1502 2099 1604 2136 triste

538 2158 713 2195 situation
730 2156 774 2194 de
793 2156 930 2207 l’eqlise
945 2157 989 2194 de
1003 2156 1317 2195 Saint-Ghislain.

216 2343 349 2381 Casum
373 2342 567 2380 infortunii
593 2346 629 2379 et
651 2341 915 2379 desolationem
935 2341 1177 2391 incongruam
1196 2340 1369 2378 ecclesiae
1386 2340 1694 2379 Sancti-Gisleni-

170 2402 328 2440 in-Cella
348 2406 522 2453 paternae
539 2400 684 2451 pietatis
706 2400 838 2437 affectu
859 2399 985 2436 dolere
1001 2399 1276 2449 compellimur,
1295 2403 1331 2436 et
1348 2402 1391 2436 ut
1407 2398 1527 2436 eidem
1546 2398 1694 2436 Vestrae
