2184 3074
738 301 901 340 CODEX
927 302 1024 340 DUN
1030 301 1172 340 ENSlS.
1654 303 1726 342 289

186 420 476 470 superduximus
494 419 745 457 ordinandum
766 419 867 469 quod
887 431 1016 456 omnes
1036 418 1206 465 abbates,
1230 419 1360 456 decani
1368 448 1377 464 ,
1395 420 1574 470 capitula
1594 433 1725 471 parro-

186 477 403 516 chianarum
427 478 664 516 ecclesiarum
693 482 852 527 rectores
876 490 951 515 non
977 478 1138 528 exempti
1164 478 1354 516 Remensis
1377 479 1588 530 provinciae
1605 485 1723 517 cente-

184 536 315 574 simam
338 536 551 574 reddituum
573 541 609 574 et
633 540 882 587 proventuum
904 549 1058 574 suorum
1079 537 1166 574 anni
1190 537 1370 588 praedicti
1399 539 1495 576 infra
1519 539 1720 576 terminum

184 595 414 645 praedictum
441 595 583 633 solvere
608 598 803 632 teneantur
824 598 860 631 et
882 594 983 645 apud
1010 595 1092 632 illos
1119 595 1306 646 deponere
1336 609 1432 648 quos
1460 597 1498 634 in
1526 597 1595 634 hac
1619 602 1723 649 parte

183 651 400 690 duxerimus
425 653 672 698 ordinandos,
699 652 967 690 nichilominus
994 653 1155 703 quilibet
1186 654 1383 706 episcopus
1412 655 1450 694 in
1475 669 1540 693 sua
1569 656 1719 706 dyocesi

183 710 354 761 exigendi
366 739 376 756 ,
407 709 605 760 colligendi
638 714 674 747 et
703 709 906 760 recipiendi
941 710 1077 748 dictam
1109 711 1346 749 centesimam
1382 726 1402 750 a
1438 714 1515 750 suis
1546 714 1721 761 subditis,

185 781 330 806 necnon
347 769 593 819 compellendi
610 768 758 805 eosdem
774 769 820 805 ad
836 769 873 805 id
888 769 1104 806 auctoritate
1118 770 1263 806 consilii
1279 770 1323 807 ad
1344 771 1565 808 solvendum
1583 773 1720 810 scilieet

184 826 424 877 praelibatam
444 827 680 864 centesimam
697 827 857 864 habeant
870 828 1163 878 potestatem.flli
1184 842 1271 866 vero
1289 830 1354 880 qui
1375 831 1613 868 centesimam
1631 832 1721 869 alias

183 885 255 923 sibi
271 885 483 937 impositam
507 886 546 923 in
562 890 637 924 toto
653 886 708 923 vel
727 886 765 922 in
786 891 889 936 parte
913 886 1090 923 hactenus
1111 900 1184 924 non
1203 888 1412 933 solverunt,
1433 889 1478 925 ad
1500 890 1719 927 solvendum

182 944 348 982 eamdem
369 945 425 981 vel
449 945 552 995 quod
574 944 766 982 residuum
787 945 898 981 suerit
912 945 1007 982 infra
1026 945 1222 982 instantem
1243 946 1543 984 Purificationem
1559 948 1721 998 Virginis

182 1002 372 1040 Gloriosae
385 1003 603 1040 auctoritate
623 1003 801 1054 praedicti
823 1003 968 1040 consilii
988 1004 1276 1054 compellantur5
1296 1009 1332 1040 et
1351 1005 1618 1043 nichilominus
1643 1020 1721 1044 me-

180 1060 311 1097 morati
335 1060 497 1111 episcopi
520 1074 647 1099 eorum
669 1066 866 1112 postquam
893 1062 1000 1112 plene
1020 1062 1279 1108 satisfecerint,
1294 1067 1469 1112 poterunt
1488 1063 1570 1100 illos
1593 1064 1718 1101 absol-

179 1131 263 1156 vere
291 1119 356 1170 qui
391 1133 460 1170 pro
494 1120 639 1157 defectu
673 1120 869 1158 solutionis
903 1120 1023 1157 dictae
1057 1121 1278 1157 centesimae
1314 1121 1715 1159 excommunicationis

182 1177 400 1214 sententiam
419 1177 667 1215 incurrerunt.
684 1178 723 1215 ln
738 1191 901 1230 quorum
916 1178 1172 1215 testimonium
1187 1183 1222 1215 et
1237 1178 1428 1215 munimen
1444 1178 1563 1229 sigilla
1579 1185 1718 1216 nostra.

179 1249 253 1272 una
270 1248 355 1272 cum
373 1235 502 1286 sigillis
521 1236 795 1287 praedictorum
814 1237 1088 1274 Suessionensis
1106 1242 1142 1274 et
1159 1237 1434 1274 Cameracensis
1444 1237 1714 1288 episcoporum

181 1295 357 1334 duximus
375 1297 632 1347 praesentibus
651 1298 884 1348 apponenda.

227 1354 300 1392 Nos
325 1355 599 1393 Suessionensis
624 1361 659 1393 et
681 1356 954 1393 Cameracensis
982 1356 1145 1406 episcopi
1174 1355 1352 1405 praedicti
1383 1357 1716 1406 promissionibusff

179 1417 291 1463 prout
307 1414 478 1464 superius
497 1415 746 1462 eontinentur,
766 1415 970 1465 benignum
988 1427 1179 1452 assensum
1199 1414 1450 1451 favorabiliter
1469 1415 1715 1465 impartimur.

179 1475 215 1508 et
231 1485 273 1508 ea
291 1471 328 1509 in
348 1473 483 1510 nostris
501 1473 725 1523 dyocesibus
750 1478 900 1510 auctore
935 1473 1098 1510 Domino
1117 1478 1152 1509 et
1169 1478 1352 1523 quantum
1371 1473 1467 1510 vires
1488 1479 1633 1511 nostrae
1651 1488 1720 1524 po-

179 1535 319 1576 terunt7
337 1531 590 1581 promittimus
610 1545 676 1570 nos
692 1533 870 1578 facturos,
889 1531 934 1568 ad
953 1543 1115 1582 quorum
1136 1531 1362 1567 evidentiam
1384 1531 1590 1581 pleniorem
1611 1545 1719 1582 prae-

178 1594 297 1627 sentes
312 1590 449 1628 litteras
465 1604 537 1628 una
552 1605 637 1628 cum
651 1592 781 1642 sigillis
798 1591 1087 1628 reverendorum
1104 1595 1252 1641 patrum
1269 1590 1569 1640 supradict-orum
1586 1591 1717 1641 sigillis

180 1647 314 1684 nostris
332 1648 487 1699 fecimus
507 1649 671 1699 sigillari.
691 1650 828 1686 Datum
848 1653 883 1686 et
901 1653 1024 1686 actum
1045 1649 1171 1686 Remis
1190 1654 1257 1685 ete.

229 1705 367 1742 Harum
388 1706 502 1757 igitur
519 1708 737 1744 auctoritate
756 1707 960 1744 litterarum
981 1707 1047 1744 tibi
1067 1707 1332 1757 praecipiendo
1351 1707 1571 1744 mandamus
1586 1713 1717 1758 quate—

181 1776 250 1800 nus
281 1775 431 1801 moneas
458 1765 655 1815 diligenter
681 1779 813 1803 omnes
837 1765 988 1802 abbates
1014 1770 1050 1801 et
1075 1769 1237 1802 caeteros
1263 1778 1336 1802 non
1370 1771 1561 1816 exemptos
1588 1767 1718 1815 cujus—

178 1834 328 1872 cunque
344 1822 544 1860 decanatus
573 1828 614 1861 ut
637 1824 732 1861 infra
757 1824 955 1861 instantem
983 1823 1183 1860 terminum
1203 1836 1314 1873 quem
1341 1825 1589 1874 peremptorie
1609 1825 1716 1861 dictis

160 1881 346 1929 *personis
368 1882 584 1919 auctoritate
608 1883 697 1919 dicti
725 1882 870 1920 consilii
889 1882 1137 1932 assignamus7
1156 1881 1393 1918 centesimam
1414 1887 1662 1931 proventuum
1682 1887 1713 1918 et

179 1937 391 1975 reddituum
411 1953 563 1976 suorum
582 1941 669 1977 anni
690 1941 906 1991 praesentis,
925 1940 1077 1977 abbates
1091 1953 1195 1985 vei-02
1210 1939 1339 1976 decani
1359 1944 1394 1976 ct
1408 1940 1568 1990 capitula
1583 1940 1717 1989 sigilli-

181 1997 256 2032 sero
276 2002 403 2034 nostro
422 1999 645 2036 Tornacensi
659 2029 669 2046 ,
693 2000 758 2036 tibi
779 2005 900 2036 autem
920 1999 1060 2035 decano
1086 1998 1366 2048 parrochiarum
1392 1998 1597 2048 presbyteri
1623 1999 1716 2035 Tor—

181 2055 346 2092 nacensis
365 2057 534 2106 dyocesis
552 2071 647 2109 quos
665 2059 710 2095 ad
735 2058 934 2108 praemissa
955 2057 1165 2106 recipienda
1189 2056 1467 2102 constituimus,
1487 2057 1714 2106 persolvanh

179 2112 345 2163 alioquin
366 2116 524 2152 termino
549 2117 655 2153 datae
681 2116 898 2153 monitionis
924 2115 1048 2165 elapso
1068 2115 1166 2165 ipsos
1185 2114 1250 2164 qui
1277 2114 1370 2150 inl'ra
1392 2115 1620 2164 praedictum
1641 2120 1715 2152 ter-

181 2170 324 2208 minum
350 2185 424 2209 non
449 2174 645 2219 solverint,
673 2179 810 2211 extunc
835 2172 1186 2217 abbatessdecanos
1213 2177 1247 2208 et
1273 2172 1451 2222 capitula.v
1478 2173 1714 2223 presbyteros

179 2229 458 2278 parrochiarum
478 2233 747 2283 suspensionis7
772 2233 938 2282 capitula
959 2245 1046 2268 vei-o
1078 2230 1263 2267 interdicti
1289 2231 1479 2268 sententiis
1498 2233 1714 2269 auctoritate

178 2286 265 2324 dicti
285 2290 429 2326 consilii
450 2290 690 2337 innodamus7
705 2305 797 2342 quas
814 2290 1012 2328 sententias
1025 2289 1279 2339 suspensionis
1294 2294 1330 2325 et
1345 2289 1529 2326 interdicti
1544 2291 1573 2327 si
1589 2291 1713 2327 animo

178 2345 351 2384 indurato
367 2362 432 2399 per
444 2350 659 2400 quindecim
675 2350 754 2387 dies
770 2349 1014 2387 sustinuerint
1028 2348 1194 2393 abbates,
1209 2347 1337 2384 decani
1349 2378 1357 2390 ,
1374 2349 1578 2398 presbyteri
1597 2355 1630 2386 et
1653 2363 1714 2386 ea-

179 2404 382 2453 pitulorum
403 2408 559 2458 majores
579 2422 771 2459 personam
791 2414 926 2445 extunc
945 2407 1163 2444 senteutiam
1180 2407 1575 2444 exeonnnunicationis
1593 2414 1714 2444 auclo-

1569 2467 1614 2502 57
