2184 3074
450 342 522 380 556
1008 337 1171 377 CODEX
1196 336 1440 375 DUNENSIS.

1072 521 1259 559 CCCLXX
1265 520 1359 558 XVll
1366 549 1374 557 .

502 654 674 703 Philippe
694 653 725 690 le
743 652 808 689 Bel
824 663 1006 702 convoque
1023 650 1046 686 ἀ
1068 650 1186 686 Tours
1204 649 1254 686 les
1279 648 1424 703 deputes
1445 647 1490 684 de
1514 652 1627 684 toute-s
1650 646 1699 684 les
1717 646 1823 684 villes
1843 658 1943 696 pour

713 722 852 761 vaquer
868 710 891 746 ἀ
910 709 945 746 la
964 708 1172 757 repression
1190 707 1233 744 de
1253 705 1417 744 l’here'sie
1435 706 1497 743 des
1519 705 1732 755 Templiers.

503 916 708 966 Philippus,
727 914 794 951 Dei
809 914 945 964 gratia,
965 912 1194 949 Francorum
1215 907 1733 961 rex,majoribus„scahinis‚
1757 906 1993 954 consulibus,

450 975 583 1024 juratis
601 987 644 1011 ac
662 971 994 1010 communitatibus
1018 971 1186 1008 locorum
1209 969 1413 1020 insignium
1437 967 1540 1018 regni
1565 966 1682 1004 nostri
1701 965 1750 1003 ad
1768 979 1864 1017 quos
1885 979 1996 1017 prac-

453 1037 573 1070 sentes
592 1033 734 1069 litterae
751 1030 1009 1082 pervenerint,
1027 1029 1183 1066 salutem
1203 1032 1238 1065 et
1256 1027 1508 1064 dilectionem.

503 1091 656 1142 Semper
676 1090 791 1128 nostri
814 1089 1069 1140 progenitores
1091 1087 1137 1125 ad
1157 1087 1324 1125 haereses
1343 1091 1378 1123 et
1397 1098 1541 1123 errores
1563 1084 1656 1122 alios
1681 1084 1730 1122 ab
1756 1084 1909 1122 ecclesia
1927 1083 1995 1123 Dei

454 1149 645 1200 pellendos
659 1154 695 1186 et
709 1147 917 1199 specialiter
934 1161 954 1184 a
973 1159 1087 1197 regno
1101 1145 1278 1183 Franciae
1289 1174 1298 1190 ,
1318 1158 1407 1195 prae
1421 1142 1573 1181 caeteris
1587 1142 1826 1193 principibus
1840 1155 1996 1181 suorum

454 1213 666 1258 temporum
683 1208 835 1243 fuerunt
861 1205 1030 1252 solliciti,
1065 1204 1388 1256 pretiossissimam
1416 1202 1504 1240 fidei
1528 1201 1732 1239 catholicae
1758 1200 1996 1252 margaritam

454 1271 583 1316 utpote
602 1265 819 1302 thesaurum
840 1263 1172 1315 incomparabilem
1191 1276 1211 1300 a
1240 1262 1386 1300 furibus
1414 1266 1450 1298 et
1467 1260 1676 1298 latronibus
1699 1259 1844 1311 egregie
1868 1258 1999 1296 desen-

455 1325 593 1361 dentes.
612 1323 854 1361 Attendentes
877 1323 992 1373 igitur
1010 1322 1056 1359 ad
1082 1327 1224 1372 petram
1249 1334 1294 1358 ex
1313 1334 1387 1372 qua
1410 1333 1539 1357 sumus
1561 1318 1691 1364 excisi,
1716 1318 1998 1370 progenitorum
2059 1328 2062 1332 ’

456 1384 622 1434 ipsorum
644 1383 877 1419 inhaerentes
895 1381 1079 1431 vestigiis,
1106 1393 1325 1431 guerrarum
1354 1377 1616 1429 temporalium
1635 1377 1775 1427 quibus
1794 1387 1862 1414 nos
1880 1381 1916 1414 et
1932 1388 1999 1414 vos

455 1442 639 1479 Dominus
656 1440 838 1486 visitavit,
856 1452 984 1490 pacem
999 1452 1085 1476 eum
1106 1438 1215 1477 nobi‘s
1233 1437 1379 1475 dedisse
1392 1436 1642 1488 supponimus
1655 1440 1698 1472 ut
1713 1435 1856 1486 guerris
1870 1440 1998 1477 contra

456 1501 568 1538 fidem
590 1499 810 1539 catholicam
829 1498 1035 1545 suscitatis,
1065 1498 1203 1535 nedum
1226 1497 1273 1535 ab
1298 1496 1468 1535 hostibus
1488 1495 1701 1547 patentibus
1720 1495 1785 1532 sed
1803 1495 1928 1546 potius
1950 1495 1998 1532 ab

457 1558 612 1595 occultis
631 1558 696 1609 qui
717 1562 859 1608 quanto
876 1557 985 1594 nobis
1005 1557 1182 1594 assistunt
1200 1555 1451 1607 propinquius
1467 1584 1476 1600 ,
1495 1559 1636 1605 quanto
1655 1558 1792 1591 nocent
1809 1553 1999 1600 latentius,

458 1622 560 1654 tanto
585 1616 871 1667 periculosiores
894 1616 1078 1663 existunt,
1105 1615 1191 1652 totis
1217 1614 1362 1652 viribus
1386 1613 1636 1652 intendamus.
1659 1612 1769 1650 Scitis
1787 1613 1890 1664 quod
1908 1612 2000 1657 fides

459 1675 639 1726 catholica
661 1689 706 1711 ex
724 1688 798 1726 qua
818 1675 856 1711 id
875 1674 978 1725 quod
996 1687 1126 1712 sumus
1145 1675 1184 1710 in
1203 1673 1351 1711 Christo
1370 1672 1584 1718 existimus,
1602 1685 1648 1709 ex
1665 1685 1707 1709 ea
1725 1671 1886 1710 vivimus
1903 1677 1940 1709 et
1955 1685 2002 1710 ex

460 1748 500 1770 ea
519 1734 590 1779 sic,
607 1734 722 1770 exiles
740 1738 775 1770 et
794 1733 986 1780 mortales,
1003 1733 1148 1770 nobiles
1164 1732 1247 1770 sacti
1262 1745 1392 1770 sumus
1406 1731 1445 1768 in
1464 1731 1627 1768 Domino
1643 1730 1759 1769 Jhesu
1778 1729 1924 1768 Christo
1941 1734 2003 1777 ut,

459 1793 527 1830 Dei
546 1793 639 1839 vivi,
667 1792 783 1843 patris
808 1793 971 1839 aeterni,
996 1792 1063 1829 filii
1091 1792 1168 1829 veri
1192 1791 1310 1829 simus
1334 1804 1420 1828 cum
1445 1790 1609 1837 Christo,
1632 1802 1778 1827 necnon
1795 1789 1899 1841 regni
1918 1803 2005 1827 coe-

461 1852 560 1889 lestis
580 1851 768 1888 haeredes.
789 1851 890 1888 Haec
909 1864 977 1888 nos
997 1863 1081 1901 spes
1101 1851 1201 1888 fovet
1218 1849 1490 1901 pulcherrima,
1507 1848 1598 1886 haec
1615 1853 1670 1886 est
1681 1861 1768 1899 ergo
1787 1853 1862 1885 tota
1879 1853 2005 1886 nostra

462 1911 678 1948 substantia.
700 1911 737 1947 Si
757 1910 842 1961 quis
868 1924 957 1961 ergo
977 1910 1074 1947 hanc
1092 1909 1287 1946 cathenam
1309 1909 1448 1945 violare
1467 1907 1616 1954 nititur,
1636 1916 1703 1945 nos
1722 1906 1923 1945 catholicos
1941 1920 2006 1944 co-

465 1975 573 2007 natur
600 1970 779 2006 occidere.
808 1969 978 2006 Christus
1009 1973 1063 2006 est
1093 1968 1202 2006 nobis
1227 1969 1306 2014 via,
1334 1968 1408 2004 vita
1435 1972 1471 2004 et
1494 1966 1640 2004 veritas.
1658 1965 1750 2014 Quis
1773 1979 1860 2017 ergo
1886 1971 2007 2017 potest

467 2029 591 2079 lpsum
611 2039 744 2078 negare
763 2041 829 2078 per
846 2040 957 2078 quem
973 2032 1009 2064 et
1027 2028 1066 2064 in
1083 2040 1159 2078 quo
1173 2027 1428 2069 subsistimus,
1442 2026 1535 2076 quin
1555 2038 1622 2062 nos
1640 2024 1830 2062 destruere
1847 2026 2006 2075 satagat?

465 2086 607 2136 Cogitet
624 2086 886 2136 unusquisque
905 2085 1008 2136 quod
1026 2086 1106 2137 ipse
1125 2099 1192 2123 nos
1214 2090 1356 2122 tantum
1373 2084 1504 2122 dilexit
1521 2084 1623 2134 quod
1641 2097 1710 2135 pro
1729 2083 1838 2121 nobis
1856 2097 2004 2121 carnem

466 2159 668 2188 assumere,
699 2146 737 2182 in
768 2159 878 2183 carne
911 2159 1064 2197 quoque
1083 2159 1222 2183 -necem
1249 2145 1375 2182 subire
1401 2143 1714 2189 crudelissimam,
1740 2156 1816 2180 non
1846 2144 2006 2194 expavit.

465 2205 672 2256 Diligamus
690 2219 778 2255 ergo
797 2210 941 2243 tantum
959 2219 1026 2243 nos
1039 2206 1245 2243 Dominum
1260 2206 1479 2243 salvatorem
1498 2204 1563 2255 qui
1581 2204 1635 2241 sic
1654 2217 1720 2241 nos
1736 2203 1840 2254 prius
1857 2203 2007 2250 dilexit,

465 2266 566 2316 quod
585 2266 650 2316 qui
671 2279 801 2303 sumus
829 2279 966 2317 corpus
988 2279 1124 2312 unum,
1153 2266 1265 2303 simul
1289 2279 1374 2302 cum
1399 2256 1443 2302 eo
1468 2264 1678 2315 regnaturi,
1701 2264 1839 2314 pariter
1862 2264 1910 2301 ad
1928 2264 2008 2314 eJus

466 2324 734 2361 vindicandum
755 2324 911 2374 injurias
931 2324 1179 2362 intendamus.
1205 2324 1326 2362 Proch
1349 2323 1474 2360 dolor!
1499 2322 1796 2373 Templariorum
1821 2335 1924 2359 error
1939 2322 2008 2359 ab-

468 2383 728 2429 hominabilis,
756 2388 830 2420 tam
857 2397 1021 2428 amarus,
1048 2388 1121 2420 tam
1141 2383 1295 2430 flebilis,
1323 2396 1388 2420 vos
1416 2395 1492 2419 non
1516 2382 1613 2419 latet.
1634 2381 1790 2419 Jhesum
1817 2377 2010 2418 Christum

469 2442 606 2478 nodum
630 2442 667 2478 in
692 2455 756 2478 sua
785 2442 1015 2492 professione
1039 2443 1246 2493 negabant,
1272 2442 1336 2480 sed
1360 2441 1609 2492 ingredientes
1638 2454 1747 2479 suum
1766 2439 2004 2491 prophanum
