2184 3074
740 234 902 273 CODEX
927 234 1171 273 DUNENSlS.
1653 237 1724 275 355

187 355 410 394 abbatissam
436 359 472 392 et
499 355 678 392 moniales
699 354 905 406 praedictas
934 354 1100 391 indebite
1123 354 1329 400 molestari,
1359 355 1549 406 suppleat,
1575 356 1668 406 petit
1689 361 1725 393 et

187 413 372 465 supplicat
388 412 487 450 dicta
505 412 688 450 abbatissa
707 416 744 450 et
757 415 961 450 conventus
979 412 1026 450 ad
1045 411 1295 463 receptionem
1314 426 1524 464 expressam
1545 413 1583 451 in
1605 413 1724 464 Apos-

188 472 318 510 tolicae
343 471 448 510 Sedis
474 470 595 508 littera
622 483 698 508 non
717 469 907 521 compelli,
926 470 991 507 sed
1013 469 1084 520 ipsi
1110 470 1308 507 Katerinae
1329 470 1472 522 imponi
1501 476 1722 522 perpetuum

186 530 374 569 silentium
394 543 413 567 a
440 529 619 580 petitione
642 529 831 580 proposita
857 543 924 580 per
945 529 1132 575 eamdem,
1151 533 1187 566 et
1209 543 1249 566 ea
1277 543 1372 580 quae
1397 529 1433 567 in
1459 530 1554 567 sacto
1580 530 1723 567 consis-

186 594 270 628 tunt
293 589 350 626 vel
377 588 415 626 id
441 587 544 639 quod
571 588 710 628 suffieit
729 601 774 624 ex
803 588 1034 638 praemissis,
1063 593 1282 638 procurator
1307 588 1519 639 praedictus
1552 602 1590 626 se
1616 589 1723 626 offert

184 647 347 698 legitime
365 646 446 684 loco
463 650 499 683 et
517 651 682 696 tempore
696 646 958 696 probaturum,
976 646 1005 683 si
1025 659 1065 683 ea
1085 646 1273 696 negaverit
1291 659 1375 695 pars
1393 647 1557 684 adversa.

895 770 996 778 —-.--

825 956 827 958 ³
891 884 1010 948 ccix.

181 1028 333 1080 Requete
346 1028 531 1078 presente'e
548 1040 598 1065 au
620 1029 678 1064 roi
695 1027 739 1064 de
755 1028 900 1064 Franco
912 1039 989 1077 par
1010 1028 1060 1065 les
1084 1028 1187 1066 abbas
1205 1029 1267 1066 des
1286 1030 1412 1067 Dunes
1433 1036 1465 1067 et
1483 1030 1527 1067 de
1549 1029 1717 1075 rhosan,

501 1099 636 1124 comme
651 1086 863 1123 eoedcuteurs
880 1088 1166 1124 testamencaires
1186 1087 1277 1125 d'un
1295 1088 1397 1125 clerc.

227 1293 353 1344 Regali
373 1292 551 1343 Majestati
570 1291 736 1338 Vestrae,
755 1292 908 1330 domine
932 1306 1017 1339 rex,
1035 1293 1208 1344 princeps
1231 1294 1553 1339 excellentissime,
1571 1294 1717 1346 suppli-

179 1353 268 1390 cant
283 1350 444 1388 humiles
467 1351 619 1394 abbates
637 1349 683 1387 de
699 1350 820 1387 Dunis
841 1354 877 1387 et
894 1350 941 1387 de
958 1350 1127 1397 Thosan,
1148 1351 1402 1389 Cisterciensis
1424 1351 1584 1398 ordinis,
1604 1351 1717 1388 Mori-

177 1409 302 1448 nensis
320 1413 355 1446 et
372 1409 615 1447 Tornacensis
632 1408 868 1459 dyocesium,
882 1414 1096 1448 executores
1115 1410 1268 1447 ultimae
1280 1411 1482 1458 voluntatis
1495 1410 1714 1461 magistri...

177 1467 318 1515 elerici,
339 1467 444 1518 quod
468 1481 553 1505 eum
573 1467 672 1504 idem
692 1467 866 1518 magister
883 1467 940 1505 sui
960 1481 1112 1519 compos
1130 1473 1166 1505 et
1184 1481 1340 1519 corpore
1359 1482 1486 1514 sanus,
1507 1468 1584 1506 suis
1606 1468 1714 1505 bonis

176 1529 212 1564 et
220 1525 371 1576 juribus
385 1525 550 1576 gaudens
565 1525 717 1575 pacifice
730 1538 772 1562 ae
786 1525 825 1562 in
842 1525 1018 1562 fidelitate
1031 1530 1067 1562 et
1081 1525 1254 1577 homagio
1267 1527 1363 1577 regis
1376 1527 1547 1573 existens,
1558 1527 1585 1564 C
1601 1527 1713 1564 libras

176 1582 215 1621 in
242 1583 415 1621 manibus
440 1583 717 1634 praedictorum
744 1588 984 1621 exeeutorum
1008 1583 1223 1635 deposuerit
1247 1589 1282 1622 et
1309 1585 1518 1636 reliquerit,
1544 1585 1580 1622 in
1607 1599 1715 1636 prae-

175 1641 292 1679 sentia
325 1642 532 1693 proborum
553 1641 600 1679 ad
631 1641 702 1678 hoc
725 1646 959 1689 vocatorum,
990 1642 1034 1679 ad
1062 1642 1363 1680 distribuendum
1395 1643 1603 1694 specialiter
1632 1648 1715 1694 post

175 1701 254 1751 ejus
279 1700 469 1738 decessum
495 1700 567 1751 piis
599 1701 689 1738 locis
712 1705 748 1738 et
769 1701 913 1738 miseris
945 1702 1112 1751 personis
1148 1701 1243 1738 infra
1274 1701 1491 1739 comitatum
1519 1701 1715 1739 Flandriae

175 1759 384 1796 constitutis
401 1763 438 1796 et
455 1772 530 1796 non
549 1764 669 1806 extra,
684 1764 794 1810 prout
812 1764 1009 1810 paupertas
1024 1764 1059 1796 et
1073 1760 1268 1797 necessitas
1283 1760 1445 1811 exegerit
1459 1760 1692 1811 singulorum
1705 1790 1713 1803 ,

174 1817 310 1854 dictam
330 1817 509 1867 pecuniae
527 1830 712 1854 summam
740 1817 840 1868 apud
863 1817 991 1854 aedem
1017 1831 1173 1863 sacram,
1193 1818 1365 1855 videlieet
1384 1819 1648 1855 monasterium
1668 1819 1714 1855 de

174 1874 320 1912 Thosan
346 1874 618 1925 consignando,
644 1888 806 1926 cumque
832 1875 929 1912 idem
958 1876 1132 1926 magister
1157 1889 1268 1926 penes
1293 1876 1390 1912 (licta
1420 1876 1642 1913 monasteria
1666 1876 1712 1913 de

174 1932 295 1970 Dunis
318 1937 354 1970 et
371 1933 416 1970 de
440 1933 588 1970 Thosan
607 1933 821 1984 deposuerit·
837 1934 871 1971 Μ
896 1934 1008 1972 libras
1026 1934 1105 1984 ejus
1127 1934 1325 1971 heredibus
1352 1939 1435 1984 post
1459 1935 1538 1983 ejus
1566 1934 1710 1972 obitum

174 1990 431 2038 conferendas,
447 1991 637 2042 praedicto
656 1991 832 2042 magistro
846 1992 992 2029 sublato
1011 1992 1058 2028 de
1071 1992 1210 2038 medio,
1231 1992 1374 2028 nobiles
1395 1992 1463 2028 viri
1485 1992 1572 2029 tales
1593 1993 1709 2029 functi

174 2052 354 2099 potestate
381 2049 494 2100 regali
518 2049 621 2100 regio
649 2050 802 2086 nomine
830 2050 878 2087 ab
908 2050 1168 2087 executoribus
1193 2049 1390 2100 praedictis
1418 2049 1488 2086 sub
1515 2050 1713 2087 amissione

176 2107 362 2144 bonorum
384 2120 538 2145 suorum
565 2108 655 2159 ipsis
684 2108 811 2146 invitis
832 2113 868 2145 et
892 2113 1076 2159 quantum
1095 2113 1298 2159 potuerunt
1316 2108 1578 2154 renitentibus,
1597 2108 1713 2146 dictas

175 2165 421 2217 pecuniarum
448 2179 612 2204 summas
646 2167 828 2204 violenter
854 2172 1072 2218 exegerunt,
1098 2167 1331 2204 abstulerunt
1356 2172 1392 2204 et
1413 2172 1713 2218 asportaverunt,

175 2225 300 2262 fractis
317 2225 470 2263 scrineis
494 2230 530 2262 et
550 2226 640 2263 seris
664 2226 702 2263 in
729 2226 841 2264 domo
865 2227 911 2263 (le
933 2227 1054 2264 Dunis
1074 2227 1222 2277 Brugis,
1240 2226 1305 2263 ubi
1326 2226 1423 2263 dicta
1443 2226 1600 2276 pecunia
1625 2231 1713 2263 tune

175 2283 355 2334 temporis
379 2284 499 2323 suerat
520 2284 716 2326 collocata,
729 2285 852 2333 Quare
870 2285 1084 2336 supplicant
1106 2284 1195 2322 dicti
1218 2289 1433 2322 executores
1461 2284 1654 2322 humiliter
1674 2291 1712 2322 ut

175 2349 323 2384 centum
342 2345 459 2384 librae
475 2346 686 2397 praedictae
701 2346 943 2384 restituantur
959 2346 1096 2384 eisdem
1116 2359 1184 2398 pro
1203 2346 1320 2397 ipsius
1338 2346 1503 2384 defuncti
1525 2345 1713 2383 voluntate
