2184 3074
750 333 912 372 CODEX
937 334 1186 373 DUNENSIS.
1690 341 1732 379 21

199 453 351 491 vinculo
369 452 526 502 alicujus
545 451 746 498 interdicti,
763 451 1017 502 suspensionis
1035 464 1098 488 seu
1119 453 1519 492 excommunicationis
1537 455 1738 494 denuntia-

201 525 343 558 remus,
361 511 594 562 ubicumque
610 510 708 548 dicta
727 510 912 547 abbatissa
931 510 1041 547 vellet
1057 515 1093 547 et
1110 510 1315 561 requireret
1332 512 1482 562 publice
1505 514 1684 560 nuntiari,
1702 522 1739 554 et

198 570 425 623 praedictam
444 569 746 607 constitutionem
765 568 901 605 dictam
918 568 1142 605 abbatissam
1155 597 1163 613 ,
1183 582 1358 620 personas
1376 570 1465 607 dieti
1486 572 1628 610 ordinis
1651 575 1737 611 nul-

200 631 342 667 latenus
359 627 624 677 constringere,
644 639 712 663 nec
733 631 869 672 artare,
887 626 1193 664 denuntiaremus
1213 636 1364 678 quoque
1383 642 1559 679 personas
1583 633 1736 681 partici-

200 692 328 740 pantes
353 699 437 724 cum
465 685 650 737 praedicta
675 685 860 723 abbatissa
886 686 1225 723 excommunicatas
1253 715 1260 722 .
1283 715 1289 722 .
1317 715 1324 723 .
1350 715 1357 723 .
1383 717 1388 723 .
1412 716 1420 724 .
1441 717 1448 724 .
1477 717 1485 724 .
1511 692 1734 740 competenti

199 747 399 798 praemissa
417 745 700 796 participatione
718 745 845 796 aliquo
863 745 1014 781 vinculo
1036 745 1432 783 excommunicationis
1455 760 1520 784 seu
1549 748 1734 787 interdicti

199 819 275 844 non
293 805 422 856 ligatas
433 834 442 850 ,
459 804 652 854 dictasque
669 803 868 840 sententias
887 803 1144 840 nuntiaremus
1164 804 1284 840 nullas
1298 817 1392 850 esse,
1408 818 1475 842 nec
1492 807 1623 852 teneri,
1638 809 1734 845 etad

199 877 266 902 nos
283 877 396 914 super
412 862 610 913 praedictis
628 862 911 899 denuntiatione
929 867 966 898 et
982 862 1237 899 annullatione
1257 868 1400 900 nostras
1416 869 1580 914 patentes
1596 866 1734 905 litteras

197 922 484 961 concederemus
504 926 541 958 et
561 921 789 958 traderemus
816 921 1023 958 abbatissae
1048 921 1299 971 supradictae,
1323 922 1408 959 lieet
1426 923 1523 960 dicta
1547 925 1733 964 abbatissa

197 981 318 1032 culpis
335 980 412 1018 suis
429 979 663 1030 exigentibus
681 978 885 1016 manifestis
903 984 939 1015 ct
957 979 1110 1016 notoriis
1131 980 1248 1030 ipsam
1269 982 1489 1018 sententiam
1517 986 1734 1034 suspensio-

197 1039 255 1077 nis
272 1044 308 1076 et
324 1036 720 1076 excommunicationis
738 1037 848 1074 latam
867 1037 914 1074 ab
930 1037 1010 1087 ipso
1029 1050 1171 1074 canone
1184 1051 1247 1075 seu
1264 1039 1530 1077 constitutione
1545 1043 1732 1091 praedicta

196 1097 395 1135 incurrerit
416 1097 496 1147 ipso
518 1096 632 1141 facto,
657 1096 848 1146 multaque
870 1095 940 1132 alia
961 1096 1083 1132 dictus
1108 1096 1223 1133 abbas
1250 1102 1287 1133 et
1308 1097 1386 1134 fieri
1414 1099 1662 1146 mandaverit,
1687 1101 1734 1138 de

146 1148 154 1157 ¹
197 1155 448 1205 mandatoque
480 1154 597 1205 ipsius
628 1154 766 1190 suerint
794 1167 907 1204 quam
941 1154 1101 1204 plurima
1133 1160 1260 1191 contra
1289 1169 1354 1193 nos
1383 1170 1457 1193 non
1484 1157 1629 1205 citatos,
1657 1172 1732 1197 non

198 1218 366 1258 vocatos,
385 1225 460 1250 non
485 1213 687 1258 confessos,
706 1225 775 1249 nec
796 1212 1004 1259 convictos,
1025 1226 1091 1250 nec
1112 1213 1281 1251 absentes
1301 1228 1367 1264 per
1385 1218 1656 1255 contumaciam
1675 1223 1733 1255 at—

199 1276 374 1322 temptata
399 1275 527 1308 contra
547 1270 644 1319 juris
672 1270 841 1307 ordinem
868 1275 903 1307 et
929 1271 1125 1308 canonicas
1155 1272 1363 1309 sanctiones
1387 1273 1426 1309 in
1453 1274 1731 1324 derogationem

197 1330 316 1367 dictae
333 1329 608 1367 constitutionis
621 1332 657 1365 et
670 1333 924 1379 contemptum
942 1329 1046 1367 Sedis
1061 1329 1311 1380 Apostolicae,
1329 1330 1366 1367 in
1386 1332 1734 1385 praejudiciumque

197 1392 343 1426 nostrae
355 1387 584 1425 auctoritatis
597 1386 706 1423 nobis
718 1386 824 1423 datae
839 1391 875 1424 et
886 1400 1079 1424 concessae
1094 1401 1114 1424 a
1128 1401 1268 1424 canone
1282 1402 1347 1425 seu
1361 1390 1625 1428 constitutione
1634 1406 1734 1442 prae—

196 1447 312 1485 dicta:
330 1446 417 1483 inde
431 1451 486 1483 est
497 1446 600 1497 quod
615 1445 831 1490 auctoritate
844 1446 1044 1496 apostolica
1058 1459 1132 1497 qua
1149 1447 1342 1497 fungimur
1355 1447 1393 1484 in
1410 1449 1478 1485 liac
1488 1455 1602 1500 parte,
1614 1451 1651 1487 in
1662 1451 1733 1487 vir-

197 1510 273 1543 tute
291 1510 438 1543 sanctae
456 1505 695 1555 obligationis
713 1511 749 1542 et
766 1505 836 1542 sub
855 1518 974 1556 poena
994 1505 1249 1555 suspensionis
1268 1511 1305 1542 et
1321 1509 1731 1555 excommunicationis,

196 1564 303 1602 vohis
326 1563 502 1601 omnibus
526 1567 562 1600 et
587 1563 744 1613 singulis
768 1563 934 1600 districte
953 1563 1216 1614 praecipiendo
1240 1565 1460 1603 mandamus
1484 1572 1668 1617 quatenus
1686 1569 1732 1605 ad

197 1622 338 1660 dictum
357 1621 527 1659 abbatem
548 1621 671 1658 Sancti
691 1621 859 1659 Nicholai
879 1621 1100 1668 Furnensis,
1120 1622 1149 1659 si
1176 1622 1298 1672 ipsum
1327 1630 1555 1673 praesentem
1582 1625 1734 1663 invene-

197 1680 295 1726 ritis,
330 1680 387 1717 vel
422 1680 549 1716 saltem
582 1679 629 1715 ad
661 1679 803 1715 dictum
838 1681 1103 1716 monasterium
1135 1680 1258 1717 Sancti
1290 1681 1458 1718 Nicholai
1491 1684 1734 1733 personaliter

197 1739 429 1784 accedentes,
448 1738 570 1788 ipsum
590 1738 768 1774 canonice
787 1739 965 1775 moneatis
986 1743 1026 1775 ut
1047 1739 1235 1789 praedicta
1260 1740 1384 1777 omnia
1408 1746 1443 1777 et
1466 1741 1612 1792 singula
1639 1756 1735 1793 quae

196 1796 445 1847 praesumpsit
462 1796 580 1833 facere
597 1801 634 1832 et
651 1795 826 1833 mandare
845 1797 922 1833 lieri
942 1797 1172 1847 attemptavit
1186 1811 1252 1848 per
1268 1798 1441 1835 abbatem
1460 1799 1507 1836 dc
1525 1828 1633 1837 .....
1653 1801 1733 1838 Cis-

196 1854 383 1892 terciensis
401 1853 562 1899 ordinis,
579 1867 644 1891 seu
669 1867 928 1905 quoscumque
951 1855 1006 1891 vel
1032 1868 1310 1906 quemcumque
1338 1857 1430 1894 alios
1455 1858 1511 1894 vel
1534 1858 1647 1895 alium
1671 1872 1734 1909 ge-

197 1917 318 1950 rentes
341 1926 380 1950 se
404 1926 473 1963 pro
498 1914 759 1951 executoribus
786 1914 902 1964 ipsius
928 1915 1073 1951 abbatis
1103 1915 1226 1952 Sancti
1253 1915 1437 1962 Nicholai,
1458 1917 1551 1953 insra
1572 1918 1732 1968 spatium

197 1976 280 2009 octo
298 1971 444 2008 dierum
462 1985 482 2008 a
501 1976 667 2022 tempore
684 1971 901 2009 monitionis
919 1973 1051 2018 sactae,
1070 1977 1111 2009 ut
1128 1973 1270 2009 dictum
1289 1978 1358 2019 est,
1377 1976 1733 2024 computandorum,

198 2030 298 2068 dieto
322 2030 480 2067 termino
505 2030 625 2067 eidem
652 2030 776 2068 abbati
804 2044 872 2082 pro
898 2032 1148 2082 peremptorio
1169 2033 1372 2082 assignato,
1391 2039 1537 2070 revocet
1558 2047 1624 2084 per
1649 2047 1733 2072 suas

197 2093 363 2139 patentes
380 2089 535 2135 litteras,
554 2088 705 2126 mandet
721 2093 757 2126 et
773 2089 883 2126 saciat
902 2090 1064 2126 nuntiari
1082 2090 1231 2140 publice
1245 2090 1283 2126 in
1298 2091 1449 2127 ecelesia
1463 2091 1734 2139 Chatalanensi,

198 2151 235 2184 et
251 2147 339 2184 alibi
358 2147 423 2184 ubi
442 2147 642 2198 requisitus
662 2148 774 2185 suerit
791 2162 836 2185 ex
856 2154 958 2199 parte
977 2154 1100 2185 nostra
1115 2150 1342 2198 supradicta,
1357 2163 1453 2200 quae
1468 2151 1554 2187 fecit
1567 2152 1623 2187 vel
1638 2165 1734 2202 quae

198 2205 308 2243 etiam
328 2204 571 2252 mandaverit,
591 2206 670 2243 fieri
690 2219 764 2243 non
784 2206 940 2253 debere,
959 2207 1036 2243 {ieri
1057 2220 1132 2244 non
1151 2208 1282 2243 valere.

248 2265 360 2310 Cum,
374 2263 548 2314 inspectis
562 2264 766 2314 privilegiis
779 2269 815 2301 et
828 2270 954 2302 tenore
972 2265 1187 2302 eorumdem
1207 2266 1331 2302 abbati
1351 2266 1583 2304 Cisterciensi
1603 2273 1640 2304 ct
1651 2268 1733 2306 aliis

199 2323 443 2360 coabbatibus
473 2322 724 2360 Cisterciensis
751 2324 894 2361 ordinis
925 2324 1096 2371 indultis,
1124 2338 1285 2375 quorum
1312 2325 1434 2362 dictus
1463 2325 1577 2362 abbas
1609 2327 1733 2363 Sancti

200 2381 369 2420 Nicliolai
388 2386 683 2420 conservatorem
702 2395 740 2418 sc
758 2383 901 2429 asserit,
921 2395 1064 2419 necnon
1083 2382 1348 2419 constitutione
1366 2383 1509 2420 domini
1534 2384 1734 2421 Alexandri

201 2440 432 2490 supradicta,
449 2440 689 2477 consideratis
712 2440 821 2477 etiam
841 2441 960 2491 culpis
979 2441 1104 2492 ipsius.
1115 2441 1322 2478 abbatissae
1340 2442 1543 2479 manifestis
1562 2456 1604 2479 ac
1625 2443 1734 2479 etiam
