2184 3074
426 366 473 403 28
982 363 1144 401 CODEX
1169 362 1414 401 DUNENSIS.

426 484 607 520 limitibus
625 483 927 532 comprehensae,
945 486 988 518 ut
1005 481 1228 518 excrescenti
1248 481 1405 532 populo,
1424 494 1508 518 cum
1527 482 1750 532 oportuerit,
1769 483 1848 519 sine
1863 482 1965 519 diffi-

426 544 560 578 cultate
579 541 762 592 possimus
782 544 897 577 certas
916 539 1130 589 parrochias
1149 540 1346 590 assignare.
1372 540 1466 577 Cum
1491 540 1606 590 igitur
1622 540 1818 591 plerasque
1834 553 1966 591 parro-

425 599 527 637 chias
546 604 691 636 nostrae
709 598 877 648 dyocesis
897 598 1188 635 intellexerimus
1208 598 1336 635 limitis
1355 598 1540 648 positione
1559 611 1634 634 non
1659 611 1736 635 esse
1755 598 1964 644 distinctas,

427 658 532 695 vobis
558 658 722 695 districte
749 658 1010 708 praecipiendo
1038 657 1258 694 mandamus
1289 662 1472 708 quatenus
1503 657 1636 694 diebus
1668 661 1704 694 et
1729 657 1831 694 horis
1857 658 1965 695 vobis

424 716 654 766 assignandis
676 729 695 751 a
720 715 855 752 dilecto
878 719 1004 752 nostro
1024 744 1183 761 .......
1203 715 1318 751 latore
1336 715 1606 765 praesentium⁷
1625 716 1805 753 canonico
1821 716 1965 753 Torna-

424 774 520 810 censi
533 803 542 819 ,
560 774 616 810 vel
637 787 679 810 eo
698 774 757 810 cui
777 773 848 809 hoc
867 773 1058 824 negotium
1077 786 1143 823 per
1160 786 1244 810 suas
1263 777 1429 823 patentes
1454 774 1594 811 litteras
1617 774 1860 820 commiserit7
1877 787 1962 811 cum

423 832 696 882 antiquioribus
715 837 751 868 et
768 831 840 868 fide
862 831 1097 881 dignioribus
1122 831 1405 882 parrochiarum
1428 837 1636 870 vestrarum
1657 833 1900 883 compareatis
1923 833 1962 869 in

424 891 512 926 locis
526 904 622 941 quae
636 890 742 927 vobis
757 890 877 927 dictus
891 890 1079 927 Arnoldus
1098 891 1154 927 vel
1175 891 1204 927 is
1223 903 1335 941 quem
1353 890 1465 928 modo
1481 891 1670 941 praedicto
1685 892 1766 928 loco
1779 891 1836 928 sui
1851 891 1963 928 mise-

425 948 488 994 rit7
509 949 734 994 nominabit„
755 949 838 986 illos
852 949 898 985 de
915 949 1046 986 vestris
1065 948 1321 999 parrochianis
1340 963 1434 1000 quos
1454 949 1499 986 ad
1519 949 1590 986 hoc
1608 949 1776 987 utiliores
1794 949 1963 986 credide-

424 1006 503 1043 ritis
522 1006 769 1056 peremptorie
786 1006 1003 1043 auctoritate
1023 1011 1146 1043 nostra
1173 1007 1326 1044 citantes
1353 1007 1398 1043 ad
1425 1008 1522 1054 loca,
1541 1007 1619 1044 dies
1637 1011 1673 1044 et
1690 1007 1799 1044 horas
1816 1006 1923 1044 vobis
1941 1020 1962 1044 a

423 1064 522 1101 dicto
538 1065 704 1102 Arnoldo
720 1066 776 1102 vel
793 1065 871 1115 ejus
887 1066 1020 1102 nuntio
1040 1066 1302 1110 nominandos,
1318 1066 1474 1102 Tornaci
1485 1095 1494 1112 a
1508 1079 1602 1116 quos
1617 1066 1663 1102 ad
1678 1066 1749 1102 hoc
1762 1065 1962 1102 citaveritis

423 1123 522 1159 dicto
550 1123 716 1160 Arnoldo
742 1125 798 1160 vel
825 1125 904 1173 ejus
932 1125 1064 1161 nuntio
1094 1125 1131 1161 in
1159 1125 1305 1175 scriptis
1331 1125 1516 1161 tradentes
1544 1125 1716 1171 nomina,
1740 1138 1825 1161 cum
1854 1123 1960 1170 locis,

421 1181 551 1218 diebus
569 1186 603 1218 et
622 1182 722 1219 horis
741 1183 786 1218 ad
806 1196 900 1233 quos
918 1183 1018 1233 ipsos
1038 1183 1237 1234 citaveritis
1256 1183 1463 1233 sigillorum
1489 1188 1696 1220 vestrorum
1718 1182 1961 1234 appensioni-

420 1239 490 1276 bus
505 1240 740 1290 consignatis.
757 1241 913 1291 Insuper
926 1242 1109 1278 dictarum
1126 1241 1407 1292 parrochiarum
1423 1242 1589 1292 patronis
1603 1242 1811 1292 specialiter
1823 1255 1866 1278 ac
1878 1241 1960 1278 aliis

420 1297 485 1347 qui
502 1311 567 1334 sua
583 1298 757 1335 interesse
771 1299 939 1345 credunt⁷
949 1299 1168 1349 generaliter
1183 1299 1220 1336 in
1236 1300 1398 1337 ecclesiis
1412 1300 1542 1337 vestris
1556 1300 1707 1350 publice
1720 1299 1959 1347 denuntietis,

419 1361 461 1392 ut
480 1356 690 1393 memoratis
709 1357 858 1404 diebus„
875 1357 975 1394 horis
991 1362 1026 1394 et
1045 1358 1152 1404 locis,
1171 1358 1200 1395 si
1220 1358 1291 1395 sibi
1312 1358 1492 1408 placuerit
1509 1363 1545 1395 et
1561 1371 1625 1395 sua
1645 1359 1820 1395 interesse
1837 1359 1959 1396 eredi-

419 1414 555 1460 derint‚
575 1419 813 1465 compareant
831 1429 954 1452 coram
974 1416 1094 1462 nobis,
1109 1416 1226 1453 visuri
1246 1417 1406 1467 qualiter
1423 1417 1667 1467 procedemus
1682 1417 1720 1453 in
1738 1417 1958 1454 limitatione

418 1472 629 1522 praemissa.
649 1473 702 1509 Ila
721 1474 820 1510 enim
840 1474 878 1510 in
896 1474 967 1511 hac
984 1479 1088 1525 parte
1106 1475 1255 1512 utilitati
1271 1475 1445 1526 publicae
1460 1475 1689 1512 intendimus
1705 1475 1902 1526 providere
1914 1481 1957 1513 ut

419 1531 558 1567 nemini
574 1531 748 1581 injuriam
769 1533 986 1583 irrogemus.
1009 1533 1176 1581 Qualiter
1197 1534 1414 1571 mandatum
1436 1539 1603 1571 nostrum
1628 1534 1771 1571 executi
1794 1534 1954 1582 fueritis,

418 1590 525 1628 nobis
543 1604 610 1641 per
628 1596 764 1629 vestras
783 1597 946 1642 patentes
967 1593 1104 1630 litteras
1124 1593 1344 1630 rescribatis.
1363 1594 1500 1631 Datum
1512 1623 1521 1641 ‚
1539 1598 1605 1631 etc.

1124 1718 1241 1728 *oe—-

1134 1860 1227 1897 xlx.

411 1976 593 2026 L'official
609 1976 770 2014 d'Arras
790 1977 923 2014 mande
941 1990 990 2014 au
1009 1977 1125 2026 doyen
1143 1977 1187 2014 de
1212 1978 1248 2014 la
1271 1977 1463 2015 chre'ciente'
1484 1978 1528 2015 de
1553 1979 1650 2015 Lens
1668 1979 1712 2015 de
1728 1979 1854 2016 veiller
1870 1993 1948 2017 aux

526 2035 672 2071 inle'rets
690 2034 800 2071 d’une
812 2048 957 2084 pauvre
972 2035 1106 2085 femme
1123 2037 1284 2074 nomme'e
1299 2038 1425 2087 Burqe
1442 2037 1562 2074 Leslet
1576 2043 1608 2074 et
1625 2037 1668 2074 de
1684 2050 1726 2074 sa
1741 2037 1829 2088 fille.

459 2237 635 2276 officialis
653 2239 919 2278 Attrebatensis
938 2241 1078 2278 decano
1096 2242 1374 2280 christianitatis
1391 2243 1568 2280 Lensensi
1587 2243 1753 2280 salutem.

458 2296 550 2333 Cum
567 2310 634 2334 nos
645 2297 788 2346 justitia
802 2299 971 2349 exigente
985 2299 1195 2337 Johannem
1210 2300 1352 2338 dictum
1367 2301 1486 2339 Vallet
1498 2302 1643 2352 Burgae
1659 2301 1780 2338 Leslet
1795 2314 1862 2351 per
1876 2300 1944 2337 dis-

408 2355 589 2392 finitivam
612 2356 830 2393 sententiam
852 2357 1190 2406 adjudicaverimus
1208 2359 1246 2395 in
1269 2359 1463 2406 maritum,
1483 2359 1657 2410 dictaque
1675 2359 1855 2396 sententia
1877 2372 1944 2409 per

406 2413 579 2450 officiales
596 2414 792 2451 Remenses
807 2420 1058 2465 competenter
1071 2417 1183 2454 fuerit
1196 2418 1430 2465 confirmata,
1445 2418 1649 2469 eademque
1662 2419 1786 2468 Burga
1800 2430 1943 2468 pauper

407 2471 454 2509 sit
471 2476 507 2507 et
520 2470 644 2521 inops,
664 2485 732 2508 nec
750 2472 788 2509 in
807 2473 915 2510 bonis
932 2473 1065 2511 habeat
1079 2475 1179 2512 unde
1193 2476 1310 2526 possit
1323 2489 1362 2514 se
1375 2480 1410 2513 et
1425 2477 1653 2514 lmmelotam
1669 2476 1748 2525 ejus
1763 2475 1878 2512 filiam
1895 2489 1940 2512 ex
