2184 3074
732 332 893 370 CODEX
919 331 1165 370 DUNENSIS.
1666 335 1706 372 6¹

883 496 1012 535 XLlX.

183 617 235 655 Le
245 629 343 668 pape
359 617 500 655 Μανιίη
517 616 578 655 IV
587 614 733 666 constre
750 627 803 652 un
821 615 1010 652 canonicae
1026 614 1049 650 ἀ
1066 614 1209 664 Bruyes
1226 619 1259 650 ec
1275 613 1310 651 la
1325 614 1473 663 prevoee'
1487 614 1531 651 de
1549 614 1586 652 la
1602 617 1716 652 meme

618 673 702 711 ville
719 674 742 710 ὰ
759 686 810 711 un
829 672 1062 711 archidiac-re
1081 672 1281 710 d’Amiens.

234 856 414 894 Martinus
433 856 629 907 episcopus
647 860 727 903 etc.,
746 856 881 894 dilecto
901 856 978 893 silio
994 860 1062 893 etc.
1087 856 1288 893 Laudanda
1314 860 1396 893 tuae
1418 857 1612 907 probitatis
1637 871 1716 894 me-

186 913 254 951 rita
273 927 434 965 quorum
450 914 619 951 notitiam
634 914 742 951 nobis
756 927 775 951 a
791 914 910 964 longis
924 918 1020 950 retro
1037 914 1266 964 temporibus
1280 915 1506 965 experientia
1524 915 1715 953 familiaris

186 972 376 1019 exhibuit,
394 972 555 1023 benigna
568 971 807 1009 meditatione
820 977 1015 1022 pensantes
1026 1001 1035 1018 ,
1054 972 1328 1010 considerantes
1343 973 1516 1011 attentius
1531 987 1606 1011 non
1622 974 1715 1011 levia

186 1029 356 1067 laborum
376 1043 487 1067 onera
509 1034 545 1067 et
569 1029 772 1067 indefessae
789 1029 1052 1067 sollicitudinis
1076 1030 1197 1066 studia
1216 1043 1311 1080 quae
1330 1030 1367 1067 in
1387 1031 1522 1068 nostris
1542 1036 1578 1068 et
1595 1032 1716 1082 Apos-

186 1088 316 1126 tolieae
330 1088 436 1126 Sedis
449 1088 639 1139 obsequiis
653 1088 915 1138 obsequendis,
929 1087 1116 1126 commissi
1131 1088 1197 1125 tibi
1212 1088 1323 1125 ollieii
1339 1089 1492 1134 ratione,
1507 1096 1715 1140 supportas,

185 1146 341 1198 dignum
360 1147 552 1193 duximus,
571 1147 790 1197 quinpotius
807 1147 974 1184 debitum
994 1147 1218 1184 arbitramur
1235 1151 1275 1184 ut
1293 1161 1487 1197 personam
1508 1153 1608 1185 tuam
1631 1163 1717 1199 spe-

185 1205 342 1243 cialibus
359 1204 639 1256 praeveniamus
656 1205 782 1256 gratiis
801 1209 836 1241 et
854 1204 1060 1242 lionoribus
1079 1205 1252 1255 congruis
1270 1206 1490 1244 attollamus.
1515 1206 1717 1244 Intenden-

187 1268 240 1301 tes
266 1263 379 1313 igitur
404 1267 438 1300 te
463 1262 678 1312 hujusmodi
708 1262 925 1300 meritorum
952 1262 1136 1313 suffragiis
1162 1263 1440 1300 circumfultum
1465 1265 1716 1315 praerogativa

187 1321 322 1360 favoris
337 1326 372 1359 et
383 1321 521 1372 gratiae
535 1321 708 1372 prosequi
723 1321 891 1371 specialis
902 1350 911 1367 ,
925 1320 1202 1358 canonicatum.
1217 1349 1224 1357 .
1237 1349 1244 1357 .
1257 1349 1264 1357 .
1279 1321 1522 1359 Tornacensis
1537 1322 1716 1372 dyocesis,

187 1394 271 1419 eum
286 1380 519 1431 plenitudine
533 1380 628 1430 juris
642 1379 828 1426 canonici,
843 1392 885 1416 ac
900 1380 1192 1430 praeposituram
1208 1379 1324 1430 ipsius
1339 1381 1511 1418 ecelesiae
1525 1387 1715 1420 vacantem

186 1438 232 1476 ad
245 1451 418 1489 praesens
432 1451 498 1489 per
511 1442 667 1475 mortem
682 1437 872 1488 quondam
883 1439 943 1476 W.
958 1437 1004 1474 de
1018 1438 1202 1482 Alvernia,
1217 1438 1306 1474 olim
1322 1439 1495 1476 ecclesiae
1509 1440 1717 1489 praedictae

186 1497 404 1549 praepositi,
423 1511 544 1548 nuper
561 1497 660 1548 apud
679 1497 810 1535 Sedem
825 1497 1074 1547 Apostolicam
1090 1497 1317 1543 decedentis,
1332 1511 1415 1534 cum
1436 1498 1560 1535 nullus
1575 1503 1718 1548 praeter

187 1568 254 1594 nos
271 1556 564 1607 praeposituram
584 1555 685 1592 illam
704 1555 871 1592 conferre
889 1555 1021 1601 valeat,
1036 1555 1299 1592 constitutione
1319 1555 1434 1593 felicis
1453 1557 1717 1594 recordationis

187 1614 385 1652 Clementis
411 1626 527 1664 papae
552 1613 842 1663 praedecessoris
868 1613 983 1650 nostri
1008 1626 1120 1663 super
1148 1613 1424 1664 personatibus,
1452 1614 1718 1664 dignitatibus,

187 1671 408 1723 praebendis
425 1676 489 1717 aut
507 1671 697 1708 beneficiis
718 1671 972 1708 ecclesiasticis
995 1671 1095 1722 apud
1119 1671 1243 1708 sedem
1267 1671 1384 1722 ipsam
1409 1673 1626 1710 vacantibus
1654 1687 1719 1723 per

188 1744 383 1768 romanum
410 1731 590 1767 duntaxat
616 1730 829 1781 pontificem
857 1730 1090 1767 conserendis
1114 1730 1212 1767 edita
1236 1731 1455 1778 obsistente,
1477 1745 1519 1768 ac
1550 1733 1717 1770 nondum

189 1794 334 1840 tempus
357 1788 543 1826 effluxerit
570 1793 749 1826 statutum
781 1802 847 1839 per
877 1788 1167 1825 moderationem
1201 1789 1283 1839 piae
1317 1790 1516 1827 memoriae
1550 1791 1718 1842 Gregorii

187 1860 303 1898 papae
314 1846 465 1894 decimi,
479 1846 769 1896 praedecessoris
785 1847 915 1893 nostri,
933 1860 1045 1897 super
1063 1847 1134 1884 hoc
1151 1847 1358 1884 adhibitam
1379 1848 1416 1884 in
1436 1850 1595 1886 concilio
1615 1850 1717 1900 Lug-

188 1905 365 1952 dunensi,
385 1918 530 1943 necnon
549 1910 585 1943 et
601 1905 850 1956 praebendam
869 1905 1050 1956 integram
1075 1919 1150 1943 non
1175 1906 1438 1943 sacerdotalem
1466 1907 1557 1943 nulli
1583 1908 1655 1944 alio
1674 1909 1720 1945 de

184 1964 270 2015 jure
287 1965 468 2011 debitam,
487 1965 516 2002 si
537 1978 610 2015 qua
629 1965 667 2002 in
685 1965 872 2015 praedicta
891 1965 1042 2002 ecclesia
1060 1970 1179 2011 vacat,
1194 1965 1240 2002 ad
1255 1979 1427 2015 praesens
1442 1980 1525 2002 cum
1542 1967 1719 2004 omnibus

186 2022 336 2072 juribus
349 2026 385 2060 et
398 2023 630 2073 pertinentiis
643 2023 719 2060 suis
734 2023 800 2060 tibi
819 2023 1171 2073 archidyaconatum
1189 2023 1234 2060 de
1250 2024 1406 2060 Pontivo
1421 2038 1531 2074 quem
1550 2025 1586 2061 in
1603 2026 1720 2062 eccle-

190 2081 243 2119 sia
262 2081 502 2128 Ambianensi
521 2082 715 2120 obtinebas
734 2082 848 2120 libere
872 2082 910 2119 in
934 2082 1068 2120 nostris
1087 2082 1260 2119 manibus
1280 2082 1478 2132 resignanti
1491 2111 1499 2127 ,
1519 2083 1720 2133 apostolica

191 2139 408 2178 auctoritate
425 2139 650 2178 conferimus
668 2146 704 2178 et
720 2140 959 2192 providemus
973 2141 1019 2178 de
1034 2141 1126 2187 illis,
1141 2145 1249 2190 teque
1268 2154 1333 2191 per
1351 2146 1518 2178 nostrum
1538 2142 1719 2179 annulum

193 2198 409 2236 investimus
427 2199 718 2249 praesentialiter
738 2201 784 2237 de
809 2200 959 2238 eisdem.
986 2200 1023 2238 Si
1050 2213 1136 2237 vero
1159 2199 1261 2236 nulla
1286 2199 1367 2236 talis
1391 2200 1599 2250 praebenda
1617 2206 1722 2238 vacat

192 2255 238 2293 ad
258 2269 429 2306 praesens
448 2256 486 2293 in
505 2257 685 2307 Brugensi
710 2258 862 2296 ecclesia
884 2258 1114 2308 supradicta,
1141 2271 1207 2295 nos
1229 2258 1476 2308 praebendam
1505 2258 1720 2308 hujusmodi

193 2313 364 2364 proximo
383 2314 475 2351 inibi
495 2320 705 2352 vacaturam
723 2329 818 2366 quae
837 2315 1007 2352 similiter
1023 2316 1069 2352 de
1083 2315 1167 2364 jure
1186 2316 1278 2352 nulli
1304 2315 1483 2353 debeatur
1505 2316 1566 2353 alii
1594 2318 1721 2354 conse-

194 2371 358 2418 rendam,
373 2372 439 2409 tibi
455 2371 655 2410 donatione
667 2374 868 2424 apostolica
888 2387 1132 2420 reservamus,
1152 2374 1389 2411 decernentes
1408 2387 1556 2411 exnunc
1576 2374 1720 2411 irritum

194 2432 230 2466 et
245 2428 356 2466 inane
373 2429 402 2467 si
421 2443 525 2468 secus
544 2444 656 2482 super
675 2432 745 2469 biis
764 2445 784 2469 a
800 2446 991 2483 quoquam
1010 2432 1232 2483 contingerit
1246 2433 1471 2483 attemptari,
1489 2433 1554 2470 tibi
1570 2433 1722 2483 dispen-

1090 2501 1101 2520 ί
