2184 3074
419 320 466 357 76
965 317 1126 355 CODEX
1155 316 1398 355 DUNENSlS.

418 437 520 488 quod
546 451 631 475 cum
657 438 697 474 in
718 435 933 486 hujusmodi
959 448 1046 472 casu
1070 433 1257 483 subjectae
1282 446 1460 483 personae
1479 432 1595 469 nichil
1613 432 1856 483 deliquerint,
1875 444 1951 469 non

418 495 556 533 debent
567 495 692 546 puniri
708 494 779 531 n‘isi
794 493 918 544 quoad
934 497 1068 530 terram
1084 491 1244 537 domini,
1259 491 1359 528 unde
1373 491 1504 528 dicunt
1516 489 1619 541 quod
1638 489 1677 527 in
1695 494 1791 527 terra
1808 489 1951 528 domini

420 567 494 591 non
514 557 670 604 possunt
686 552 842 602 subjecti
861 551 991 588 audire
1012 551 1159 597 divina,
1177 550 1242 587 sed
1266 550 1304 586 in
1332 549 1402 586 alia
1428 554 1522 586 terra
1549 561 1624 585 non
1647 548 1842 586 interdieta
1863 561 1953 599 pos-

419 616 524 656 sunt;
543 617 579 649 et
596 611 664 649 ista
682 610 810 660 opinio
829 610 915 647 satis
942 609 1148 660 probabilis
1167 613 1221 645 est
1238 613 1274 645 et
1290 621 1370 645 eam
1395 608 1434 644 in
1459 607 1560 644 curia
1585 620 1606 644 a
1630 607 1758 645 multis
1782 606 1859 644 vidi
1885 619 1954 657 ap-

418 670 581 721 probari.

1132 741 1244 751 —ooov-

1148 874 1221 912 LV.

482 992 748 1043 Confirmation
773 992 824 1030 du
844 991 1025 1045 privile-qe
1048 991 1292 1041 d'exemption
1317 990 1361 1028 de
1385 990 1501 1028 elimes
1525 989 1677 1028 accorde'
1701 991 1723 1027 ἁ
1750 989 1887 1028 l’ordre

1063 1051 1106 1088 de
1132 1051 1297 1088 Citeaux.

464 1245 702 1282 Innocentius
725 1245 939 1295 episcopus,
965 1257 1095 1282 servus
1120 1256 1311 1281 servorum
1330 1242 1420 1289 Dei,
1438 1242 1582 1279 dilectis
1607 1241 1694 1279 filiis
1719 1241 1844 1279 abbati
1869 1241 1951 1278 Cis-

414 1303 600 1349 terciensi,
623 1303 778 1353 ejusque
803 1302 1048 1340 coabbatibus
1074 1307 1110 1339 et
1134 1301 1380 1338 conventibus
1411 1300 1554 1338 ordinis
1581 1300 1833 1338 Cisterciensis
1863 1299 1950 1336 uni-

413 1362 547 1408 versis.
567 1362 721 1412 salutem
740 1366 776 1398 et
793 1361 1033 1411 apostolicam
1052 1359 1364 1397 benedictionem.

461 1419 704 1470 Significastis
723 1420 831 1457 nobis
849 1419 951 1470 quod
971 1432 1056 1456 cum
1074 1418 1181 1455 vobis
1202 1431 1222 1454 a
1241 1417 1335 1456 Sede
1353 1417 1565 1468 Apostolica
1583 1417 1631 1454 sit
1641 1414 1833 1454 'indultum
1849 1421 1891 1454 ut
1903 1417 1949 1453 de

412 1478 522 1524 ortis,
540 1478 730 1529 virgultis,
750 1478 882 1528 pratis,
900 1478 1065 1528 pascuis,
1084 1477 1320 1524 nemoribus,
1339 1476 1487 1523 salinis,
1506 1476 1731 1514 molendinis
1743 1505 1752 1522 ,
1772 1476 1950 1526 piseatio-

413 1537 524 1574 nibus
546 1541 630 1574 ante
651 1541 686 1574 et
710 1542 794 1587 post
810 1538 1011 1574 concilium
1031 1537 1222 1588 acquisitis
1240 1549 1282 1573 ac
1299 1537 1345 1573 de
1362 1540 1570 1573 vestrorum
1589 1536 1808 1573 animalium
1827 1535 1950 1573 nutri-

413 1595 546 1632 mentis
564 1596 689 1633 nullus
708 1609 727 1632 a
746 1596 853 1633 vobis
871 1596 1034 1633 decimas
1053 1595 1198 1646 exigere
1216 1595 1273 1631 vel
1293 1599 1514 1645 extorquere
1533 1597 1759 1645 praesumat,
1779 1593 1949 1643 injuncto

413 1654 695 1692 nichillominus
714 1655 760 1692 ab
778 1656 905 1692 eadem
926 1655 1020 1693 Sede
1037 1655 1313 1692 venerabilibus
1335 1653 1457 1691 fratris
1478 1654 1614 1691 nostris
1634 1653 1807 1692 Remensi
1825 1653 1949 1690 arehi-

412 1714 587 1764 episcopo
612 1718 648 1750 et
675 1714 754 1763 ejus
780 1714 1020 1764 suffraganeis
1047 1718 1084 1750 et
1108 1712 1190 1750 aliis
1211 1712 1450 1749 ecclesiarum
1469 1712 1642 1762 praelatis
1658 1716 1701 1748 ut
1717 1725 1783 1749 vos
1801 1716 1837 1749 et
1857 1711 1961 1749 alios'

413 1771 523 1808 vestri
539 1771 682 1809 ordinis
697 1774 880 1810 immunes
894 1787 914 1809 a
929 1772 1176 1823 praestatione
1190 1771 1420 1808 decimarum
1439 1769 1655 1820 hujusmodi
1674 1774 1951 1816 conservarent,

415 1831 586 1868 nonnulli
605 1836 729 1868 tamen
747 1832 985 1869 ecclesiarum
1005 1831 1158 1883 praelati
1182 1835 1219 1868 et
1238 1830 1382 1877 clerici,
1402 1829 1564 1867 dicentes
1583 1829 1799 1878 hujusmodi
1824 1828 1951 1865 indul-

412 1891 573 1941 gentiam
600 1891 646 1927 ad
672 1891 852 1942 acquisita
877 1896 961 1942 post
982 1890 1258 1928 concessionem
1281 1889 1399 1940 ipsius
1425 1889 1659 1939 aliquatenus
1683 1901 1759 1925 non
1779 1887 1949 1933 extendi,

412 1962 478 1986 vos
496 1962 609 1999 super
626 1949 697 1986 hoc
714 1950 913 2000 multiplici
939 1949 1196 1986 molestatione
1223 1947 1389 1997 fatigant.
1408 1947 1482 1984 Nos
1500 1947 1615 1997 igitur
1631 1946 1820 1983 credentes
1839 1959 1949 1996 prae-

413 2008 523 2044 fatam
544 2007 814 2059 indulgentiam
833 2007 879 2044 ad
898 2007 1078 2058 acquisita
1096 2005 1335 2057 postmodum
1361 2005 1650 2052 extendendam,
1670 2009 1712 2042 ut
1731 2005 1857 2041 nullus
1881 2016 1946 2041 vos

413 2079 524 2117 super
538 2066 609 2103 hoc
622 2066 839 2116 hujusmodi
855 2067 1047 2104 occasione
1061 2067 1202 2118 fatiget,
1216 2065 1433 2103 auctoritate
1450 2065 1699 2116 praesentium
1719 2064 1945 2101 inhibemus.

412 2124 512 2161 Nulli
532 2138 634 2175 ergo,
653 2130 721 2162 etc.

461 2183 598 2220 Datum
616 2184 787 2221 Laterani
811 2189 892 2221 ιιιιῑο
917 2184 1091 2221 kalendas
1117 2184 1259 2231 martii,
1284 2183 1521 2234 pontificatus
1547 2182 1663 2220 nostri
1688 2194 1787 2220 anno
1809 2181 1942 2232 primo.

1123 2348 1239 2358 -φ-οο-
