2184 3074
749 258 911 296 CODEX
938 258 1182 297 DUNENSlS.
1662 266 1725 302 541

199 375 306 412 vobis
326 374 593 412 nichilominus
615 375 651 411 in
671 374 807 412 virtute
824 379 971 412 sanctae
988 375 1221 412 obedientiae
1242 375 1371 414 dantes
1391 377 1548 416 firmite·-
1571 380 1608 417 in
1628 394 1735 418 man-

198 433 312 480 datis,
337 438 520 485 quatenus
547 446 613 470 vos
635 438 671 470 et
692 438 856 470 vestrum
883 433 1044 484 quilibet
1067 447 1231 471 summas
1258 435 1364 473 vobis
1393 436 1430 473 in
1457 437 1587 475 ultima
1614 452 1734 490 nuper

196 492 391 542 praeterita
410 491 656 529 decimatione
674 491 866 542 impositas
886 491 922 528 in
946 496 1091 529 moneta
1114 492 1246 539 debili,
1267 493 1303 530 in
1320 493 1417 531 bona
1433 499 1469 531 et
1483 496 1567 532 l'orti
1584 502 1728 534 moneta

196 563 396 601 parvorum
413 554 450 587 et
465 549 706 601 antiquorum
725 548 1000 586 Turonensiurn
1019 563 1088 600 pro
1112 550 1260 587 duabus
1278 551 1452 599 decimis,
1479 553 1628 591 duobus
1656 561 1729 592 ter-

196 607 308 654 minis
325 607 585 658 infrascriptis,
600 607 789 658 praedicto
808 607 902 659 patri
922 607 1076 645 domino
1093 608 1326 647 cisterciensi
1338 639 1347 655 ,
1361 611 1418 647 vel
1437 611 1517 661 ejus
1535 614 1727 659 mandato,

194 666 294 717 apud
313 666 492 712 Parisius,
512 666 549 703 in
568 667 707 703 octavis
723 666 823 703 Beati
839 666 997 717 Remigii
1013 666 1195 717 proximi,
1210 680 1279 717 pro
1294 668 1413 718 prima
1432 669 1593 717 decima,
1611 678 1647 709 et
1661 687 1728 723 pro

193 725 355 763 secunda
380 724 419 762 in
445 725 584 762 octavis
604 725 706 762 Beati
729 724 912 762 Johannis
939 725 1124 776 Baptistae
1147 726 1323 764 continue
1353 728 1631 780 subsequentis,
1657 733 1728 770 suh

193 783 422 834 expositione
440 782 625 820 bonorum
643 787 849 820 vestrorum
865 784 991 820 manui
1011 783 1132 833 regiae
1149 788 1184 820 et
1197 784 1426 835 obligatione
1442 800 1659 836 usurarum,
1678 792 1726 837 si,

193 843 295 894 quod
314 842 427 886 absit,
446 847 598 893 propter
615 842 686 879 hoc
711 846 884 879 mutuum
907 843 1125 879 contrahere
1150 844 1368 894 contigerit,
1387 845 1477 883 locis
1501 852 1537 884 et
1559 849 1726 886 terminis

191 901 401 952 assignatis,
420 901 500 938 sine
517 899 767 937 diminutione
784 900 908 950 aliqua
933 901 1162 950 persolvatis.

243 960 384 998 Licebit
401 959 554 1010 insuper
578 972 646 1010 pro
669 953 841 1009 eipensis
859 964 895 996 et
912 960 1104 997 laboribus
1121 961 1304 997 evitandis
1323 963 1480 1012 primam
1501 965 1722 1005 solutionem

191 1019 308 1056 facere
323 1018 422 1055 dicto
441 1018 536 1069 patri
555 1018 611 1054 vel
630 1017 710 1067 ejus
729 1017 904 1054 mandato
924 1018 961 1054 in
980 1018 1157 1062 Divione,
1179 1024 1343 1070 tempore
1361 1022 1513 1072 capituli
1531 1027 1723 1074 generalis.

239 1078 276 1116 Si
301 1091 389 1125 veto
416 1076 506 1127 regii
532 1076 746 1113 collectores
763 1075 906 1126 aliquid
922 1076 999 1125 jam
1019 1089 1038 1112 a
1057 1077 1163 1114 vobis
1182 1079 1403 1116 extorserint
1423 1081 1478 1117 vel
1507 1082 1723 1130 levaverint,

190 1136 341 1174 nomina
361 1135 526 1186 ipsorum
543 1135 782 1172 collectorum
798 1139 834 1171 et
851 1147 1014 1171 summas
1035 1135 1238 1185 persolutas
1257 1137 1473 1186 perlitteras
1492 1141 1722 1180 continentes

188 1195 258 1232 sub
276 1194 398 1245 sigillo
427 1193 596 1231 credibili
622 1193 722 1230 dicto
749 1193 843 1244 patri
871 1193 1025 1231 mittatis
1049 1194 1106 1230 vel
1133 1194 1242 1231 ctiam
1268 1195 1456 1243 deseratis,
1483 1203 1518 1235 et
1544 1213 1610 1237 nos
1630 1201 1722 1239 illud

187 1253 364 1291 faciemus
383 1254 429 1290 de
446 1253 552 1291 vobis
570 1258 606 1290 et
618 1253 740 1290 ordini
757 1253 929 1304 imposita
947 1253 1132 1290 desalcari.

237 1311 289 1349 Ne
307 1311 421 1361 igitur
445 1324 510 1348 vos
537 1311 591 1348 vel
618 1315 781 1348 vestrum
806 1310 922 1362 aliqui
945 1310 992 1347 de
1018 1310 1225 1360 ignorantia
1247 1325 1285 1349 se
1308 1313 1454 1350 valeant
1473 1328 1647 1353 excusare
1666 1317 1720 1353 vel

188 1370 298 1415 tueri,
318 1369 424 1407 vobis
446 1369 583 1406 virtute
605 1383 679 1420 qua
706 1382 819 1420 supra
841 1382 883 1406 ac
899 1369 1030 1420 poenis
1054 1370 1164 1406 eti-am
1191 1372 1403 1409 memoratis
1422 1373 1577 1412 tirmiter
1594 1376 1722 1426 injun-

185 1428 306 1479 gimus
325 1432 367 1464 ut
383 1427 502 1478 sigilla
517 1432 651 1474 vestra,
666 1427 722 1464 vel
742 1427 903 1478 priores,
917 1428 946 1465 si
962 1441 1028 1465 vos
1042 1428 1168 1465 abesse
1182 1429 1392 1480 contigerit,
1408 1444 1479 1469 una
1495 1446 1579 1470 cnm
1597 1440 1721 1473 nostro

187 1486 225 1522 in
250 1485 502 1523 testimonium
529 1486 692 1523 mandati
718 1486 833 1523 nostri
860 1487 996 1537 recepti
1024 1487 1280 1537 praesentibus
1310 1491 1515 1539 apponatis.
1541 1491 1611 1530 Vos
1635 1507 1720 1531 vero

186 1543 250 1594 qui
268 1545 542 1594 generationem
568 1545 726 1591 habetis,
749 1545 835 1582 filiis
853 1546 983 1582 vestris
1013 1545 1083 1582 hoc
1110 1545 1208 1582 idem
1234 1546 1305 1582 sub
1332 1548 1460 1596 poenis
1478 1554 1513 1586 et
1530 1554 1720 1590 sententiis

185 1601 405 1652 supradictis
423 1602 564 1653 absque
582 1616 706 1640 morae
726 1603 923 1654 dispendio
943 1604 1132 1641 insinuare
1147 1604 1294 1641 curetis.

899 1725 1013 1734 ’.ἧι-

889 1867 1024 1905 ccxv.
1048 1856 1050 1859 ’

186 1986 304 2023 Lettre
326 1985 370 2023 de
389 1986 563 2035 philippe
581 1985 612 2022 le
632 1984 716 2030 Bel,
735 1985 794 2021 roi
813 1984 856 2021 de
876 1985 1036 2030 France,
1058 1998 1108 2023 au
1124 1988 1219 2038 sajet
1237 1988 1288 2025 du
1308 1988 1454 2026 subside
1473 1990 1624 2028 accorde'
1644 2004 1719 2041 par

519 2043 550 2081 le
567 2056 663 2094 pape
682 2056 783 2093 pour
800 2042 1080 2081 l'ame'lioration
1100 2045 1161 2082 des
1180 2048 1380 2084 moweaies.

234 2242 450 2293 Philippus,
467 2243 535 2280 Dei
553 2244 668 2294 gratia
687 2244 915 2282 Francorum
935 2259 1014 2292 rex,
1037 2247 1430 2297 superintendentibus
1450 2248 1596 2298 negotio
1615 2248 1718 2286 deci-

185 2301 291 2339 malis
309 2301 466 2339 subsidii
494 2302 601 2340 nobis
626 2316 696 2354 pro
721 2304 937 2341 reductione
958 2310 1126 2343 monetae
1149 2311 1295 2343 nostrae
1312 2306 1359 2343 ad
1377 2319 1486 2343 suum
1511 2307 1658 2358 pondus
1682 2315 1718 2346 ct

186 2362 347 2400 valorem
367 2360 562 2417 antiquum
582 2361 628 2398 ab
640 2362 841 2412 apostolica
860 2363 945 2400 sede
962 2365 1141 2410 concessi,
1160 2370 1196 2402 et
1212 2365 1473 2403 collectoribus
1490 2365 1654 2415 ejusdem
1674 2383 1714 2406 ac
