2184 3074
737 261 900 301 conEx
923 262 1168 302 DUNENSIS.
1646 266 1718 303 555

861 426 1049 466 ccxxxi.

254 544 371 582 Leltre
395 543 439 582 de
462 542 797 582 recommendation
819 554 993 638 §zm-hun
1023 555 1207 594 messaqer
1237 542 1373 594 charye'
1401 543 1445 581 de
1476 542 1666 581 chercher.

867 613 886 638 s
937 613 1081 651 arenqs.

235 792 597 831 Praecordialissimo
626 793 726 830 socio
754 805 822 830 suo
851 797 888 830 et
914 794 1034 831 amico
1064 795 1102 830 in
1131 794 1278 831 Christo
1309 795 1503 832 karissimo
1535 794 1597 831 tali
1630 794 1712 832 talis

187 853 327 888 amicus
348 851 502 888 intimus
520 863 605 888 cum
623 850 740 888 salute
757 863 975 901 prosperum
994 864 1140 902 semper
1159 856 1195 888 et
1213 856 1379 902 optatum
1400 852 1437 889 in
1456 852 1606 902 agendis
1630 865 1716 889 suc-

187 921 341 947 cessum.

235 967 354 1018 Super
370 971 512 1005 vestrae
529 967 768 1018 benignitatis
785 967 978 1004 affectione
995 969 1169 1018 gratuita,
1188 981 1300 1019 quam
1321 969 1429 1006 nobis
1448 974 1519 1006 tam
1540 969 1715 1020 frequen-

187 1030 242 1063 ter
264 1038 378 1076 quam
406 1025 661 1076 multipliciter
688 1026 846 1076 gratiose
870 1030 906 1062 et
926 1026 1169 1063 amicabiliter
1194 1026 1369 1063 exhibere
1394 1027 1653 1073 consuevistis,
1681 1032 1715 1064 et

185 1084 384 1135 praecipue
409 1097 522 1135 super
546 1084 657 1121 missa
677 1083 786 1120 nobis
804 1096 925 1134 nuper
940 1084 1084 1120 cuculla
1109 1084 1333 1135 peroptima,
1359 1085 1558 1135 gratiarum
1584 1085 1716 1123 uberes

186 1143 380 1182 referimus
406 1143 587 1190 actiones,
614 1143 732 1194 parati
760 1155 829 1194 pro
853 1143 960 1180 vobis
987 1148 1023 1180 et
1051 1143 1182 1180 vestris
1211 1144 1257 1180 ad
1281 1144 1458 1181 honorem
1488 1150 1649 1182 vestrum
1679 1149 1713 1182 et

186 1215 330 1254 pacem,
359 1202 425 1240 ubi
458 1203 560 1240 locus
592 1207 628 1239 et
657 1207 801 1252 tempus
827 1215 864 1239 se
886 1202 1079 1247 offerrent,
1106 1203 1236 1240 vestris
1262 1203 1498 1240 benemeritis
1524 1203 1715 1253 operosius

185 1260 425 1311 respondere,
443 1273 488 1297 ex
507 1264 629 1297 tantae
645 1261 859 1310 praesertim
885 1260 1070 1298 fidelitatis
1090 1266 1231 1298 vestrae
1255 1274 1330 1298 non
1352 1261 1539 1311 inexperta
1560 1261 1715 1297 benivo-

186 1319 296 1356 lentia
325 1319 551 1370 peramplius
582 1324 858 1370 praesumentes
890 1319 1065 1357 obnixius
1098 1333 1163 1357 vos
1197 1333 1369 1370 rogamus
1400 1325 1581 1371 quatenus
1613 1319 1711 1357 fideli

185 1377 358 1414 servienti
384 1381 420 1414 et
444 1377 593 1427 aurigae
611 1381 738 1414 nostro
759 1405 909 1414 ......
928 1378 1034 1415 latori
1055 1378 1321 1428 praesentium,
1341 1378 1370 1415 si
1395 1378 1432 1415 in
1452 1384 1598 1415 vectura
1623 1378 1715 1414 alle-

185 1434 284 1471 cium
310 1434 432 1471 devoti
461 1439 664 1472 conventus
691 1435 821 1481 nostri,
841 1435 947 1485 eujus
965 1436 1187 1486 provisionis
1211 1449 1298 1473 cura
1326 1436 1432 1473 nobis
1462 1436 1641 1473 incombit
1667 1435 1716 1472 ad

186 1491 328 1542 aliquot
351 1491 430 1530 dies
458 1505 555 1542 equo
582 1505 658 1530 uno
683 1492 903 1542 indiguerit,
931 1494 977 1530 de
1002 1494 1131 1531 eodem
1150 1494 1220 1531 sibi
1241 1507 1365 1531 amore
1384 1495 1498 1531 nostri
1518 1494 1713 1545 providere

185 1550 366 1599 quamdiu
383 1550 587 1600 expedierit
603 1551 848 1589 amicabiliter
865 1553 1056 1598 studeatis,
1083 1553 1190 1590 nobis
1209 1558 1371 1590 vestrum
1395 1553 1431 1589 in
1452 1553 1627 1590 omnibus
1648 1553 1714 1590 be-

185 1607 409 1658 neplacitum
431 1609 684 1646 rescribentes.

906 1687 1001 1696 ⁴0—-

842 1818 1045 1855 CCXXXll.

796 1933 912 1969 Leltre
937 1931 962 1968 d
967 1932 1105 1968 'aaenilie'⁴

231 2123 394 2162 Salutem
411 2130 447 2162 et
463 2127 644 2177 quicquid
662 2127 822 2164 caritatis
839 2131 875 2164 et
893 2127 1075 2164 amicitiae
1089 2127 1126 2162 in
1142 2126 1304 2162 humano
1323 2125 1448 2161 animo
1464 2123 1596 2174 poterit
1612 2136 1708 2174 com-

183 2179 375 2229 prehendi.

231 2238 322 2276 Cum
338 2240 500 2278 sincerae
513 2241 720 2280 dilectionis
735 2242 905 2279 incendia
920 2242 994 2279 sint
1008 2241 1146 2278 mutuis
1165 2240 1449 2278 salutationibus
1466 2244 1501 2276 ct
1519 2239 1707 2289 obsequiis

182 2307 257 2332 non
275 2296 534 2337 deficientibus
554 2299 710 2337 invicem
730 2300 926 2337 nutrienda
950 2300 1021 2348 (vel
1045 2299 1119 2335 sic:
1144 2311 1228 2335 culn
1247 2298 1388 2334 amicus
1417 2297 1535 2334 fidelis
1559 2296 1708 2332 alterius

182 2353 358 2392 molestiis
387 2360 423 2393 et
447 2356 638 2394 doloribus
661 2357 747 2406 jure
775 2357 934 2407 compati
957 2370 999 2393 ac
1025 2356 1209 2406 prosperis
1229 2354 1460 2405 congaudere
1477 2353 1707 2390 successibus
