2184 3074
447 277 521 315 290
1000 274 1159 312 CODEX
1187 273 1433 312 DUNENSIS.

449 391 556 428 ritate
579 391 668 428 dicti
699 391 843 428 consilii
872 392 891 427 a
916 390 1023 427 nobis
1050 390 1140 426 latas
1165 390 1368 426 incurrant.
1397 389 1544 426 Moneas
1570 389 1836 427 nichilominus
1859 389 1986 426 eadem

450 449 666 486 auctoritate
683 462 811 485 omnes
830 448 913 485 illos
931 448 996 498 qui
1013 447 1251 484 centesimam
1266 447 1377 484 aliam
1392 447 1605 497 impositam
1620 447 1657 484 in
1673 452 1776 498 parte
1788 448 1846 484 vel
1859 448 1898 485 in
1912 451 1989 484 toto

451 520 525 544 non
544 507 739 553 solverint,
762 511 804 543 ut
826 506 922 542 infra
950 506 1149 542 terminum
1177 505 1314 542 dictam
1339 505 1576 543 centesimam
1595 507 1652 543 vel
1670 507 1773 557 quod
1797 506 1988 543 residuum

450 565 561 602 suerit
578 565 644 602 tibi
664 565 804 602 decano
824 564 1030 616 presbyteri
1053 564 1352 615 parrochiarum,
1371 564 1564 615 sigillifero
1581 565 1805 603 Tornacensi
1823 564 1989 611 abbates,

449 624 578 661 decani
612 629 647 661 ct
684 624 844 674 capitula
877 623 1017 674 integre
1047 623 1276 673 persolvant,
1300 623 1468 673 alioquin
1500 623 1742 674 procedemus
1771 628 1898 662 contra
1928 635 1991 660 eos

450 683 667 719 auctoritate
694 682 897 732 praedicta,
924 686 1037 732 prout
1063 681 1238 718 instantia
1263 681 1444 719 suadebit.
1474 682 1518 720 Et
1543 682 1637 732 quid
1663 682 1750 720 inde
1775 682 1904 719 feceris
1931 681 1988 718 vel

449 741 644 791 receperis,
663 740 771 777 nobis
790 739 948 776 fideliter
966 740 1100 777 reseras
1118 745 1155 776 et
1169 740 1360 778 rescribas.

1158 863 1277 873 —Qoo—

1095 1010 1335 1047 CLXXXVII.

474 1125 526 1161 Le
539 1137 636 1174 pape
655 1125 844 1162 Honorius
863 1126 1091 1163 lvamaonce
1105 1125 1200 1176 qu’il
1215 1139 1238 1163 a
1257 1125 1373 1176 confie'
1388 1127 1411 1163 ἁ
1427 1125 1675 1176 ἱάνεΙιουὲᾳηε
1691 1125 1735 1162 cle
1747 1124 1968 1163 Ravenna-le

572 1184 652 1219 soin
670 1183 714 1220 de
733 1183 764 1220 Ie
781 1185 1011 1233 representet·
1027 1184 1123 1221 dans
1141 1184 1202 1221 des
1221 1184 1372 1234 affaires
1392 1186 1458 1235 qui
1476 1185 1688 1222 interessent
1705 1173 1867 1234 l'que'se.

500 1384 689 1422 Honorius
713 1386 929 1437 episcopus,
953 1400 1080 1425 servus
1106 1400 1298 1424 servorum
1317 1387 1402 1433 Dei,
1425 1387 1701 1424 venerabilibus
1727 1386 1902 1423 fratribus
1925 1399 1992 1436 pa-

450 1442 635 1490 triarchis,
653 1444 942 1496 archiepiscopis
956 1451 991 1483 et
1007 1446 1192 1497 episcopis
1205 1459 1248 1483 ac
1261 1446 1405 1484 dilectis
1425 1446 1510 1495 tiliis
1521 1475 1531 1492 ,
1549 1445 1766 1492 abbatibus,
1779 1444 1970 1496 prioribus
1981 1474 1989 1490 ,

450 1501 615 1548 decanis,
629 1503 862 1554 praepositis,
879 1504 1176 1555 archidyaconis,
1195 1501 1528 1555 archipresbiteris,
1542 1503 1712 1555 plebanis
1725 1507 1763 1541 et
1776 1503 1858 1540 aliis
1873 1503 1991 1540 eccle-

450 1559 590 1597 siarum
608 1562 780 1611 praelatis
797 1566 834 1599 et
851 1576 983 1600 eorum
1002 1563 1101 1600 vices
1125 1563 1340 1613 gerentibus
1360 1576 1402 1600 ac
1418 1563 1588 1614 personis
1606 1561 1882 1608 ecclesiasticis,
1904 1561 1992 1598 reli-

451 1620 562 1670 giosis
594 1627 629 1658 ct
658 1623 758 1669 aliis,
790 1624 1028 1661 ecclesiarum
1061 1629 1098 1661 et
1129 1624 1440 1661 monasteriorum
1473 1623 1646 1675 capitulis
1676 1628 1712 1660 et
1745 1623 1992 1669 conventibus

451 1680 632 1729 exemptis
651 1686 686 1717 et
704 1694 777 1717 non
798 1681 981 1732 exemptis
1006 1682 1292 1732 Cysterciensis,
1311 1681 1583 1727 Cluniacensis,
1602 1681 1862 1726 Cartusiensis,
1882 1681 1993 1718 Prae-

451 1739 747 1784 monstratensis,
768 1740 891 1776 Sancti
912 1740 1103 1777 Benedicti
1124 1745 1160 1777 et
1178 1741 1302 1778 Sancti
1329 1740 1526 1791 Augustini
1554 1754 1596 1777 ac
1618 1740 1777 1778 aliorum
1797 1739 1993 1784 ordinum,

453 1808 597 1832 necnon
635 1797 820 1847 magistris
846 1803 881 1834 et
907 1799 1210 1849 praeceptoribus
1238 1799 1392 1836 militiae
1417 1799 1560 1849 Templi
1587 1804 1623 1836 et
1649 1798 1842 1849 hospitalis
1867 1798 1991 1835 Sancti

451 1853 636 1891 Johannis
656 1854 991 1901 llierosolimitani,
1011 1857 1143 1894 Beatae
1167 1857 1302 1894 Mariae
1327 1857 1646 1894 Thcutonicorum
1671 1857 1838 1901 militiae,
1867 1855 1991 1893 Sancti

453 1911 582 1948 Jacobi
602 1917 638 1949 et
655 1913 934 1961 Calatravensis,
954 1915 999 1951 ad
1019 1928 1114 1965 quos
1130 1916 1272 1952 litterae
1291 1916 1380 1953 istae
1394 1916 1642 1967 pervenerint,
1658 1916 1813 1953 salutem
1832 1920 1868 1952 et
1882 1928 1992 1965 apos—

454 1970 603 2007 tolicam
621 1971 930 2010 benedictionem.

503 2030 595 2066 Cum
614 2031 863 2068 venerabilem
883 2033 1031 2069 fratrem
1052 2038 1220 2070 nostrum
1237 2033 1495 2080 Bonesacium,
1513 2033 1836 2083 archiepiscopum
1851 2033 1991 2070 Raven-

454 2101 665 2134 nacensem,
691 2103 759 2139 pro
784 2090 1011 2140 quibusdam
1039 2091 1173 2128 nostris
1192 2096 1228 2128 et
1245 2091 1431 2129 Ecclesiae
1449 2088 1636 2130 Romanae
1655 2090 1812 2141 negotiis
1829 2089 1992 2127 destine-

453 2159 555 2190 mus,
583 2147 861 2185 universitatem
889 2154 1049 2186 vestram
1078 2163 1253 2200 rogamus
1279 2155 1315 2187 et
1339 2150 1532 2188 hortamur
1555 2155 1692 2187 attente
1709 2163 1776 2200 per
1791 2147 1992 2199 apostolica

451 2203 557 2240 vobis
576 2205 711 2255 scripta
732 2207 950 2244 mandantes
969 2213 1154 2258 quatenus
1171 2209 1313 2246 dictum
1337 2209 1680 2259 archiepiscopum,
1700 2219 1845 2244 necnon
1868 2205 1991 2256 potius

454 2274 521 2298 nos
555 2263 591 2298 in
627 2263 724 2313 ipso,
749 2278 833 2301 cum
877 2266 922 2302 ad
950 2271 1070 2316 partes
1098 2272 1236 2304 vestras
1269 2267 1466 2304 transitum
1495 2267 1639 2314 fecerit,
1665 2266 1714 2303 ob
1749 2264 1991 2302 reverentiam

455 2319 688 2369 Apostolicae
703 2323 807 2360 Sedis
826 2330 860 2360 et
880 2331 1041 2362 nostram
1058 2326 1217 2376 benigne
1231 2326 1449 2376 recipientes
1463 2331 1499 2362 et
1513 2325 1665 2362 honeste
1681 2327 1877 2361 tractantes
1891 2334 1991 2359 eum-

456 2377 560 2424 dem,
579 2379 648 2415 sibi
667 2393 734 2430 pro
760 2382 835 2417 suis
859 2388 894 2418 et
921 2383 1082 2420 familiae
1105 2397 1192 2420 suae
1218 2384 1430 2421 necessariis
1457 2383 1493 2420 in
1512 2397 1575 2421 sex
1594 2381 1700 2419 libris
1716 2379 1990 2418 Turonensium
