2184 3074
719 340 882 378 conEx
908 340 1154 379 DUNENSlS.
1630 345 1697 382 501

853 497 1031 535 CCCLlll.

270 616 386 652 Aucre
407 614 503 652 bulte
519 615 570 652 du
585 628 682 665 pape
694 615 869 665 Boniface
885 616 993 661 VIII,
1017 616 1168 653 relative
1187 630 1265 654 aum
1283 620 1412 655 memes
1429 617 1602 655 subsides.

175 843 177 845 ,
219 810 435 848 Bonisacius
470 810 686 861 episcopus,-
713 825 841 849 servus
879 824 1070 849 servorum
1102 812 1186 859 Dei,
1218 813 1494 851 venerabilibus
1526 813 1702 851 fratribus

164 867 344 911 -Remensi
357 896 367 915 ,
385 868 589 906 Senonensi
604 897 613 915 ,
632 868 883 915 Narbonensi,
900 869 1186 920 Rothomagensi
1202 870 1508 921 archiepiscopis,
1522 884 1564 908 ac
1578 871 1702 908 Bello-

167 926 333 973 vacensi,
347 925 601 973 Laudunensi,
616 926 914 974 cathalaunensi,
933 927 1171 978 Lingonensi,
1191 928 1445 975 Ambianensi,
1464 929 1702 975 Tornacensi,

169 983 386 1031 Morinensi,
404 984 684 1031 silvanectensi,
701 985 913 1032 parisiensi,
935 986 1250 1032 Altissiodorensi,
1264 987 1452 1027 Trecensi,
1466 988 1701 1033 Carnotensi,

170 1043 408 1090 Nina-nemi,
434 1043 675 1091 Abrincensi,
702 1044 888 1095 Sagiensi,
912 1045 1147 1091 Lexoviensi,
1171 1045 1464 1092 Constantiensi,
1487 1046 1638 1083 Dolensi
1667 1052 1702 1083 et

169 1101 436 1139 cenomanensi
456 1102 654 1153 episcopis,
679 1103 835 1140 salutem
856 1108 892 1140 et
917 1103 1156 1154 apostolicam
1179 1103 1485 1141 benedictionem.

217 1161 349 1198 Coram
376 1161 443 1198 lllo
470 1161 627 1199 fatemur
653 1162 717 1213 qui
745 1167 929 1200 scrutator
949 1167 1004 1200 est
1021 1162 1190 1200 cordium
1216 1167 1252 1199 et
1276 1163 1445 1213 cognitor
1474 1169 1698 1200 secretorum

168 1219 272 1270 quod
293 1219 379 1256 licet
398 1219 510 1257 totius
529 1219 750 1258 christianae
772 1221 962 1272 religionis
979 1234 1067 1258 cura
1087 1226 1123 1258 et
1142 1221 1360 1258 universalis
1378 1221 1490 1258 tutela
1519 1221 1700 1259 Ecclesiae

168 1278 304 1316 mentis
317 1283 462 1316 nostrae
476 1271 634 1316 archana
651 1280 868 1322 sollicitent,
883 1285 1103 1331 nostrosque
1116 1285 1298 1331 occupent
1314 1280 1494 1331 cogitatus
1504 1309 1513 1326 ,
1530 1280 1699 1317 inclitum

169 1342 292 1375 tamen
320 1351 474 1389 regnum
499 1339 728 1376 Francorum
755 1353 797 1376 ac
821 1339 901 1390 ejus
925 1339 1220 1377 christianissimi
1246 1340 1452 1391 principes,
1469 1339 1642 1376 ccclesiae
1659 1353 1702 1376 ac

169 1393 434 1434 ecclesiasticae
460 1411 653 1448 personae,
672 1399 889 1450 incolaeque
912 1399 1083 1436 catholici
1109 1399 1248 1450 quibus
1274 1400 1321 1436 ab
1349 1399 1429 1450 ipso
1457 1405 1604 1436 nostrae
1623 1399 1700 1449 pri-

169 1454 316 1492 mordio
326 1454 550 1505 juventutis,
564 1457 594 1494 si
615 1457 691 1494 veri
707 1457 816 1495 nobis
834 1457 1031 1495 testimonii
1052 1470 1127 1494 non
1147 1463 1301 1507 negetur
1318 1458 1518 1503 auxilium,
1537 1458 1698 1508 quadam

169 1512 318 1564 speciali
348 1526 436 1551 cura
465 1519 501 1551 et
530 1515 670 1565 patenti
700 1528 767 1553 nos
793 1515 986 1552 affectione
1011 1516 1322 1563 constrinximus,
1347 1529 1554 1566 eorumque
1579 1516 1700 1553 conti-

169 1571 313 1619 nentia,
335 1577 450 1610 status
477 1577 550 1610 tam
574 1573 742 1624 prosperi
770 1587 883 1624 quam
911 1574 1055 1611 adversi
1089 1579 1190 1611 tanto
1222 1574 1422 1611 ferventius
1449 1579 1485 1611 et
1514 1574 1698 1611 efficacius

171 1636 294 1668 nostra
314 1632 614 1683 complectuntur
632 1633 848 1679 intrinseca,
867 1633 1029 1670 excitant
1047 1634 1167 1671 studia
1193 1639 1228 1671 et
1245 1646 1441 1684 corporeos
1464 1646 1506 1670 ac
1524 1633 1700 1670 mentales

169 1701 299 1727 sensus
317 1688 552 1735 distrahunt,
579 1689 732 1727 turbant
755 1695 791 1727 et
813 1691 1015 1741 plangunt,
1035 1696 1146 1741 prout
1165 1705 1288 1728 rerum
1316 1695 1351 1728 et
1370 1697 1579 1741 temporum
1606 1704 1701 1741 qua-

170 1747 271 1785 litate
298 1745 520 1798 suggeritur,
549 1752 690 1799 quanto
713 1761 758 1785 ex
787 1747 859 1785 hiis
885 1753 921 1785 et
944 1749 1031 1799 quia
1064 1749 1102 1786 in
1130 1749 1181 1786 eis
1206 1749 1370 1786 Romana
1398 1754 1514 1785 mater
1540 1749 1699 1785 Ecclesia

169 1805 369 1856 plusquam
397 1805 436 1842 in
463 1806 615 1843 caeteris
634 1806 797 1844 ecclesiis
819 1806 1027 1844 devotionis
1049 1812 1084 1844 ct
1103 1807 1327 1844 reverentiae
1344 1806 1559 1843 adinvenire
1582 1807 1702 1856 pleni-

170 1863 338 1901 tudinem
365 1864 585 1911 consuevit,
603 1865 738 1902 nostris
765 1865 886 1902 carius
909 1870 945 1902 et
972 1865 1202 1915 frequentius
1230 1865 1309 1902 sine
1331 1865 1406 1902 ulla
1429 1865 1700 1902 intermissione

169 1922 276 1973 quasi
312 1923 446 1960 nostris
478 1923 673 1961 obtutibus
704 1929 995 1975 praesentantur.
1024 1924 1270 1975 Quapropter,
1301 1924 1330 1961 si
1363 1924 1489 1961 eadem
1527 1937 1698 1974 regnum,

170 1980 408 2018 ecclesiarum
435 1995 610 2032 personas
636 1987 672 2020 et
694 1983 849 2030 incolas,
872 1989 984 2034 prout
1006 1984 1194 2021 modernis
1222 1983 1450 2034 temporibus
1473 1982 1696 2033 experientia

170 2039 299 2077 docuit
315 2045 351 2076 et
371 2041 586 2091 nuperrime
611 2042 720 2079 nobis
740 2048 943 2080 vestrarum
964 2043 1139 2080 reseravit
1162 2043 1200 2080 in
1219 2056 1336 2079 unum
1360 2042 1583 2079 conveniens
1604 2041 1696 2078 scri-

169 2098 284 2136 bendi
303 2100 566 2137 commercium
582 2101 693 2138 series
712 2101 935 2148 litterarum,
954 2102 1097 2139 adversi
1116 2102 1306 2152 contingat
1323 2101 1487 2138 conditio
1506 2100 1698 2150 temporis,

171 2155 362 2194 exterioris
379 2157 669 2208 inquietaverint
692 2165 728 2196 et
755 2160 973 2210 perturbant
993 2160 1175 2210 impulsus
1192 2173 1234 2196 ac
1252 2159 1360 2196 ctiam
1382 2158 1543 2195 intestini
1563 2158 1697 2195 discri-

172 2214 300 2261 minis,
331 2216 434 2266 quod
468 2222 522 2254 est
555 2217 758 2255 dolendum
790 2219 954 2269 gravius,
981 2218 1267 2255 subversionum
1298 2231 1425 2254 eorum
1453 2216 1701 2253 comminetur

171 2275 342 2321 emersio,
357 2275 422 2312 illo
431 2276 510 2326 jam
524 2277 746 2315 immittente
760 2278 854 2324 illic,
869 2283 909 2315 ut
922 2278 1135 2329 scripsistis,
1154 2277 1391 2314 incitamenta
1408 2275 1551 2313 dissidii
1566 2275 1700 2312 comite

170 2333 388 2381 ¹Flandrensi
415 2333 604 2382 videlicet,
630 2337 695 2387 qui
715 2336 960 2373 exterioribus
980 2335 1322 2386 perturbationibus
1349 2334 1567 2384 sperabatur
1592 2346 1699 2383 repa-

171 2392 300 2443 gulum
319 2397 355 2428 et
372 2391 461 2443 ipsis
483 2406 612 2443 regno,
630 2394 799 2444 personis
820 2393 1076 2431 ecclesiasticis
1103 2397 1139 2429 et
1156 2393 1303 2438 incolis,
1322 2392 1422 2428 velut
1440 2391 1486 2427 de
1511 2390 1700 2442 principa—

173 2449 328 2487 lioribus
362 2450 538 2488 membris
570 2465 684 2498 unus,
719 2466 893 2503 magnum
926 2451 1055 2489 auxilii
1088 2451 1357 2488 fulcimentum.
1395 2450 1523 2486 Nostra
1556 2462 1599 2486 ex
1632 2448 1702 2485 hoc
