2184 3074
703 357 865 395 CODEX
893 358 1136 397 DUNENSlS.
1614 360 1686 399 557

155 475 326 512 ordinem
347 486 481 524 negare
500 474 681 524 cogebant
706 478 741 510 et
758 473 837 523 ejus
855 487 966 525 opera
985 487 1080 525 quae
1097 480 1184 512 sunt
1206 475 1302 513 vitae
1320 481 1466 514 nostrae
1484 478 1686 515 necessaria

155 536 402 578 sacramenta,
429 544 497 569 nec
524 543 599 568 non
626 531 752 568 omnia
765 544 1011 582 quaeeunque
1025 545 1121 582 quae
1144 537 1231 570 sunt
1256 546 1275 570 a
1302 533 1381 570 Deo
1411 539 1540 572 creata.
1567 534 1686 586 Supra

155 602 301 628 erucem
320 593 399 638 eJ'us
417 603 491 641 qua
510 603 639 628 sumus
657 590 854 641 redempti,
872 591 1070 641 spuebant,
1088 592 1280 629 calcabant
1298 592 1456 643 pedibus
1474 598 1510 630 et
1527 594 1565 631 in
1583 607 1686 633 crea-

154 654 259 688 turae
278 650 343 688 Dei
364 654 620 701 contemptum
635 649 715 687 loca
734 649 820 686 vilia
840 663 906 700 per
923 650 1091 687 osculum
1112 650 1310 688 visitabant
1327 651 1545 690 adinvicem.
1565 654 1685 692 Ydola

155 707 371 748 adorabant.
382 707 529 745 *Contra
553 711 723 745 naturam
751 708 854 758 quod
876 708 1049 745 animalia
1073 709 1178 746 bruta
1204 715 1391 755 recusant,
1419 710 1492 748 ritu
1518 724 1586 749 suo
1611 717 1684 750 tam

153 767 334 819 reprobro
351 767 422 805 sibi
445 767 555 804 licere
572 766 757 804 dicebant.
784 767 936 804 Coelum
963 772 999 804 et
1023 771 1117 804 terra
1143 773 1340 805 moventur
1365 773 1467 806 tanto
1492 770 1579 806 flatu
1606 783 1686 808 sce-

154 821 240 864 leris
255 830 292 864 et
307 826 487 864 elementa
506 825 716 863 turbantur.
735 825 980 863 Enormitates
997 825 1210 875 hujusmodi
1229 840 1295 877 per
1312 832 1433 877 partes
1447 828 1549 878 regni
1570 829 1684 866 nostri

155 885 320 936 singulas
338 884 569 922 commisisse
586 883 795 935 probantur
812 897 854 920 ac
868 897 913 921 ex
931 884 1227 934 depositionibus
1245 885 1427 935 majorum
1446 886 1526 935 ejus
1543 886 1686 925 ordinis

153 943 207 991 (si
225 943 287 1000 sic‘
300 942 478 994 appellari
504 942 655 990 debeat)
678 941 775 979 clare
797 946 939 992 patent,
968 955 1035 979 nec
1059 947 1114 980 est
1130 943 1331 980 verisimile
1348 957 1414 995 per
1435 949 1489 981 tot
1505 950 1541 981 et
1565 949 1685 983 tantos

155 997 406 1040 communiter
423 1002 463 1039 in
476 1014 592 1053 regno
606 1005 734 1039 nostro
753 1002 966 1048 commissa,
985 1002 1195 1052 quinimmo
1213 1003 1322 1040 etiam
1340 1003 1436 1040 ultra
1457 1016 1556 1040 mare
1575 1004 1686 1042 fuisse

153 1060 349 1098 commissa
379 1060 542 1112 prolata,
573 1059 667 1110 quin
695 1059 915 1110 generaliter
941 1059 1082 1110 ubique
1110 1067 1288 1097 terrarum
1315 1061 1389 1098 sint
1413 1060 1542 1098 eodem
1574 1062 1686 1099 modo

153 1118 360 1156 commissa.
388 1118 524 1156 Contra
544 1122 618 1155 tam
636 1117 847 1155 sceleratam
868 1123 1006 1168 pestem
1027 1118 1165 1155 debent
1188 1119 1377 1169 insurgere
1399 1119 1494 1170 leges
1515 1125 1551 1157 et
1568 1132 1684 1164 arma,

153 1177 315 1228 pecudes
329 1181 365 1214 et
378 1177 504 1224 omnia
519 1180 681 1228 quatuor
697 1176 889 1213 elementa.
910 1176 982 1214 Nos
1001 1177 1115 1226 igitur
1131 1177 1176 1213 ad
1196 1177 1478 1228 extirpationem
1498 1183 1684 1217 tantorum

154 1236 334 1274 scelerum
345 1265 354 1282 ,
369 1240 442 1274 tam
457 1234 628 1286 gravium
646 1247 831 1281 errorum,
846 1239 1000 1285 propter
1016 1235 1252 1273 stabilitatem
1273 1236 1373 1281 fidei,
1391 1249 1457 1273 nec
1472 1249 1546 1273 non
1565 1236 1685 1275 liono-

154 1308 232 1332 rem
255 1294 410 1349 Sanctae
425 1294 549 1332 Matris
567 1293 752 1332 Ecclesiae
768 1294 1084 1344 promovendum,
1104 1294 1150 1331 ad
1176 1294 1307 1331 Sedem
1328 1295 1575 1345 Apostolicam
1593 1308 1684 1333 con-

156 1354 251 1392 ferre
276 1367 345 1392 nos
374 1353 618 1406 personaliter
641 1354 887 1404 proponimus
917 1355 954 1391 in
983 1353 1167 1404 proximo,
1197 1353 1303 1403 cujus
1329 1354 1451 1404 operis
1478 1354 1592 1390 sancti
1621 1366 1686 1392 vos

154 1413 329 1451 volumu's
353 1426 431 1451 esse
451 1411 651 1464 participes
676 1412 741 1463 qui
768 1411 965 1463 participes
994 1416 1030 1448 et
1054 1411 1259 1449 fidelissimi
1287 1412 1462 1449 zelatores
1487 1411 1573 1449 estis
1599 1411 1685 1449 fidei

154 1465 395 1518 christianae,
420 1471 604 1523 vobisque
627 1471 878 1522 praecipimus
905 1475 1087 1521 quatenus
1113 1470 1160 1507 de
1189 1470 1343 1520 singulis
1367 1470 1464 1507 villis
1489 1470 1686 1521 praedictis

157 1529 368 1582 insignibus
394 1530 490 1567 duos
514 1530 614 1567 viros
632 1530 719 1567 fidei
741 1530 885 1567 fervore
905 1530 1068 1579 vigentes
1087 1529 1185 1579 apud
1207 1529 1374 1566 Turones
1400 1529 1445 1566 ad
1471 1534 1543 1566 tres
1572 1528 1687 1579 septi-

157 1601 284 1627 manas
302 1588 474 1626 instantis
490 1588 571 1626 sesti
591 1588 799 1634 Paschatis,
819 1587 962 1624 mittere
978 1599 1052 1624 non
1073 1587 1238 1634 tardetis,
1254 1588 1318 1638 qui
1336 1588 1443 1625 nobis
1458 1589 1628 1626 assistant
1646 1587 1684 1626 in

156 1646 385 1698 praemissis,
402 1646 715 1695 communitatum
743 1651 948 1683 vestrarum
976 1645 1147 1690 nominc,
1174 1646 1219 1682 ad
1243 1658 1283 1683 ea
1305 1659 1401 1696 quae
1424 1646 1561 1684 fuerint
1577 1646 1686 1685 dictis

158 1707 315 1758 negotiis
332 1710 528 1757 oportuna.

207 1766 341 1803 Actum
358 1764 558 1802 Melleduni
572 1793 581 1808 ,
597 1764 658 1801 die
677 1767 782 1801 xxvita
808 1763 947 1807 martii,
965 1776 1062 1800 anno
1082 1763 1130 1799 Μο
1144 1763 1245 1799 CCC⁰
1262 1762 1428 1812 septimo.

868 1890 981 1900 -o—

770 2030 1085 2069 CCCLXXXVlll.

160 2151 526 2189 Excommunication
544 2151 750 2201 pronouce'e
767 2155 888 2187 contre
907 2148 1117 2186 Gm'llaume
1132 2148 1175 2185 de
1191 2147 1348 2193 Juliers,
1368 2147 1541 2197 Philippe
1560 2153 1592 2185 el
1615 2148 1689 2185 Giu'

313 2209 357 2246 de
374 2209 540 2247 Flandre
560 2209 584 2246 ἀ
603 2209 640 2247 la
657 2210 749 2247 suite
767 2208 810 2245 de
828 2207 1016 2245 l'a'ncemlie
1034 2207 1076 2244 de
1094 2206 1228 2256 I’e'qle'se
1245 2206 1288 2243 de
1310 2206 1535 2243 Te'rouanne.

212 2412 356 2449 Dilecto
374 2411 452 2448 filio
469 2411 610 2448 decano
629 2412 888 2449 Ambianensis
913 2410 1103 2455 ecclesiae,
1121 2414 1188 2447 etc.
1210 2408 1474 2460 Signilicarunt
1498 2407 1606 2445 nobis
1627 2421 1690 2444 ve-

166 2469 341 2508 nerabilis
364 2470 475 2507 frater
492 2475 617 2508 noster
636 2470 830 2521 episcopus
849 2474 884 2506 et
901 2469 1024 2506 dilecti
1044 2468 1110 2505 filii
1134 2467 1336 2518 capitulum
1357 2465 1564 2503 Morinense
1588 2469 1689 2515 quod
