2184 3074
712 320 875 358 com-:x
900 319 1145 358 DUNENSIS.
1627 324 1697 361 195

164 443 264 476 extra
285 439 386 489 regni
407 439 518 476 vestri
539 438 715 475 terminos
729 437 914 475 discordia
933 451 1029 488 quac
1047 438 1217 489 palmites
1238 452 1325 476 suos
1343 439 1497 476 tetendit
1517 452 1635 490 usque
1652 439 1696 475 ad

165 497 275 535 maris
293 498 487 544 terminos,
508 497 685 548 suscipiet
699 497 736 533 in
753 496 920 533 futurum
932 525 941 541 ‚
958 496 1005 533 ad
1020 496 1128 546 cujus
1141 497 1425 548 extirpationem
1445 498 1522 536 sive
1542 498 1695 535 exilium

166 555 412 594 necessarium
423 556 500 593 fore
508 554 694 592 eredimus
705 553 917 592 subsidium
927 554 1096 592 omnium
1112 555 1251 606 quibus
1263 555 1351 593 dicti
1368 557 1470 607 regni
1484 556 1592 594 vestri
1604 561 1698 594 tran-

164 613 330 664 quillitas
343 614 505 653 maxime
524 626 650 665 pacem
662 642 755 651 ........
766 613 890 651 reddit
901 618 1035 650 statum
1052 627 1183 664 parum
1198 614 1442 665 tranquillum
1457 629 1499 652 ac
1513 628 1696 652 securum.

166 672 262 711 Hinc
279 673 452 723 estquod
477 685 544 710 nos
565 672 717 710 abbates
736 671 914 722 praedicti
939 672 1040 722 regni
1060 673 1170 710 vestri
1190 686 1318 723 pacem
1337 678 1373 710 et
1390 673 1695 724 tranquillitatem

165 730 392 778 affectantes,
415 731 515 782 apud
538 731 735 768 Divionem
763 735 914 781 propter
938 729 1008 767 hoc
1033 730 1242 781 specialiter
1268 732 1502 782 congregati,
1529 731 1696 782 diligenti

108 813 111 829 ι,
164 789 430 828 deliberatione
448 789 681 841 praehabita,
700 789 933 840 providimus
950 802 970 826 a
990 789 1099 827 nobis
1113 794 1149 827 et
1162 788 1209 827 ab
1229 790 1405 827 omnibus
1429 790 1696 828 monachorum

164 849 396 887 monasteriis
421 849 529 886 nobis
559 848 736 898 subjectis
760 847 953 885 dumtaxat
978 848 1015 885 in
1040 848 1140 885 dicto
1166 862 1280 899 regno
1306 853 1428 886 vestro
1454 849 1698 886 existentibus

163 907 240 944 sore
255 907 572 953 subveniendum,
587 906 695 944 vobis
717 906 764 943 ad
782 906 902 943 dictae
921 906 1128 944 discordiae
1152 907 1419 953 exulationem,
1440 912 1552 958 prout
1570 920 1698 944 neces-

161 965 249 1004 sitas
266 966 418 1003 evidens
437 966 475 1003 id
494 965 680 1016 exposcit,
699 969 841 1015 partem
863 965 1046 1002 decimam
1064 966 1233 1003 omnium
1249 966 1463 1003 reddituum
1482 970 1518 1003 et
1536 979 1698 1016 proven-

163 1028 267 1061 tuum
286 1023 456 1061 omnium
475 1023 784 1060 monasteriorum
809 1023 1078 1060 monachorum
1098 1025 1213 1061 nostri
1229 1024 1372 1061 ordinis
1391 1024 1429 1061 in
1449 1037 1562 1074 regno
1578 1028 1698 1060 vestro

160 1083 416 1128 existentium,
445 1086 596 1133 propter
621 1081 758 1118 dictam
786 1082 1061 1128 necessitatem,
1087 1082 1376 1134 reddituumque
1394 1088 1430 1119 et
1448 1074 1696 1133 proventuum

159 1141 352 1178 dumtaxat
365 1153 462 1192 quae
475 1140 574 1177 dicta
594 1139 816 1177 monasteria
835 1140 872 1176 in
888 1145 1008 1178 vestro
1023 1154 1136 1191 regno
1152 1141 1364 1192 percipiunt
1377 1146 1413 1178 ct
1426 1145 1699 1193 consueverunt

159 1199 348 1250 percipere
362 1203 396 1236 et
411 1198 559 1244 habere,
573 1203 609 1235 et
623 1211 719 1249 quae
733 1198 779 1235 ab
795 1198 884 1249 ipsis
900 1199 1132 1236 monasteriis
1146 1199 1286 1250 percipi
1297 1199 1494 1250 eontigerit
1506 1203 1542 1236 et
1556 1198 1695 1242 haberi.

158 1257 229 1295 sub
247 1261 345 1295 certa
364 1261 487 1294 tamen
508 1257 625 1294 forma
644 1269 757 1308 quam
783 1256 887 1294 sedes
914 1258 1114 1308 apostolica
1134 1257 1312 1295 hactenus
1338 1258 1566 1303 observavit,
1589 1257 1697 1294 vobis

161 1316 228 1353 hac
245 1316 325 1353 vice
343 1329 410 1366 per
427 1315 622 1352 biennium
649 1319 684 1352 et
711 1314 862 1352 nomine
888 1316 1003 1352 nostri
1031 1315 1174 1353 ordinis
1199 1316 1450 1353 Cisterciensis
1478 1315 1524 1352 de
1546 1315 1693 1365 speciali

158 1374 273 1425 gratia
289 1373 543 1410 concedentes.
559 1372 662 1420 Quae
676 1372 830 1423 quidem
850 1386 934 1423 pars
948 1373 1091 1410 decima
1110 1387 1176 1424 per
1189 1387 1306 1410 unum
1323 1387 1511 1424 quemque
1527 1378 1694 1410 nostrum

157 1432 235 1470 sive
252 1445 480 1470 successores
509 1435 671 1477 nostros,
697 1431 735 1467 in
763 1431 999 1481 generatione
1024 1431 1224 1480 cujuslibet
1246 1431 1283 1468 in
1312 1444 1426 1481 regno
1451 1436 1572 1468 vestro
1598 1431 1695 1467 exis-

158 1494 272 1536 tente7
300 1489 545 1540 infrascriptis
576 1489 742 1526 terminis
773 1489 811 1526 in
839 1489 1075 1526 conscientiis
1111 1489 1246 1527 nostris
1275 1503 1317 1526 ac
1344 1489 1581 1526 subditorum
1610 1501 1696 1525 nos-

159 1554 300 1592 trorum
314 1548 456 1598 absque
473 1547 560 1584 dolo
574 1547 631 1584 vel
647 1546 776 1584 fraude
794 1547 954 1584 fideliter
971 1547 1176 1598 colligetur.
1186 1548 1254 1585 Cui
1271 1547 1354 1584 fidei
1371 1552 1516 1584 nostrae
1535 1546 1697 1584 stabitur

159 1607 300 1658 absque
319 1606 389 1643 alia
407 1604 666 1643 retractatione
689 1605 838 1655 penitus
857 1609 892 1642 et
908 1619 1094 1655 expresse,
1119 1605 1168 1642 ita
1192 1605 1294 1656 quod
1318 1605 1550 1642 medietatem
1578 1605 1695 1655 ipsius

159 1665 196 1702 in
217 1664 367 1702 instanti
394 1663 677 1702 Resurrectione
702 1663 872 1709 Domini,
892 1668 928 1700 et
951 1663 1060 1700 aliam
1081 1664 1313 1701 medietatem
1337 1663 1375 1700 in
1399 1663 1490 1700 sesto
1514 1662 1693 1700 Omnium

159 1723 378 1761 Sanctorum
398 1722 570 1773 proximo
588 1722 852 1773 subsequente,
877 1728 912 1760 et
931 1723 1068 1760 eisdem
1098 1723 1264 1760 terminis
1290 1723 1377 1760 anni
1402 1723 1613 1759 immediate
1639 1736 1695 1760 se-

160 1781 308 1832 quentis
326 1780 485 1831 quilibet
501 1780 616 1817 abbas
639 1784 674 1817 et
691 1785 895 1818 conventus
917 1781 1225 1818 monasteriorum
1245 1781 1519 1832 praedictorum
1542 1780 1693 1817 cuilibet

160 1843 328 1876 nostrum
347 1851 412 1876 seu
431 1838 708 1876 suecessoribus
726 1839 878 1886 nostris,
897 1844 1008 1890 prout
1026 1840 1226 1889 cujuslibet
1241 1839 1427 1890 generatio
1442 1839 1693 1889 distinguitur.

161 1897 272 1935 modo
286 1910 363 1950 quo
380 1910 492 1948 supra
509 1897 651 1935 solvere
670 1901 875 1936 tencantur.
894 1899 1014 1947 Quam
1034 1899 1142 1936 nobis
1160 1899 1317 1936 solutam
1338 1903 1402 1935 aut
1420 1898 1695 1936 successoribus

162 1955 296 1993 nostris
314 1968 335 1992 a
353 1955 514 1993 subditis
533 1956 668 1994 nostris
687 1947 902 2007 praedietis,
920 1961 1007 1994 eunt
1030 1957 1201 2008 portione
1218 1956 1422 2007 quemlibet
1446 1962 1612 1993 nostrum
1632 1960 1695 1992 aut

159 2026 389 2051 successores
414 2018 559 2052 nostros
587 2015 843 2066 contingente,
862 2020 974 2066 prout
994 2029 1104 2067 supra
1131 2016 1274 2053 dictum
1294 2020 1367 2061 est,
1386 2014 1492 2051 vobis
1511 2014 1566 2050 vel
1593 2019 1691 2051 certo

161 2071 336 2109 mandato
355 2077 476 2110 vestro
494 2073 705 2111 tenebimur
722 2073 919 2124 assignare.
947 2074 993 2112 Et
1023 2074 1052 2111 si
1078 2075 1172 2112 sorte
1199 2073 1313 2124 aliqui
1338 2073 1374 2110 in
1398 2072 1595 2123 praedictis
1621 2077 1693 2108 ter—

161 2129 272 2167 minis
292 2142 366 2167 non
386 2130 503 2181 ipsam
523 2135 664 2182 partem
689 2132 870 2169 decimam
890 2133 1032 2170 solvere
1046 2131 1273 2178 distulerint,
1292 2131 1338 2168 ad
1362 2131 1398 2168 id
1418 2144 1483 2181 per
1500 2143 1691 2167 censuram

161 2188 275 2226 nostri
294 2187 437 2226 ordinis
461 2190 519 2227 vel
545 2189 652 2228 aliter
676 2191 957 2241 compellentur.
987 2191 1061 2228 Nec
1084 2203 1167 2236 vos,
1195 2189 1346 2227 domine
1370 2202 1452 2234 rex,
1471 2202 1536 2239 per
1554 2201 1618 2225 vos
1637 2188 1692 2224 vel

162 2261 228 2298 per
252 2247 367 2284 alium
391 2247 438 2285 de
464 2248 535 2286 hoe
563 2249 725 2300 aliquem
752 2250 999 2300 compelletis,
1025 2249 1096 2286 nisi
1121 2262 1140 2285 a
1167 2249 1276 2286 nobis
1304 2252 1368 2285 aut
1393 2252 1561 2284 nostrum
1580 2247 1694 2284 altero

154 2318 268 2356 super
287 2305 358 2343 hoc
377 2306 585 2357 specialiter
605 2308 748 2346 fueritis
765 2313 961 2351 evocatus,
979 2312 1016 2344 et
1031 2307 1061 2344 si
1082 2307 1190 2353 sorte,
1215 2306 1373 2355 durante
1396 2305 1496 2343 dicto
1522 2305 1693 2357 biennio‚

156 2363 337 2402 decimam
355 2377 421 2402 seu
439 2364 559 2415 majus
578 2379 673 2405 onus
687 2371 751 2404 aut
763 2367 884 2405 simile
899 2367 936 2405 in
951 2371 1072 2404 vestro
1086 2379 1200 2417 regno
1214 2379 1281 2416 per
1295 2364 1426 2403 Sedcm
1442 2363 1692 2414 Apostolicam

157 2423 308 2460 concedi
330 2423 386 2460 vel
413 2423 555 2475 imponi
574 2425 770 2476 contigerit
787 2426 844 2463 vel
869 2426 947 2476 jam
974 2425 1083 2462 etiam
1106 2425 1154 2462 sit
1173 2437 1408 2469 concessum,
1426 2436 1510 2468 seu,
1530 2422 1691 2460 Domino

1443 2485 1492 2520 25
