2184 3074
482 351 554 390 550
574 355 580 365 ²
1029 345 1192 383 CODEX
1216 344 1464 383 DUNENSIS.

482 467 830 516 terraelanguores,
849 462 1074 513 reparandas
1092 462 1237 507 ruinas,
1251 462 1571 513 relevandumque
1584 476 1775 513 pressuras
1793 464 2019 502 sufficienter

481 526 645 564 converti
666 537 740 561 non
758 526 919 573 poterat,
938 521 1029 557 dum
1049 521 1086 556 in
1107 524 1160 557 tot
1182 520 1416 557 necessitates
1436 520 1554 557 dividi
1573 521 1790 571 cogebatur,
1809 535 1877 558 nec
1898 522 2019 560 eidem

480 590 598 622 terrae
624 584 776 633 plenum
804 580 983 617 adhibere
1008 579 1140 616 salutis
1163 578 1362 628 juvamen,
1382 578 1454 615 nisi
1483 591 1632 616 causam
1659 579 1782 616 morbi
1806 580 2021 631 ejusprae-

481 644 648 693 cipuam,
671 639 921 684 turbationem
948 637 1122 674 videlicet
1141 637 1231 674 dicti
1259 637 1382 687 regni,
1401 637 1632 687 contingeret
1657 638 1870 676 submoveri
1891 654 1898 675 :
1919 652 2020 677 nunc

481 706 616 746 autem,
631 698 809 750 quoniam
824 710 891 747 per
904 696 1071 745 ejusdem
1087 695 1190 746 regni
1207 695 1507 732 reformationem
1517 695 1685 746 ,-aliqua.,
1695 695 1786 744 ¹licet
1798 709 1875 734 non
1889 697 1998 747 plena
2009 727 2018 742 ,

482 757 749 808 tranquillitate
762 755 936 805 respirat,
951 754 997 791 ad
1018 753 1135 804 ipsius
1151 757 1270 790 terrae
1283 752 1495 790 subsidium
1511 757 1648 791 attente
1661 766 1791 792 vacare
1803 755 1967 792 decrevit
1983 760 2020 792 et

479 820 526 857 ad
545 819 645 856 illius
663 817 923 855 liberationem
944 820 1046 853 tanto
1064 815 1296 869 plenioribus
1311 814 1444 852 studiis
1463 815 1632 852 laborare
1646 821 1786 868 quanto
1801 830 1866 868 per
1881 817 2017 854 litteras

478 876 701 914 venerabilis
720 876 758 912 in
772 874 918 912 Christo
936 874 1050 924 patris
1063 874 1085 912 J
1089 873 1395 924 herosolymitani
1407 873 1639 923 patriarchae
1653 878 1689 911 et
1703 875 1962 926 religiosorum
1976 889 2018 913 ac

481 935 664 972 nobilium
685 933 805 970 dictae
822 938 939 970 terrae
957 946 999 970 ac
1015 932 1194 983 speciales
1221 945 1351 969 eorum
1374 932 1527 969 nuntios
1546 925 1692 970 noviter
1715 933 1900 971 intellexit
1915 934 2018 986 quod

481 1001 576 1031 terra
590 994 668 1043 ipsa
682 991 929 1042 periculosius
943 991 1052 1028 solito
1066 990 1257 1028 continuis
1272 990 1482 1027 infidelium
1499 991 1883 1038 vexaturinsultibus‚
1898 993 2020 1045 direp—

482 1052 645 1090 tionibus
672 1051 895 1087 dilaceratur
918 1049 1095 1096 assiduis,
1115 1054 1151 1086 et
1170 1048 1414 1100 frequentatis
1441 1049 1798 1100 depopulationibus
1816 1050 2019 1098 desolatur,

479 1112 666 1149 sauciatur
679 1109 864 1160 stragibus
875 1137 884 1155 ,
898 1107 1081 1159 spoliatur
1095 1107 1224 1144 castris
1234 1136 1243 1153 ,
1258 1119 1487 1157 suarumque
1499 1107 1754 1145 munitionum
1769 1108 2020 1147 destructione

479 1174 692 1221 quassatur,
711 1172 746 1204 et
761 1167 883 1218 quod,
898 1166 1053 1204 soldano
1067 1166 1288 1203 Babiloniae
1302 1179 1388 1203 cum
1405 1166 1570 1203 exercitu
1585 1167 1701 1204 mirae
1714 1168 1967 1207 multitudinis
1980 1183 2019 1208 se
2066 1212 2067 1215 Ἰ

480 1229 518 1265 in
536 1232 655 1265 castro
674 1226 825 1277 Sapheti
857 1239 926 1276 pro
951 1225 1183 1276 angustanda
1213 1224 1361 1262 civitate
1385 1225 1591 1263 Acconensi
1621 1223 1865 1274 (sicut'etiam
1884 1226 2018 1266 illustri

416 1334 417 1337 Ἰ
479 1288 554 1338 regi
570 1287 798 1323 Francorum
818 1290 853 1322 et
871 1285 981 1322 nobis
999 1298 1019 1321 a
1034 1284 1108 1321 fide
1125 1284 1249 1335 dignis
1263 1284 1430 1334 ejusdem
1451 1289 1569 1322 terrae
1586 1285 1755 1337 personis
1769 1298 1890 1337 nuper
1906 1286 2019 1339 scrip-

480 1350 558 1383 tum
572 1358 650 1382 esse
660 1344 882 1392 dinoscitur)
894 1340 1115 1394 receptante,
1131 1356 1244 1393 seque
1257 1342 1344 1380 inde
1362 1343 1407 1380 ad
1423 1343 1540 1394 ipsius
1555 1342 1714 1381 civitatis
1727 1344 1963 1382 obsidionem
1975 1346 2019 1384 in

479 1417 592 1441 manu
609 1403 824 1449 fortissima,
834 1406 948 1453 prout
960 1402 1199 1438 vehementer
1213 1401 1388 1448 creditur,
1398 1407 1655 1452 praeparante,
1665 1403 1743 1452 jam
1759 1403 1797 1440 in
1811 1407 1956 1442 tantum
1970 1417 2017 1442 an

479 1466 558 1515 ipsa
580 1463 709 1500 civitas
735 1462 936 1499 subsistere
959 1462 1078 1498 valeat
1104 1461 1315 1507 dubitatur,
1333 1461 1436 1512 quod
1455 1461 1572 1498 multa
1596 1461 1698 1498 milia
1717 1474 1763 1498 ex
1779 1461 1934 1499 Ytalicis
1952 1464 2017 1514 qui

478 1525 618 1562 ibidem
634 1523 769 1560 morari
789 1522 975 1568 solebant,
995 1522 1076 1568 tali,
1094 1525 1137 1558 ut
1154 1521 1312 1567 dicitur,
1329 1522 1463 1558 timore
1484 1521 1687 1571 perterriti,
1706 1535 1791 1558 cum
1807 1522 1966 1560 navibus
1983 1528 2019 1560 et

477 1583 586 1621 bonis
605 1582 681 1623 suis
700 1581 876 1618 omnibus
897 1581 1022 1618 subito
1040 1585 1287 1627 recesserunt,
1304 1580 1432 1631 sicque
1463 1580 1592 1618 civitas
1623 1581 1701 1631 ipsa
1726 1581 1806 1618 sine
1830 1594 1965 1632 magno
1982 1587 2019 1620 et

478 1642 601 1679 vicino
620 1641 760 1678 auxilio
775 1640 841 1676 diu
856 1640 996 1690 spirare
1016 1653 1091 1676 non
1111 1639 1257 1690 poterit.
1272 1639 1337 1676 Est
1353 1638 1601 1689 obprobrioso
1615 1639 1715 1676 casui
1735 1639 1907 1689 proxima
1920 1644 1956 1677 et
1969 1644 2018 1678 to-

478 1703 559 1740 talis
577 1700 786 1738 exterminii
802 1700 1021 1737 desolationi
1044 1700 1183 1745 vicina,
1202 1704 1236 1736 et
1259 1713 1326 1750 per
1344 1699 1415 1747 hoc
1436 1703 1510 1736 tota
1525 1703 1620 1736 terra
1634 1698 1822 1749 praedicta
1840 1703 1936 1750 quae
1952 1713 2019 1751 per
2064 1734 2067 1737 χ

477 1763 595 1813 ipsam
615 1760 799 1797 civitatem
820 1759 1035 1796 defensatur
1051 1763 1094 1796 ut
1119 1759 1326 1810 plurimum
1343 1758 1520 1810 periculis
1538 1757 1743 1796 manifestis
1761 1758 1963 1808 exponitur
1981 1763 2018 1796 et

449 1831 455 1835 ’
477 1820 523 1857 ad
537 1819 726 1856 excidium
747 1818 1002 1868 irreparabile,
1017 1818 1089 1854 nisi
1105 1818 1233 1855 divina
1253 1821 1446 1855 succurrat
1458 1817 1623 1868 potentia
1633 1846 1642 1862 ,
1656 1820 1907 1867 praeparatur.
1922 1817 2016 1854 Cum

477 1879 601 1928 itaque
615 1889 683 1928 pro
703 1876 820 1926 ipsius
839 1880 956 1912 terrae
982 1875 1152 1913 subsidio
1184 1876 1282 1913 dicta
1305 1876 1417 1914 Sedes
1441 1875 1632 1926 negotium
1664 1874 1785 1911 crucis
1811 1878 1848 1911 et
1873 1874 1943 1912 alia
1969 1876 2016 1912 ad

477 1936 589 1986 hujus
609 1934 715 1971 modi·
734 1934 946 1971 subsidium
969 1934 1192 1984 pertinentia
1217 1934 1255 1970 in
1280 1946 1395 1984 regno
1426 1933 1603 1971 Franciae
1624 1937 1661 1969 et
1681 1932 1908 1984 quibusdam
1934 1933 2016 1970 aliis

475 1993 827 2044 circumjacentibus
849 1993 1018 2043 partibus
1038 1998 1185 2030 nostrae
1203 1993 1354 2030 duxerit
1376 1992 1621 2030 sollicitudini
1643 1991 1930 2038 committenda,
1947 2005 2015 2029 nos

475 2054 704 2091 attendentes
719 2053 822 2103 quod
838 2057 928 2090 tunc
945 2053 1072 2090 arduis
1087 2053 1246 2104 negotiis
1264 2053 1409 2090 felicior
1421 2052 1542 2090 exitus
1561 2050 1894 2090 consummationis
1907 2051 2015 2088 addi-

475 2117 553 2158 tur,
585 2112 676 2148 dum
708 2111 984 2149 communicato
1016 2125 1102 2150 cum
1130 2112 1204 2149 illis
1230 2125 1393 2163 quorum
1419 2111 1572 2149 interest
1604 2113 1778 2155 tractatu,
1808 2108 2014 2146 consultius

476 2172 663 2218 ineuntur,
674 2171 877 2221 paterniter
889 2184 956 2208 vos
970 2184 1156 2222 rogamus,
1171 2184 1368 2208 monemus
1382 2175 1418 2208 et
1431 2170 1638 2215 hortamur,
1647 2172 1784 2206 attente
1799 2167 1905 2205 vobis
1920 2167 2015 2205 nihi-

475 2230 637 2267 lominus
668 2229 886 2266 auctoritate
912 2243 986 2281 qua
1015 2230 1208 2280 fungimur
1234 2230 1272 2267 in
1300 2230 1369 2267 hac
1388 2233 1492 2280 parte
1509 2228 1744 2273 mandantes,
1762 2230 1946 2277 quatenus
1964 2225 2013 2263 ob

475 2289 594 2325 dictae
603 2288 708 2326 Sedis
721 2288 964 2325 reverentiam
973 2318 982 2335 ,
996 2289 1102 2326 tertia
1112 2289 1173 2326 die
1188 2289 1360 2326 instantis
1371 2287 1603 2333 novembris,
1613 2286 1713 2338 apud
1727 2284 2013 2336 Compendium,

474 2347 538 2395 ubi
554 2351 644 2383 tunc
660 2359 738 2383 esse
750 2376 758 2391 ,
778 2347 941 2384 Domino
960 2347 1204 2394 concedente,
1223 2348 1487 2398 proponimus,
1502 2345 1549 2383 ad
1569 2350 1734 2383 nostram
1752 2342 2011 2394 praesentiam,

474 2405 576 2443 omni
596 2405 788 2442 occasione
812 2418 855 2442 ac
880 2405 1099 2443 difficultate
1120 2407 1353 2457 postpositis„
1373 2405 1617 2457 personaliter
1641 2403 1813 2449 veniatis,
1828 2400 2011 2439 universis

474 2464 687 2510 abbatibus,
705 2464 910 2514 prioribus,
929 2465 1237 2503 conventualibus
1250 2467 1327 2503 sive
1341 2465 1593 2503 Cisterciensis
1608 2464 1685 2502 sive
1702 2459 1956 2500 Cluniacensis
1968 2473 2011 2496 ac
