2184 3074
762 249 923 287 CODEX
951 250 1197 288 DUNENSlS.
1678 253 1749 290 0219

207 367 284 404 sive
303 366 458 411 malum,
477 369 624 416 oportet
641 378 708 403 nos
727 365 826 402 diem
847 365 1040 403 messionis
1065 370 1250 402 extremae
1272 366 1448 416 operibus
1471 366 1749 404 misericordiae

207 425 422 476 praevenire
435 438 477 462 ae
491 429 724 462 aeternorum
740 425 876 461 intuitu
892 424 1075 462 seminare
1089 425 1126 461 in
1143 425 1572 476 terris,quod,reddente
1585 425 1748 463 Domino

207 496 291 520 cum
307 484 552 534 multiplicato
567 484 702 529 fructu,
716 483 928 533 recolligere
941 482 1142 520 debeamus
1156 483 1194 519 in
1210 483 1338 530 coelis,
1354 484 1498 520 firmam
1518 497 1634 534 spem,
1651 482 1749 519 [idu-

207 541 378 592 ciamque
395 546 560 580 tenentes
578 541 679 592 quod
699 541 765 591 qui
784 554 892 592 parce
911 541 1086 586 seminat,
1110 554 1218 591 parce
1242 547 1278 578 et
1305 546 1430 588 metet,
1449 546 1485 578 et
1505 542 1570 592 qui
1589 541 1749 579 seminat

208 601 245 638 in
261 599 598 646 benedictionibus,
613 599 660 636 de
674 599 998 636 benedictionibus
1012 603 1048 635 et
1061 603 1173 636 metet
1182 599 1295 636 vitam
1310 604 1508 636 aeternam.
1522 600 1617 648 Quia
1632 599 1746 650 igitur

208 670 282 694 non
298 658 439 708 absque
458 661 551 694 nutu
566 657 633 694 Dei
653 662 687 694 et
702 657 943 708 inspiratione
961 657 1086 694 divina
1107 670 1174 694 nos
1189 657 1235 693 ad
1254 657 1467 694 instantiam
1488 658 1745 708 religiosorum

207 715 373 752 Virorum
387 715 532 753 abbatis
546 719 581 752 et
594 720 798 752 conventus
813 715 944 752 Beatae
962 715 1098 752 Mariae
1111 715 1157 751 de
1167 715 1303 761 Dunis,
1317 716 1570 754 Cirterciensis
1585 716 1744 763 ordinis,

207 778 354 812 nostrae
376 774 566 824 dyocesis,
596 774 787 811 ecclesiam
813 774 980 824 ipsorum
1011 773 1056 810 ad
1090 773 1268 810 honorem
1295 774 1362 811 Dei
1393 779 1429 811 et
1454 775 1587 812 Beatae
1611 775 1746 812 Mariae

206 836 426 883 sumptuoso
443 845 554 882 opere
577 832 623 869 ad
642 832 1000 869 consummationem
1025 831 1152 868 divina
1172 831 1357 869 mediante
1376 833 1491 883 gratia
1506 833 1584 883 jam
1603 833 1746 871 deduc-

206 894 279 928 tam
296 890 468 927 dedicare
485 889 737 936 intendamus,
755 894 791 926 et
805 902 872 926 nos
887 894 960 926 tam
978 889 1049 940 pii,
1067 893 1218 940 tamque
1232 890 1311 927 Deo
1328 891 1467 942 accepti
1487 892 1610 942 operis
1628 893 1744 943 parti-

205 948 304 999 cipes
322 961 400 986 esse
417 953 453 985 et
469 948 561 985 alios
580 948 657 985 fieri
677 947 879 998 cupientes,
897 947 1073 985 omnibus
1087 947 1154 998 qui
1173 948 1293 985 eidem
1311 954 1413 999 grata
1431 949 1597 987 subsidia
1615 955 1651 988 et
1664 951 1743 1001 pias

204 1006 423 1044 elemosinas
449 1005 495 1044 (le
520 1006 629 1044 bonis
652 1006 724 1043 sibi
751 1020 771 1043 a
793 1007 873 1043 Deo
898 1006 1040 1043 collatis
1065 1006 1291 1043 contulerint
1307 1007 1364 1043 vel
1383 1008 1676 1053 transmiserint,
1698 1009 1744 1046 de

205 1066 386 1103 immensa
412 1065 479 1102 Dei
511 1064 764 1103 misericordia
790 1069 826 1102 et
851 1065 1032 1115 gloriosae
1058 1065 1212 1115 virginis
1232 1065 1366 1103 Mariae
1384 1066 1510 1104 matris
1536 1066 1636 1117 ejus,
1662 1080 1744 1104 om-

207 1125 389 1174 niumque
409 1128 621 1161 sanctorum
641 1123 782 1160 meritis
807 1128 842 1160 et
861 1123 1034 1173 precibus
1054 1123 1297 1170 confidentes,
1324 1138 1441 1161 unum
1460 1138 1600 1163 annum
1619 1126 1666 1162 de
1684 1126 1744 1163 in-

201 1183 342 1233 junctis
361 1183 432 1221 sibi
451 1182 688 1233 poenitentiis
710 1182 999 1220 misericorditer
1016 1183 1243 1229 relaxamus,
1262 1182 1477 1233 adjicientes
1492 1184 1595 1234 quod
1614 1197 1742 1222 omnes

206 1241 456 1291 indulgentias
469 1254 564 1292 quos
582 1253 650 1292 pro
665 1239 795 1277 eodem
814 1245 978 1291 tempore
992 1241 1221 1278 venerabiles
1236 1241 1454 1292 quicunque
1472 1242 1740 1294 archiepiscopi

205 1303 241 1336 et
252 1299 416 1350 episcopi
431 1298 470 1336 in
489 1299 704 1349 episcopatu
718 1298 919 1336 Morinensi
935 1298 1112 1335 duxerint
1130 1298 1332 1346 faciendas,
1350 1300 1575 1350 gratissimas
1594 1306 1629 1337 et
1647 1305 1741 1338 ratas

205 1357 426 1396 habebimus
443 1362 480 1394 et
498 1357 690 1394 habemus.
709 1357 846 1394 Datum
865 1370 963 1394 anno
982 1357 1134 1394 Domini
1154 1357 1371 1404 millesimo,
1386 1364 1453 1395 etc.

253 1417 328 1455 Nos
349 1430 438 1454 vero
463 1417 531 1454 Dei
561 1417 679 1466 gratia
706 1416 898 1455 Remensis
929 1416 1231 1468 archiepiscopus
1261 1417 1308 1454 de
1333 1417 1400 1454 Dei
1428 1418 1679 1456 misericordia
1706 1425 1742 1457 et

204 1476 336 1514 Beatae
361 1476 493 1513 Mariae
517 1477 643 1514 matris
667 1475 746 1526 ejus
774 1476 925 1523 confisi,
951 1476 1127 1513 omnibus
1154 1476 1452 1514 benefactoribus
1480 1477 1595 1528 ipsius
1618 1479 1740 1529 operis

203 1547 245 1570 xi,
267 1533 345 1571 dies
371 1534 417 1571 de
443 1533 620 1584 injunctis
648 1534 719 1571 sibi
753 1534 990 1585 poenitentiis
1016 1534 1306 1572 misericorditer
1332 1535 1557 1582 relaxamus,
1589 1537 1741 1588 insuper

204 1596 351 1642 peecata
379 1591 510 1639 oblita,
528 1596 612 1629 vota
633 1593 746 1629 fracta
765 1593 795 1630 si
814 1592 860 1629 ad
880 1606 920 1629 ea
940 1592 1136 1639 redierint,
1162 1591 1318 1629 offensas
1343 1598 1491 1643 patrum
1518 1599 1554 1631 et
1579 1600 1739 1632 matrum

204 1650 284 1687 sine
305 1663 484 1688 manuum
504 1650 721 1700 injectione,
742 1651 1050 1702 transgressiones
1063 1651 1266 1702 juramenti
1286 1651 1365 1689 sine
1391 1652 1477 1689 fidei
1499 1653 1556 1690 vel
1576 1653 1737 1704 proximi

205 1710 376 1747 laesione.
629 1724 644 1731 r

252 1767 326 1805 Nos
343 1780 430 1805 vero
449 1767 677 1805 Turonensis
695 1769 997 1820 archiepiscopus
1012 1769 1188 1807 omnibus
1203 1770 1501 1808 benefactoribus
1515 1771 1631 1821 ipsius
1647 1783 1739 1821 ope-

203 1824 253 1862 ris
271 1823 334 1862 XL
352 1825 430 1863 dies
449 1825 495 1862 de
513 1825 690 1875 injunctis
709 1826 780 1863 sibi
800 1827 1055 1878 poenitentiis,
1070 1832 1217 1878 peecata
1237 1827 1371 1874 oblita,
1391 1833 1475 1866 vota
1495 1829 1622 1874 fracta,
1641 1829 1671 1866 si
1691 1828 1737 1866 ad

202 1895 243 1920 ea
261 1883 456 1931 redierint,
475 1883 632 1922 offensas
646 1889 792 1935 patrum
811 1890 846 1922 et
868 1890 1026 1923 matrum
1047 1887 1126 1923 sine
1145 1899 1324 1923 manuum
1344 1886 1561 1936 injectione,
1580 1892 1647 1924 etc.

252 1941 326 1980 Nos
343 1942 651 1992 Rothomagensis
670 1943 734 1981 XL
753 1943 843 1982 dies.

253 1999 326 2037 Nos
344 1999 619 2039 Suessionensis
635 2001 701 2039 XL
718 2001 807 2039 dies.
