2184 3074
744 374 906 413 CODEX
935 375 1181 414 DUNENSlS.
1685 381 1732 418 55

195 493 414 531 mandamus
437 497 622 544 quatenus
648 492 824 529 omnibus
843 492 992 529 decanis
1013 492 1292 530 christianitatis
1318 494 1477 532 civitatis
1504 500 1538 533 et
1562 496 1732 546 dyocesis

192 552 436 589 Tornacensis
457 565 522 603 per
539 555 676 589 vestras
695 551 833 588 litteras
854 551 1056 601 injungatis
1075 556 1117 588 ut
1135 552 1221 602 ipsi,
1238 552 1283 588 ad
1303 553 1381 590 loca
1400 554 1730 593 ecclesiasticarum

193 622 435 660 personarum
455 614 710 661 exemptarum
728 613 764 646 et
778 622 853 646 non
869 614 1141 660 exemptarum,
1157 610 1418 662 cujuscunque
1431 613 1659 651 conditionis
1674 615 1730 651 vel

192 669 383 720 dignitatis
397 669 574 714 existant,
587 682 684 720 quae
697 668 744 706 ad
761 668 984 706 solutionem
1001 669 1306 718 procurationum
1322 670 1465 708 domini
1482 672 1588 721 legati
1608 677 1731 710 tcncn-

192 731 254 764 tur
270 727 527 778 personaliter,
546 726 776 772 accedentes,
796 726 957 777 quilibet
975 727 1011 763 in
1027 740 1095 763 suo
1113 727 1305 774 decanatu,
1320 742 1483 780 summas
1498 731 1730 780 procuratio-

193 798 282 822 num
302 785 466 836 ipsarum
488 785 625 822 eisdem
651 785 747 821 bona
765 785 838 821 fide
858 785 1047 835 impositas
1065 786 1144 822 vice
1163 791 1286 823 nostra
1305 787 1526 825 denuntient
1543 794 1578 826 et
1595 803 1730 840 quam-

192 838 284 881 libet
308 843 473 894 ipsarum
493 847 669 880 moneant
686 847 728 879 ut
744 843 861 880 dictas
880 843 1160 893 procurationes
1178 845 1430 894 pecuniarias,
1451 852 1562 896 prout
1579 861 1646 898 per
1662 861 1730 885 nos

192 905 280 939 sunt
299 901 498 952 diligenter
521 906 682 947 taxatae,
707 901 807 952 apud
832 901 1043 938 'fornacum
1069 902 1175 939 vobis
1203 915 1299 952 quos
1326 904 1370 940 ad
1400 904 1470 942 hoc
1500 906 1730 944 instituimus

191 960 423 1007 collectores,
437 964 635 1011 apportent
648 964 684 996 et
695 960 841 997 solvant
855 959 949 996 infra
966 960 1077 997 unius
1092 961 1228 998 mensis
1243 962 1420 1012 spatium,
1435 964 1538 1013 quod
1553 964 1642 1015 ipsis
1661 978 1730 1015 pro

191 1019 441 1071 peremptorio
459 1019 706 1070 assignamus,
720 1019 887 1069 alioquin
904 1018 1003 1068 ipsos
1017 1019 1082 1069 qui
1103 1020 1198 1056 infra
1218 1021 1486 1072 praescriptum
1510 1023 1729 1070 terminum,

192 1082 388 1128 postquam
415 1077 461 1114 ad
488 1077 654 1128 ipsorum
684 1077 851 1114 notitiam
876 1078 1099 1127 pervenerit,
1123 1078 1220 1128 ipsas
1247 1091 1323 1116 non
1350 1080 1545 1127 solverint,
1569 1095 1664 1132 quos
1689 1083 1727 1120 in

191 1136 337 1187 scriptis
361 1149 512 1173 exnunc
541 1136 823 1187 suspendimus,
851 1148 1050 1186 suspensos
1077 1137 1218 1173 faciatis
1248 1138 1398 1187 publice
1428 1140 1589 1177 nuntiari
1618 1146 1728 1191 prout

190 1193 356 1231 videritis
372 1194 562 1244 expedire,
578 1207 620 1231 ac
635 1194 841 1245 procedatis
857 1194 893 1230 in
910 1194 1098 1244 praedicto
1112 1195 1259 1244 negotio
1275 1197 1398 1245 quoad
1415 1197 1486 1234 hoc
1498 1203 1534 1234 et
1545 1198 1615 1235 alia
1629 1199 1728 1236 vide-

152 1248 157 1257 “
191 1252 276 1290 licet
299 1253 338 1289 in
361 1253 619 1298 citationibus,
643 1253 1110 1298 excommunicationibus,
1130 1254 1372 1291 terminorum
1392 1269 1517 1293 coram
1539 1257 1728 1307 praedicto

191 1313 310 1363 legato
335 1311 666 1363 assignationibus,
693 1311 851 1362 aliisque
876 1312 1111 1361 processibus
1134 1312 1346 1349 faciendum
1373 1314 1452 1350 vice
1477 1319 1600 1351 nostra
1621 1315 1727 1365 juxta

191 1371 348 1407 sormam
369 1370 407 1406 in
425 1369 535 1407 dictis
553 1369 684 1406 litteris
703 1369 812 1406 nobis
830 1382 872 1406 ac
884 1369 991 1406 vobis
1009 1370 1258 1407 commissam.
1275 1370 1455 1409 Volumus
1474 1372 1626 1423 insuper
1639 1386 1729 1411 auc-

190 1428 337 1466 toritate
353 1428 480 1465 eadem
500 1441 543 1464 ae
560 1427 667 1465 vobis
685 1427 950 1478 praecipiendo
969 1428 1190 1465 mandamus
1208 1433 1392 1478 quatenus
1410 1430 1527 1467 dictas
1548 1444 1728 1481 procura-

188 1488 307 1526 tiones
334 1488 567 1539 pecuniarias
588 1488 696 1538 juxta
721 1488 944 1525 taxationem
968 1489 1100 1525 factam
1121 1502 1187 1539 per
1206 1502 1274 1526 nos
1292 1489 1338 1526 de
1359 1490 1544 1528 bonorum
1570 1492 1726 1530 consilio

187 1545 340 1597 exigatis
353 1546 551 1597 diligenter
563 1551 599 1583 et
616 1546 775 1584 fideliter
787 1546 1030 1592 conservetis,
1046 1547 1235 1597 praedicto
1249 1547 1403 1585 domino
1417 1549 1553 1599 legato,
1573 1563 1640 1599 per
1657 1563 1724 1588 nos

187 1605 260 1651 vel,
279 1604 375 1642 sicut
392 1604 706 1652 ordinaverimus,
724 1618 792 1656 per
807 1605 921 1642 alium
933 1633 942 1651 ,
961 1605 1203 1655 reportandas
1221 1610 1288 1642 etc.

892 1731 1011 1740 ——00—

894 1863 1022 1901 XXlV.

183 1981 346 2018 Pouvoir
370 1979 489 2017 donne
515 1993 593 2017 aux
613 1981 767 2029 prieurs
799 1979 1016 2017 d'absoudre
1039 1980 1102 2018 dea
1126 1988 1303 2019 sentences
1333 1982 1358 2019 d
1363 1982 1717 2021 ’excommunication

241 2040 382 2089 portees
397 2044 519 2076 contre
533 2039 583 2076 les
597 2040 735 2076 moines
748 2045 781 2076 et
793 2038 843 2076 les
855 2039 976 2089 frere-3
990 2052 1139 2077 convers
1152 2041 1341 2090 coupables
1355 2041 1399 2078 de
1411 2043 1505 2079 voies
1518 2042 1562 2078 de
1573 2042 1655 2092 saie.

232 2232 325 2269 Cum
353 2233 553 2271 monachos
579 2239 616 2271 et
641 2247 837 2272 conversos
861 2236 1170 2272 monasteriorum
1198 2240 1403 2273 vestrorum
1427 2237 1474 2278 ab
1500 2250 1716 2275 excommu-

183 2291 368 2329 nicatione
394 2305 507 2343 quam
534 2292 737 2343 injiciendo
760 2307 892 2332 manus
909 2294 1089 2331 violentas
1113 2295 1270 2331 invicem
1291 2295 1328 2332 in
1347 2295 1487 2346 scipsos
1506 2296 1717 2346 frequenter

182 2350 391 2396 incurrunt,
406 2364 451 2387 ex
465 2351 591 2388 officio
605 2357 726 2390 vestro
739 2353 930 2391 absolvere
944 2354 1107 2398 valeatis,
1117 2354 1333 2390 auctoritate
1347 2355 1452 2391 vobis
1466 2356 1713 2405 praesentium

182 2407 419 2459 indulgemus
437 2413 479 2446 ut
495 2409 711 2447 absolvendi
730 2424 792 2448 eos
811 2411 858 2448 ab
880 2411 1265 2448 excommunicatione
1288 2411 1502 2461 hujusmodi
1525 2414 1714 2463 prioribus

180 2466 331 2514 vestris,
350 2480 435 2504 cum
453 2480 519 2504 vos
537 2467 665 2506 abesse
682 2469 892 2519 contigerit,
912 2469 1061 2520 possitis
1078 2471 1308 2507 committere
1325 2470 1423 2508 vices
1440 2475 1589 2509 vestras.
1612 2472 1711 2509 Nulli

179 2536 282 2575 ergo,
299 2529 365 2562 etc.
