2184 3074
771 264 934 303 CODEX
962 262 1203 304 DUNENSIS.
1678 261 1719 298 51
1728 261 1750 299 ὅ

210 385 374 425 secundo
391 389 427 423 et
445 385 552 423 tertio
571 385 609 422 in
630 384 702 422 hiis
720 383 868 435 scriptis
887 387 1082 420 monemus
1106 382 1135 420 si
1162 382 1200 419 in
1225 381 1315 419 dicti
1340 381 1560 418 executione
1583 377 1747 416 mandati

211 445 436 496 negligentes
466 443 608 481 fueritis
626 443 683 480 vel
702 442 862 488 remissi,
890 442 1062 487 serimus,
1087 441 1184 478 sicut
1209 440 1397 492 congruit,
1424 444 1460 476 et
1485 437 1748 490 praecipiendo

211 503 430 541 mandamus
448 507 631 554 quatenus
644 501 858 539 accedentes
873 499 1116 551 personaliter
1128 499 1194 536 ubi
1211 504 1362 550 propter
1377 498 1447 536 hoc
1462 498 1573 535 suerit
1588 496 1746 534 acceden

210 561 300 600 dum
316 562 395 599 viee
414 566 536 598 nostra
552 573 616 599 seu
630 560 755 611 pot-ius
770 559 970 610 apostolica
992 557 1192 595 inhibeatis
1207 557 1420 608 presbiteris
1430 583 1443 602 ,2
1453 556 1596 594 clericis
1610 569 1652 592 ac
1666 555 1747 592 aliis

209 612 385 658 omnibus
399 624 436 657 et
450 619 608 670 singulis
625 618 673 656 de
687 618 826 669 quibus
847 618 989 655 fueritis
1008 617 1176 669 requisiti
1196 617 1268 655 sub
1284 617 1495 655 testimonio
1509 615 1746 666 competenti,

212 691 289 715 nea
307 674 504 728 praedictis
521 677 568 714 de
584 677 734 714 'l'hosan
755 681 881 714 contra
906 676 1111 724 libertatem
1131 681 1384 726 praenotatam
1402 675 1449 712 de
1471 675 1660 726 praedicto
1682 687 1747 711 ne-

210 749 312 783 more
332 736 548 773 eorumdem
569 740 697 773 contra
720 735 948 772 voluntatem
973 735 1138 785 ipsorum
1165 734 1367 785 quicquam
1397 734 1548 771 nomine
1575 733 1745 770 decimali

210 795 391 833 violenter
415 795 561 847 exigere
586 796 641 832 vel
669 800 891 845 extorquere
913 799 1174 844 praesumant,
1201 807 1265 831 seu
1297 794 1467 832 arborem
1493 794 1548 831 vel
1577 793 1746 838 arbores,

210 867 355 892 ramum
370 868 435 891 seu
451 867 572 892 ramos
583 883 592 899 ,
607 867 671 891 seu
686 853 788 890 aliud
802 852 1005 903 quicquam
1020 866 1148 902 rapere
1162 853 1217 889 vel
1233 853 1378 890 auferre
1391 853 1572 890 violenter
1588 856 1747 902 attemp-

212 916 303 955 tent,
322 925 386 950 seu
415 912 504 950 llaec
528 911 606 949 lieri
635 915 856 963 procurent,
883 923 945 948 seu
973 911 1172 961 praemissa
1198 912 1255 948 vel
1278 911 1430 962 aliquod
1460 912 1744 962 praemissorum

211 971 432 1008 facientibus
449 984 513 1008 seu
532 971 652 1008 facere
669 970 881 1007 volentibus
899 982 1008 1020 opem
1020 998 1028 1014 ,
1047 970 1245 1006 consilium
1261 983 1323 1007 seu
1343 970 1525 1012 auxilium
1546 970 1746 1020 praebeant

209 1022 272 1066 vel·
282 1029 334 1066 eis
352 1029 524 1066 assistant
546 1028 584 1066 in
603 1028 875 1079 praejudicium
898 1027 1106 1078 praedictae
1124 1027 1303 1064 libertatis
1321 1028 1459 1066 eisdem
1475 1027 1522 1065 ab
1537 1027 1746 1078 Apostolica

209 1085 302 1125 Sede
319 1100 515 1125 concessae
529 1091 571 1124 ac
585 1086 859 1136 jurisdictionis
884 1085 992 1123 nobis
1011 1099 1029 1122 a
1053 1086 1148 1123 Sede
1170 1087 1388 1124 commissae
1409 1092 1441 1124 et
1464 1086 1680 1124 eorumdem
1701 1086 1747 1123 de

209 1145 356 1183 'l'hosan
378 1144 674 1197 praejudicium,
693 1145 869 1195 injuriam
898 1149 934 1181 et
950 1157 1169 1194 gravamen,
1196 1158 1238 1182 ac
1267 1158 1395 1182 omnes
1422 1145 1503 1182 illos
1523 1150 1558 1182 et
1579 1145 1746 1195 singulos

209 1203 347 1254 quibus
361 1204 458 1241 dicta
472 1204 648 1242 inhibitio
663 1205 756 1241 sacta
773 1203 895 1249 suerit,
906 1203 1086 1240 moneatis
1103 1208 1266 1254 utsupra
1282 1217 1328 1240 ne
1341 1208 1468 1240 contra
1485 1203 1744 1240 inhibitionem

209 1266 244 1298 ot
267 1262 510 1300 monitionem
531 1262 738 1313 praedictas
757 1262 809 1299 eis
831 1263 943 1299 sectas
964 1261 1166 1312 quicquam
1189 1262 1326 1298 saciant
1346 1263 1400 1298 vel
1427 1266 1657 1312 attemptent,
1682 1274 1745 1298 seu

209 1315 326 1357 faeere
347 1320 403 1357 vel
422 1319 630 1370 attemptari
647 1324 863 1370 procurent,
884 1319 1051 1369 alioquin
1071 1332 1284 1356 vosomnes
1307 1319 1389 1356 illos
1411 1324 1446 1356 et
1466 1319 1631 1369 singulos
1652 1332 1746 1369 quos

209 1382 292 1428 post
313 1378 576 1416 inhibitionem
597 1383 633 1415 et
656 1378 900 1415 monitionem
919 1378 1126 1428 praedictas
1146 1378 1289 1415 notorie
1309 1378 1512 1429 culpabiles
1530 1392 1593 1415 seu
1613 1383 1746 1415 eontu-

209 1450 329 1475 maces
361 1443 397 1475 et
428 1438 624 1475 monitioni
658 1444 804 1475 nostrae
835 1451 909 1474 non
942 1442 1111 1488 parentes
1146 1437 1378 1482 inveneritis,
1408 1450 1502 1487 quos
1528 1450 1676 1474 exnunc
1708 1441 1746 1474 ut

208 1500 344 1533 extunc
377 1496 414 1532 in
446 1495 518 1533 hiis
548 1496 695 1546 scriptis
728 1496 1115 1540 excommunicamus,
1147 1496 1488 1532 excommunicatos
1526 1495 1744 1532 nominatim

208 1553 358 1604 publice
387 1555 622 1605 ubicunque,
639 1555 957 1605 ‘quandocunque
981 1559 1016 1590 et
1034 1556 1360 1604 quotienscunque
1389 1553 1557 1605 cequisiti
1586 1554 1745 1598 fueritis,

209 1611 429 1649 denuntiare
453 1613 607 1658 curetis,
635 1613 708 1649 alio
739 1626 759 1649 a
790 1612 898 1649 nobis
927 1625 999 1648 non
1029 1617 1239 1663 exspectato
1268 1612 1460 1656 mandato,
1480 1612 1631 1649 nomina
1659 1624 1746 1649 vero

209 1670 357 1708 illorum
372 1671 437 1722 qui
454 1685 493 1709 se
505 1672 820 1709 excommunicari
837 1671 1086 1722 permiserint,
1101 1677 1137 1708 et
1150 1671 1242 1722 quid
1259 1671 1346 1708 inde
1362 1671 1535 1715 feceritis,
1554 1671 1661 1708 nobis
1681 1684 1745 1721 per

210 1735 347 1768 vestras
363 1737 527 1782 patentes
547 1732 684 1769 litteras
704 1732 846 1783 liquide
867 1731 1095 1776 rescribatis,
1116 1737 1155 1767 ut
1173 1736 1298 1768 contra
1316 1731 1398 1767 illos
1413 1729 1611 1781 procedere
1626 1729 1745 1780 possi-

211 1801 311 1834 mus,
330 1795 442 1840 prout
458 1790 636 1828 suadente
650 1790 792 1840 justitia
809 1790 920 1827 suerit
936 1789 1213 1840 procedendum
1230 1789 1268 1826 in
1284 1788 1355 1826 hiis
1369 1788 1613 1839 exequendis,
1627 1792 1693 1824 etc.

930 1895 1019 1903 ...—

942 1999 1010 2036 (lc.

213 2106 311 2156 Bref
326 2106 378 2143 du
403 2119 499 2156 pape
523 2107 697 2144 Innocent
723 2107 744 2143 ιὶ
771 2108 904 2143 mailre
922 2107 1076 2143 cert-ais
1102 2105 1146 2142 de
1172 2106 1334 2155 Bruyes,
1365 2103 1478 2147 clerc,
1504 2116 1554 2140 au
1585 2102 1680 2153 sajet
1703 2102 1746 2138 de

346 2166 522 2202 cer-taines
536 2165 710 2202 violences
730 2178 799 2216 que
817 2165 848 2202 le
865 2164 1018 2205 cltanaere
1040 2164 1160 2219 Henfi
1177 2164 1276 2200 avait
1294 2162 1454 2199 exerce'es
1472 2174 1540 2198 sur
1557 2160 1622 2197 lui.

263 2330 302 2366 ln
323 2329 474 2367 nomine
493 2330 644 2366 Domini
664 2344 783 2367 amen.
803 2330 943 2368 Statcra
968 2329 1134 2379 justitiae
1159 2327 1308 2379 pondus
1334 2332 1370 2363 et
1387 2325 1534 2376 pondus
1555 2337 1630 2361 non
1651 2324 1746 2360 reci·

214 2389 282 2438 pit,
307 2402 485 2439 personae
507 2389 563 2425 vel
598 2389 789 2439 dignitatis
817 2389 913 2426 mole
949 2401 1024 2425 non
1051 2387 1244 2438 premitur,
1262 2385 1326 2423 sed
1355 2389 1509 2422 cunctos
1536 2383 1746 2434 ponderans
