2184 3074
454 272 527 308 452
1004 266 1165 304 CODEX
1190 266 1436 304 DUNENsls.

458 393 584 426 contra
604 415 786 424 .......
803 399 887 422 cum
915 384 1090 421 omnibus
1125 383 1254 419 litteris
1279 387 1315 419 et
1344 382 1600 419 instrumentis
1626 382 1764 432 quibus
1790 387 1825 420 et
1850 383 1985 419 virtute

457 459 618 497 quorum
645 446 810 482 fecerunt
835 443 953 493 ipsam
983 442 1107 487 citari,
1139 439 1455 477 excommunicari
1490 444 1526 476 et
1551 440 1740 491 aggravari
1771 439 1987 478 auctoritate

459 510 602 550 nostra,
639 507 849 553 recepturos
886 502 1088 539 cessionem
1126 500 1370 550 sollempnem
1405 499 1574 536 omnium
1606 499 1792 536 bonorum
1832 511 1986 536 suorum

459 576 571 613 quam
595 561 754 599 intendit
781 561 898 597 facere
921 560 966 596 ad
992 571 1086 609 opus
1109 558 1341 603 eorumdem,
1362 570 1430 607 pro
1448 556 1584 594 debitis
1611 557 1650 593 in
1680 556 1818 607 quibus
1844 561 1989 594 tenetur

459 620 612 666 eisdem,
629 632 787 656 necnon
813 619 957 654 visuros
976 616 1199 654 beneficium
1225 629 1314 653 suae
1340 615 1584 653 absolutionis
1611 615 1682 652 sibi
1708 628 1728 652 a
1755 615 1864 652 nobis
1891 615 1988 652 dicta

459 679 519 715 die
541 677 705 727 impendi
725 689 809 713 cum
831 675 1062 712 intimatione
1091 674 1169 711 visa
1192 674 1228 710 in
1249 674 1367 711 forma
1386 674 1576 710 communi
1597 673 1721 710 debita
1739 678 1776 710 et
1793 678 1988 719 consucta,

459 736 669 773 inhibentes
686 734 794 771 dictis
812 733 937 771 abbati
964 738 999 770 et
1017 732 1217 769 conventui
1235 745 1301 769 seu
1320 732 1400 781 ejus
1421 732 1652 782 procuratori
1679 732 1750 769 sub
1768 744 1887 782 poena
1906 744 1989 768 sus-

460 794 649 845 pensionis
663 799 699 830 et
714 791 1110 830 excommunicationis
1129 805 1175 828 ne
1192 791 1253 827 die
1266 790 1469 837 citationis,
1482 791 1546 828 lite
1563 795 1599 827 et
1611 804 1722 827 causa
1739 803 1863 827 coram
1881 789 1990 827 nobis

459 851 719 903 pendentibus,
733 850 876 901 aliquid
893 854 1123 900 attemptent,
1142 850 1322 886 innovent
1338 849 1395 886 vel
1413 849 1612 886 immutent
1628 853 1693 885 aut
1709 849 1748 885 in
1762 848 1887 899 aliquo
1902 860 1991 897 pro-

460 911 591 948 cedant
608 923 673 948 seu
690 909 842 960 procedi
861 909 997 946 faciant
1010 913 1074 946 aut
1089 913 1301 959 procurent,
1315 908 1418 958 quod
1435 908 1483 945 sit
1500 907 1539 944 in
1558 907 1828 957 praejudicium
1847 911 1992 944 nostrae

455 968 727 1019 jurisdictionis
744 972 780 1004 ct
797 967 916 1004 dictae
934 967 1080 1004 relictae
1106 967 1313 1017 dampnum
1339 971 1403 1003 aut
1426 979 1644 1016 gravamem
1664 970 1699 1002 et
1717 964 1755 1002 id
1773 964 1872 1002 idem
1890 963 1995 1001 inhi-

461 1028 591 1065 bemus
609 1026 714 1063 vobis
732 1026 908 1063 omnibus
927 1025 1140 1076 presbiteris
1158 1029 1194 1062 et
1211 1024 1421 1075 capellanis.

1157 1147 1280 1166 -qo—

1180 1293 1277 1331 CCC.

772 1411 890 1446 Auo-e
912 1409 1143 1446 mandemenl
1160 1409 1203 1446 de
1222 1408 1384 1458 I’official
1403 1408 1446 1445 de
1468 1407 1505 1445 la
1524 1408 1690 1445 Morinie.

515 1603 692 1640 Officialis
710 1604 943 1650 Morineusis,
962 1608 1030 1640 etc.
1049 1603 1164 1642 Vobis
1183 1603 1359 1640 omnibus
1377 1607 1412 1640 et
1429 1602 1584 1653 singulis
1609 1602 1680 1640 sub
1703 1615 1822 1653 poena
1842 1613 1999 1652 suspen-

468 1664 581 1701 sionis
600 1668 634 1700 et
653 1664 1049 1700 excommunicationis
1065 1663 1301 1709 mandamus,
1315 1667 1498 1713 quatenus
1512 1675 1610 1699 unus
1627 1666 1792 1699 vestrum
1809 1661 1924 1698 alium
1941 1662 1999 1698 vel

467 1721 558 1758 alios
573 1734 647 1758 non
668 1721 1270 1771 exspectet,excommunicationis
1287 1721 1508 1759 sententiam
1525 1721 1639 1758 latam
1655 1720 1693 1757 in
1709 1720 1818 1757 talem
1837 1719 2000 1757 auctori-

469 1784 540 1816 tate
556 1784 679 1817 nostra
701 1793 770 1830 pro
792 1784 1008 1831 contemptu
1026 1785 1062 1817 et
1074 1779 1243 1830 judicato
1261 1783 1297 1816 et
1312 1779 1505 1816 occasione
1526 1778 1778 1830 procuratoris
1805 1778 2001 1828 religioso-

469 1852 551 1875 rum
569 1839 697 1875 talium
717 1839 934 1889 aggravetis,
958 1839 1081 1890 ipsum
1105 1837 1466 1876 excommunicando
1483 1842 1519 1874 et
1538 1837 1759 1875 sententiam
1783 1849 2000 1874 excommu—

469 1898 664 1934 nicationis
693 1898 732 1934 in
763 1898 885 1948 ipsum
913 1899 1163 1949 aggravando,
1197 1898 1352 1949 singulis
1384 1897 1518 1951 diebus
1546 1896 1744 1933 dominicis
1773 1900 1810 1932 et
1842 1894 2000 1941 festivis,

470 1956 658 2006 campanis
680 1956 854 2006 pulsatis,
882 1957 1045 1994 candelis
1070 1957 1232 1994 accensis
1256 1957 1294 1993 in
1316 1954 1488 1993 manibus
1509 1955 1640 1992 vestris
1667 1954 1844 1998 detentis,
1868 1954 2001 1991 totiens

469 2014 640 2064 quotiens
667 2027 779 2064 super
806 2014 877 2051 hoc
895 2015 1038 2052 fueritis
1066 2015 1232 2066 requisiti
1260 2028 1324 2052 seu
1350 2013 1477 2051 divina
1499 2027 1565 2051 vos
1583 2013 1778 2063 contigerit
1801 2012 2001 2058 celebrare,

470 2071 685 2109 dominicis.
705 2071 836 2109 diebus
855 2073 992 2110 feriatis
1006 2078 1041 2110 et
1056 2087 1130 2110 non
1148 2073 1298 2119 seriatis,
1312 2072 1522 2110 inhibentes
1549 2071 1725 2108 omnibus
1742 2070 1902 2108 subditis
1920 2082 2003 2107 vcs-

471 2129 535 2166 tris
555 2136 589 2166 et
606 2130 861 2180 parrochianis
879 2137 914 2168 ct
932 2132 1152 2169 nominatim
1171 2132 1217 2169 de
1234 2145 1397 2183 quorum
1415 2131 1633 2168 nominibus
1651 2130 1794 2167 fueritis
1813 2128 2002 2179 requisiti,

472 2201 517 2223 ne
535 2188 619 2238 quis
634 2189 799 2239 ipsorum
816 2203 901 2226 cum
920 2190 1020 2227 dict'o
1035 2190 1356 2228 excommunicato
1369 2190 1440 2227 sub
1458 2202 1577 2240 poena
1595 2187 2001 2231 excommunicationis,

468 2245 623 2294 judicati
642 2248 809 2285 solvendi
827 2253 862 2285 et
881 2250 1104 2287 emendandi
1132 2250 1275 2296 curiae,
1299 2250 1338 2286 in
1364 2249 1467 2296 cibo,
1493 2240 1600 2299 potu,
1621 2248 1748 2294 furno,
1773 2247 1875 2297 igne,
1890 2259 2002 2296 aqua,

474 2304 704 2352 molendino,
730 2307 905 2354 emend0,
932 2308 1128 2346 vendendo
1154 2322 1218 2346 seu
1244 2308 1370 2359 aliquo
1395 2308 1560 2344 hnmano
1587 2306 1718 2343 solatio
1735 2305 1793 2342 vel
1811 2307 2003 2342 contractu
2030 2356 2032 2359 y

476 2363 693 2412 participare
723 2371 949 2414 praesumat,
979 2367 1059 2416 ejus
1084 2380 1239 2404 uxorem
1269 2371 1306 2404 et
1328 2365 1506 2403 familiam
1533 2364 1778 2402 ecclesiastico
1807 2361 2002 2400 interdicto
