2184 3074
735 339 894 377 CODEX
922 339 1168 378 DUNENSlS.
1651 345 1722 383 509

187 459 285 510 gulis
305 470 391 495 vero
413 456 494 494 aliis
519 455 652 492 diebus
675 456 819 492 veneris
842 455 1032 493 ecclesiam
1054 456 1289 494 visitantibus
1307 457 1551 503 antedictam,
1571 463 1718 495 centum

187 517 266 555 dies
281 517 327 554 de
340 514 517 566 injunctis
530 514 582 551 eis
596 514 832 565 poenitentiis
846 514 1134 552 misericorditer
1148 515 1365 553 relaxamus.
1378 517 1513 553 Datum
1526 516 1719 559 Avenioni,
1740 528 1743 530 ·

187 574 355 614 kalendis
369 572 488 624 junii,
506 571 744 623 pontificatus
759 572 874 609 nostri
893 563 993 609 anno
1010 572 1153 623 quinto.

234 631 380 681 Quibus
394 629 544 676 litteris,
562 629 615 667 sic
628 634 669 666 ut
687 629 953 680 praemittitur,
972 630 1074 667 lectis
1092 636 1128 667 et
1146 631 1359 682 publicatis,
1379 632 1541 682 visisque
1558 632 1718 683 diligen-

189 697 244 729 ter
259 695 296 728 et
316 688 506 740 inspectis,
529 687 731 738 supradicti
757 687 1054 738 burgimagistri,
1084 689 1225 726 scabini
1251 694 1286 726 et
1302 690 1471 727 consules
1489 690 1535 727 ad
1556 691 1716 727 futuram

186 749 239 787 rei
258 747 475 786 memoriam
493 745 639 783 easdem
659 759 724 796 per
741 758 800 782 me
818 746 1004 783 notarium
1019 746 1296 798 infrascriptum
1311 747 1357 784 de
1371 748 1484 785 verbo
1499 748 1544 785 ad
1562 749 1714 786 verbum

186 805 380 845 transcribi
399 810 436 842 et
453 804 491 842 in
510 804 700 855 publicam
718 805 876 841 sormam
896 804 1012 855 redigi
1032 805 1228 855 petierunt.

214 865 323 902 ⁴Acta
348 865 500 902 suerunt
523 863 614 900 haec
639 862 774 913 Brugis
801 862 839 899 in
871 863 1090 900 consistorio
1121 863 1285 914 ejusdem
1317 863 1425 901 villae
1451 865 1551 916 quod
1579 864 1716 902 dicitur

185 922 432 961 Gbisel-huus
447 925 470 967 ¹,
491 920 748 972 praesentibus
771 920 938 971 providis
964 925 1000 957 et
1023 921 1190 958 discretis
1217 921 1305 958 viris
1331 922 1506 972 magistro
1532 922 1606 966 W.,
1631 922 1716 959 tali-

185 982 255 1020 bus
273 986 308 1018 et
325 980 461 1018 talibus
485 979 628 1017 clericis
649 979 892 1016 Tornacensis
911 979 1080 1029 dyocesis
1106 980 1259 1017 testibus
1279 980 1324 1016 ad
1349 981 1547 1031 praemissa
1576 980 1714 1018 vocatis

184 1044 219 1078 et
237 1039 385 1090 rogatis.
403 1039 448 1077 Et
465 1051 532 1090 ego
549 1037 738 1076 Johannes
752 1037 901 1083 Kerlin,
920 1037 1074 1075 clericus
1088 1038 1331 1075 Tornacensis
1345 1038 1524 1088 dyocesis,
1541 1039 1713 1089 publicus

183 1097 384 1148 apostolica
405 1096 622 1133 auctoritate
646 1095 823 1142 notarius,
854 1095 919 1146 qui
944 1096 1154 1145 praemissis
1181 1096 1355 1133 omnibus
1383 1101 1418 1133 et
1437 1097 1604 1147 singulis,
1622 1097 1711 1133 dum

183 1161 379 1207 agerentur
391 1160 427 1192 et
440 1155 581 1200 fierent,
596 1167 670 1191 una
685 1167 770 1191 cum
787 1153 942 1192 testibus
957 1154 1202 1204 infrascriptis
1218 1168 1388 1204 praesens
1404 1155 1567 1201 interfui,
1580 1168 1620 1192 ea
1635 1155 1710 1191 vidi

184 1219 220 1252 et
236 1214 378 1260 audivi,
398 1213 676 1264 praedictasque
694 1213 833 1250 litteras
847 1213 996 1263 papales
1015 1226 1099 1249 vera
1118 1213 1220 1250 bulla
1239 1226 1323 1250 cum
1343 1213 1405 1250 lilo
1422 1213 1538 1250 serico
1557 1213 1713 1250 bullatas

184 1273 231 1310 ad
244 1273 525 1324 requisitionem
540 1276 828 1310 memoratorum
844 1271 1133 1322 burgiinagistri,
1149 1271 1384 1308 scabinorum
1399 1276 1437 1308 et
1450 1272 1655 1317 consulum,
1665 1271 1712 1308 de

183 1331 297 1368 verbo
325 1331 371 1368 ad
391 1330 545 1368 verbum
564 1329 722 1367 fideliter
739 1330 889 1380 propria
915 1342 1026 1366 manu
1056 1330 1268 1380 transcripsi
1292 1335 1327 1366 et
1354 1330 1390 1366 in
1412 1329 1504 1366 hanc
1525 1329 1711 1380 publicam

183 1390 338 1427 formam
358 1389 481 1439 redegi
500 1393 535 1426 et
548 1388 749 1439 publicavi,
767 1388 949 1439 signoque
963 1401 1045 1425 mco
1059 1394 1235 1425 consueto
1253 1389 1392 1438 signavi
1409 1389 1444 1425 in
1461 1388 1709 1425 testimonium

182 1447 468 1498 praemissorum
487 1451 646 1497 rogatus.
666 1447 707 1484 ln
725 1447 878 1484 nomine
897 1447 1046 1485 Domini
1071 1461 1190 1484 amen.

231 1506 368 1544 Notum
386 1506 434 1543 sit
452 1512 524 1542 tam
543 1505 798 1556 praesentibus
812 1519 924 1556 quam
946 1506 1079 1543 suturis
1098 1506 1198 1556 quod
1214 1520 1310 1543 anno
1325 1505 1529 1542 DominiM⁰
1536 1506 1638 1542 CCC⁰
1646 1483 1711 1542 lX⁰

184 1564 387 1602 indictione
411 1577 525 1609 nona,
539 1563 670 1600 ultima
688 1563 748 1601 die
772 1564 907 1601 mensis
925 1593 1031 1600 .....
1052 1564 1287 1615 pontificatus
1307 1563 1525 1601 sanctissimi
1546 1564 1658 1614 patris
1675 1569 1711 1600 et

183 1622 325 1660 domini
343 1622 484 1660 domini
504 1622 718 1668 Clementis,
737 1622 863 1659 divina
882 1622 1114 1672 providentia
1135 1636 1249 1672 papae
1266 1622 1403 1672 quinti,
1419 1635 1516 1658 anno
1534 1627 1651 1666 sexto,
1671 1622 1708 1658 in

182 1681 387 1732 praesentia
405 1680 477 1727 mei
498 1680 632 1717 notarii
656 1680 880 1731 infrascripti
900 1685 935 1717 et
951 1681 1098 1717 testium
1118 1680 1411 1730 subscriptorum
1429 1680 1474 1716 ad
1493 1679 1582 1716 haec
1600 1692 1709 1716 voca-

182 1743 303 1776 torum
324 1744 360 1776 et
383 1744 593 1789 rogatorum
606 1767 615 1785 ,
633 1738 924 1789 burgimagistri,
948 1738 1088 1775 scabini
1115 1744 1150 1775 et
1170 1739 1338 1775 consules
1363 1738 1470 1774 villae
1491 1738 1707 1788 Brugensis,

180 1797 423 1834 Tornacensis
448 1797 636 1847 dyocesis,
657 1796 837 1847 quasdam
863 1797 1001 1834 litteras
1020 1797 1167 1847 papales
1193 1810 1258 1847 per
1275 1796 1507 1846 Zeghardum
1534 1795 1708 1832 clericum

181 1868 291 1893 suum
313 1856 384 1906 legi
411 1861 445 1892 et
467 1856 650 1906 publicari
674 1856 854 1902 fecerunt,
874 1869 964 1906 quas
992 1855 1143 1907 quidem
1174 1855 1310 1892 litteras
1336 1868 1403 1905 ego
1426 1855 1590 1891 notarius
1614 1854 1707 1890 infra

182 1927 256 1951 una
281 1926 366 1951 cum
392 1914 545 1951 testibus
572 1913 667 1950 infra
694 1927 769 1951 non
794 1914 1032 1960 cancellatas,
1051 1926 1126 1951 non
1153 1913 1324 1959 abolitas,
1353 1926 1420 1950 nec
1443 1913 1480 1949 in
1503 1912 1625 1962 aliqua
1649 1912 1704 1949 sui

182 1976 285 2022 parte
300 1976 491 2022 corruptas
513 1972 608 2018 vidi,
630 1972 730 2009 tenui
751 1977 786 2009 et
803 1973 949 2023 palpavi
969 1985 1053 2008 vera
1078 1971 1178 2008 bulla
1197 1976 1232 2007 et
1255 1971 1292 2007 in
1314 1971 1376 2007 filo
1397 1970 1513 2007 serico
1533 1970 1702 2014 bullatas,

183 2031 339 2068 sormam
355 2043 451 2080 quae
468 2030 637 2081 sequitur
654 2030 902 2077 continentes,
921 2035 987 2067 etc.

221 2159 228 2174 ¹
251 2160 285 2186 Ce
301 2164 356 2186 mot
367 2164 407 2187 est
419 2161 498 2187 d‘une
513 2162 612 2187 lecture
625 2161 763 2187 doutcusc.
