2184 3074
437 314 508 351 >158
631 340 634 342 v
989 312 1150 350 CODEX
1175 311 1422 350 DUNENSIS.

437 435 631 484 cujusdam
657 431 814 470 subsidii
840 444 904 468 seu
930 430 1204 476 subventionis,
1228 443 1348 480 usque
1374 431 1420 467 ad
1446 443 1632 468 summam
1658 431 1803 470 XXVI¹¹¹
1825 437 1860 470 et
1882 447 1978 484 qua-

437 493 719 543 dringentarum
734 490 915 526 librarum
930 488 1207 534 ascendentem,
1221 487 1268 524 de
1282 501 1379 525 novo
1395 488 1507 525 fuisse
1525 501 1737 526 concessam
1748 519 1757 535 ,
1775 491 1836 527 cui
1854 494 1976 528 tamen

439 550 684 594 concessioni,
710 548 740 585 si
765 560 860 597 quae
883 547 970 591 suit,
989 546 1079 583 dicti
1104 546 1265 596 religiosi
1291 547 1348 583 vel
1379 547 1534 584 minime
1560 552 1838 585 consenserunt.
1863 548 1978 598 Cujus

439 609 548 646 etiam
559 605 806 644 concessionis
822 609 938 650 tenor,
952 604 982 641 si
997 617 1092 654 quae
1103 604 1182 649 fuit,
1194 604 1301 654 plura
1316 605 1530 641 continebat
1545 605 1719 655 capitula,
1735 610 1770 642 et
1783 605 1854 642 sub
1870 606 1978 643 certis

440 667 552 704 modo
569 670 604 702 et
623 665 740 701 forma
759 664 878 699 suerat
895 675 1085 707 concessa,
1103 661 1276 698 videlicet
1293 662 1395 712 quod
1422 662 1692 699 contributioni
1720 663 1811 713 ipsi,
1829 663 1859 701 si
1884 675 1979 714 quae

440 727 524 771 suit,
544 724 761 775 quicunque
782 722 880 758 bona
906 720 944 756 in
966 720 1144 756 comitatu
1170 719 1367 757 Flandriae
1393 720 1624 770 possidentes
1647 726 1683 758 et
1709 721 1886 758 habentes
1910 734 1979 771 pro

439 785 548 823 bonis
573 782 661 832 ipsis
681 780 773 817 inibi
801 780 880 817 sitis
902 783 938 815 et
963 779 1223 825 existentibus,
1241 791 1470 829 quocunque
1496 780 1578 816 loco
1601 779 1722 829 capita
1739 792 1869 816 eorum
1887 779 1980 817 resi-

439 846 584 889 derent,
599 853 742 878 necnon
764 839 972 875 insulenses
987 842 1023 874 et
1035 838 1245 875 Duacenses
1263 850 1306 874 ac
1323 837 1556 874 castellaniae
1574 837 1792 874 eorumdem
1811 838 1979 875 locorum

439 905 477 941 in
494 904 563 939 lioc
580 901 675 937 facto
689 897 924 935 contribuere
940 900 1163 941 tenerentur,
1174 895 1238 945 qui
1257 909 1330 931 non
1347 895 1644 942 contribuerunt,
1659 909 1726 932 nec
1741 895 1979 933 contribuere

438 963 587 1005 volunt,
606 957 784 1008 quodque
810 968 922 1004 super
945 954 1043 990 dicta
1069 954 1315 990 subventione
1335 954 1488 991 collecta
1513 967 1578 991 seu
1602 954 1880 991 contributione
1898 953 1980 990 exi-

438 1019 556 1071 genda
575 1016 676 1054 nulla
695 1013 834 1051 coactio
858 1012 1086 1058 intendetur,
1108 1011 1171 1048 sed
1193 1011 1294 1061 apud
1313 1011 1454 1048 dictum
1479 1011 1675 1048 dominum
1694 1012 1867 1048 comitem
1887 1015 1982 1049 esset

440 1083 475 1116 et
493 1078 726 1127 reputaretur
747 1071 919 1121 gratuita,
938 1071 1132 1120 ipsamque
1153 1083 1174 1106 a
1201 1070 1526 1107 contribuentibus
1546 1083 1614 1120 pro
1637 1083 1738 1106 mera
1761 1069 1981 1106 liberalitate

441 1136 633 1186 reciperet,
653 1144 738 1168 cum
758 1130 867 1166 etiam
891 1129 1053 1179 religiosi
1073 1129 1225 1178 praefati
1245 1142 1290 1165 ex
1310 1141 1431 1165 merae
1450 1128 1681 1165 liberalitatis
1705 1128 1821 1178 gratia
1839 1127 1981 1178 absque

441 1194 629 1232 coactione
641 1201 866 1240 quacunque
875 1187 1172 1224 benevolentiam
1182 1186 1348 1235 ejusdem
1364 1186 1510 1223 comitis
1524 1186 1595 1223 sibi
1605 1199 1806 1236 procurare
1815 1186 1980 1222 volentes

440 1252 556 1304 parati
576 1250 714 1287 suerint
731 1252 766 1283 et
784 1246 858 1283 sint
876 1246 985 1282 etiam
1010 1245 1105 1281 ultra
1128 1258 1241 1281 unam
1263 1245 1593 1295 decimam,1quam
1607 1244 1686 1293 jam
1708 1244 1808 1281 dieto
1827 1243 1980 1280 domino

441 1311 565 1350 comiti
597 1308 868 1360 persolverunt,
887 1318 929 1341 ac
960 1309 1106 1354 paratos
1131 1317 1170 1341 se
1200 1305 1405 1341 obtulerint
1429 1309 1464 1341 et
1490 1304 1647 1341 offerant
1674 1304 1793 1340 eidem
1825 1303 1980 1340 domino

440 1369 565 1408 comiti
585 1365 868 1404 subventionem
884 1363 1073 1399 liberalem
1090 1364 1208 1399 facere
1223 1376 1264 1399 ac
1278 1363 1536 1399 rationabilem
1556 1376 1675 1413 usque
1691 1362 1736 1399 ad
1752 1362 1979 1412 praedictam

440 1439 650 1467 sumumam
670 1423 787 1461 XXVI
802 1422 963 1459 millium
984 1421 1163 1458 librarum
1183 1426 1218 1458 et
1236 1421 1717 1472 quadringentarum,sicut
1733 1416 1794 1457 alii
1814 1421 1860 1458 de
1881 1422 1980 1458 clero

440 1486 636 1524 comitatus
655 1483 682 1519 F
685 1481 850 1518 landriae
868 1484 904 1516 et
918 1479 1124 1516 secundum
1142 1479 1335 1529 antiquam
1351 1479 1644 1516 aestimationem
1660 1492 1679 1515 a
1699 1491 1846 1515 summo
1861 1479 1981 1529 ponti-

441 1547 509 1582 fice
527 1542 665 1580 eisdem
683 1538 864 1589 religiosis
889 1537 1059 1574 traditam
1084 1542 1120 1574 et
1144 1542 1316 1583 taxatam,
1337 1537 1619 1574 nichillominus
1645 1537 1831 1587 praefatus
1856 1537 1980 1574 domi-

441 1617 511 1641 nus
530 1613 670 1645 comes,
702 1611 765 1635 seu
792 1597 871 1647 ejus
897 1597 995 1633 vices
1017 1601 1203 1646 gerentes,
1222 1595 1434 1646 praemissis
1451 1595 1588 1645 spretis
1613 1599 1649 1631 et
1669 1595 1740 1631 hiis
1766 1608 1863 1645 quae
1883 1595 1980 1645 juris

441 1660 649 1700 communis
669 1662 755 1694 sunt
777 1656 1009 1707 postpositis,
1035 1668 1076 1691 ac
1104 1668 1179 1691 non
1204 1654 1352 1691 attentis
1380 1654 1586 1705 privilegiis
1613 1667 1678 1690 seu
1706 1653 1861 1690 indultis
1884 1665 1980 1703 quae

439 1720 562 1759 ordini
591 1716 803 1768 supradicto
833 1715 880 1752 ab
909 1714 1119 1765 Apostolica
1151 1714 1245 1751 Sede
1277 1719 1365 1751 sunt
1386 1714 1546 1764 gratiose
1575 1726 1765 1759 concessa,
1797 1717 1832 1749 et
1862 1713 1980 1749 forma

438 1775 686 1816 concessionis
718 1774 927 1824 praedictae
960 1787 979 1809 a
1012 1773 1111 1809 clero
1141 1773 1338 1809 comitatus
1375 1771 1572 1808 Flandriae
1608 1772 1702 1808 sacta
1734 1784 1847 1821 super
1879 1770 1978 1807 dicta

438 1834 732 1878 contributione,
760 1833 789 1869 si
821 1845 916 1882 quae
944 1832 1033 1878 suit,
1059 1831 1213 1867 minime
1240 1831 1454 1876 observata,
1481 1829 1601 1867 dictos
1628 1829 1819 1879 religiosos
1842 1842 1978 1866 memo-

440 1897 506 1934 rati
538 1892 700 1938 ordinis,
728 1895 840 1941 prout
874 1891 943 1940 ipsi
971 1904 1036 1940 per
1066 1890 1283 1927 relationem
1311 1894 1448 1926 certam
1477 1888 1645 1939 plurium
1673 1887 1747 1924 lide
1774 1887 1976 1938 dignorum

441 1954 703 1992 intellexerunt
728 1955 762 1986 et
789 1949 1020 1999 intelligunt,
1046 1949 1219 1986 nituntur
1245 1954 1279 1985 et
1309 1949 1504 1985 minantur
1530 1948 1569 1984 in
1593 1956 1722 1984 eorum
1749 1946 1923 1983 domibus
1941 1950 1977 1983 et

440 2015 538 2051 bona
563 2024 632 2061 pro
656 2010 752 2046 dicta
783 2008 1047 2053 subventione,
1073 2008 1102 2045 si
1134 2021 1230 2058 quae
1255 2008 1341 2054 suit,
1373 2008 1567 2044 molestare
1592 2019 1634 2043 ac
1661 2019 1729 2056 pro
1754 2018 1842 2042 suae
1869 2004 1976 2042 libito

440 2069 640 2109 voluntatis
661 2068 706 2104 de
724 2067 834 2104 bonis
852 2066 1069 2103 eorumdem
1088 2066 1346 2116 religiosorum
1366 2065 1560 2102 occasione
1577 2064 1697 2101 dictae
1718 2063 1976 2100 subventionis

439 2129 604 2179 accipere
631 2131 666 2163 et
694 2126 833 2170 levare,
859 2129 895 2161 et
920 2125 1030 2160 etiam
1057 2123 1206 2160 eosdem
1233 2123 1425 2174 religiosos
1452 2123 1491 2159 in
1522 2122 1598 2160 suis
1629 2121 1738 2158 bonis
1762 2121 1842 2158 sine
1865 2133 1975 2159 causa

439 2185 649 2226 rationabili
668 2198 735 2235 per
752 2197 856 2221 suam
877 2184 1079 2234 potentiam
1099 2184 1297 2234 impedire,
1315 2188 1351 2220 et
1375 2187 1503 2220 contra
1522 2182 1622 2233 ipsos
1640 2181 1855 2232 procedere,
1873 2187 1909 2218 et
1929 2194 1974 2218 ex

436 2245 646 2298 praemissis
664 2251 699 2280 et
716 2243 888 2293 pluribus
905 2243 986 2280 aliis
1004 2244 1270 2281 verisimilibus
1289 2248 1325 2280 et
1342 2241 1603 2293 probabilibus
1620 2239 1863 2290 conjecturis,
1877 2252 1974 2290 quae

437 2307 555 2343 dictos
569 2303 757 2352 religiosos
776 2315 924 2339 movere
937 2308 1094 2353 possunt
1108 2307 1144 2339 et
1158 2303 1309 2348 debent,
1324 2302 1395 2353 ipsi
1410 2300 1571 2351 religiosi
1588 2300 1719 2336 merito
1733 2299 1805 2336 sibi
1820 2299 1974 2336 timeant

436 2379 478 2403 ac
495 2364 623 2401 timere
642 2361 801 2398 debeant
818 2375 864 2398 ne
882 2362 1004 2399 dietus
1022 2363 1198 2400 dominus
1217 2375 1340 2399 comes
1356 2375 1422 2412 per
1443 2374 1550 2398 suam
1569 2359 1773 2410 potentiam
1791 2357 1838 2394 de
1856 2357 1971 2404 facto,

436 2436 521 2460 cum
539 2421 585 2457 de
599 2420 683 2469 jure
702 2432 776 2456 non
796 2420 929 2469 possit,
949 2425 1076 2458 contra
1091 2421 1153 2470 jus
1175 2425 1210 2458 et
1224 2420 1425 2470 justitiam,
1445 2418 1638 2456 occasione
1661 2415 1970 2468 praemissorum,
