2184 3074
456 281 528 318 202
1015 278 1177 317 CODEX
1203 277 1448 316 DUNENSIS.

456 396 658 444 apostolica
677 396 955 440 confirmantes,
971 393 1185 431 discretioni
1206 398 1290 430 tuae
1309 407 1375 443 per
1392 394 1593 444 apostolica
1614 395 1750 445 scripta
1771 396 1992 433 mandamus

455 462 638 506 quatenus
657 456 976 493 denuntiationem
996 460 1033 492 et
1050 454 1425 504 condempnationem
1445 454 1681 503 hujusmodi,
1696 454 1803 504 juxta
1825 460 1990 493 tenorem

454 515 659 552 litterarum
678 515 860 566 ipsarum,
878 513 1087 550 executioni
1114 512 1260 549 debitae
1285 516 1413 549 contra
1440 517 1628 549 cantorem
1655 513 1846 561 eumdem,
1868 529 1935 565 per
1957 521 1992 554 te

453 574 510 610 vel
530 587 596 624 per
612 574 727 610 alium
737 602 746 619 ,
761 572 979 610 auctoritate
993 575 1119 609 nostra
1136 571 1360 607 demandare
1373 583 1569 620 procures,
1586 583 1660 607 non
1675 571 1846 609 obstante
1862 573 1991 623 appel-

453 632 589 668 latione
612 645 657 668 ex
685 635 788 682 parte
817 631 908 682 dicti
938 629 1100 667 cantoris
1125 643 1145 666 a
1171 629 1359 680 praedicta
1385 629 1566 666 sententia
1588 629 1635 666 ad
1660 643 1728 667 nos
1754 630 1990 682 interposita,

452 703 564 739 quam
590 690 759 726 frivolam
787 693 1023 739 reputamus,
1044 717 1317 724 ..........
1336 701 1403 737 per
1424 701 1617 725 censuram
1645 693 1681 725 et
1703 689 1988 739 appellationem

453 776 718 785 ..........
738 761 814 785 non
833 748 1002 785 obstante
1020 747 1050 784 si
1067 747 1183 797 aliqui
1202 759 1247 782 ex
1273 746 1420 783 indulto
1445 747 1649 796 apostolico
1673 748 1988 792 excommunicari

452 811 515 843 aut
533 807 703 843 interdici
723 810 910 857 nequeant
927 806 984 843 vel
1004 806 1196 856 suspendi.

500 865 593 901 Cum
613 865 727 914 igitur
745 878 813 902 nos
827 865 1072 915 personaliter
1084 863 1316 915 praedictum
1337 863 1558 911 Henricum,
1578 869 1767 902 cantorem
1782 865 1820 903 in
1839 867 1990 904 ecclesia

449 924 650 961 Morinensi
669 929 705 961 et
721 923 950 975 quibusdam
968 923 1067 971 aliis,
1085 923 1391 960 denuntiavimus
1407 917 1772 961 excommunicatum
1792 929 1829 961 et
1844 924 1989 975 irregu-

449 983 581 1030 larem,
608 987 761 1034 propter
787 996 935 1020 causam
966 983 1006 1019 in
1031 982 1213 1020 sententia
1245 986 1373 1019 contra
1401 982 1524 1033 ipsum
1557 983 1629 1020 lata
1659 996 1890 1034 expressam,
1921 996 1989 1020 nec

448 1042 571 1079 adhuc
588 1043 861 1079 absolutionem
880 1046 916 1079 et
932 1042 1249 1093 dispensationem
1274 1055 1294 1078 a
1316 1041 1409 1079 Sede
1432 1042 1645 1092 Apostolica
1666 1041 1837 1078 obtentas
1863 1045 1989 1079 osten-

447 1099 558 1146 derit,
578 1100 646 1137 tibi
667 1100 730 1137 tali
746 1101 874 1137 eadem
892 1100 1112 1138 auctoritate
1130 1100 1239 1138 nobis
1258 1100 1454 1137 commissa
1473 1100 1737 1150 praecipiendo
1755 1099 1987 1151 injungimus

446 1163 629 1209 quatenus
642 1160 815 1196 eumdem
830 1160 1033 1197 Henricum
1048 1164 1252 1206 cantorem,
1268 1164 1343 1196 tam
1362 1159 1401 1196 in
1419 1159 1572 1196 ecclesia
1589 1159 1792 1197 Morinensi
1812 1172 1926 1210 quam
1946 1159 1984 1196 in

446 1218 623 1255 omnibus
653 1219 750 1266 aliis,
780 1219 1000 1270 ubicunque
1029 1223 1066 1256 et
1093 1219 1421 1269 quotienscunque
1445 1217 1582 1255 videris
1612 1217 1804 1268 expedire,
1836 1217 1987 1268 publice

445 1276 641 1313 denunties
666 1277 1031 1314 excommunicatum
1055 1281 1091 1314 et
1117 1277 1378 1326 irregularem,
1401 1276 1509 1326 juxta
1535 1277 1695 1312 formam
1722 1275 1894 1325 superius
1919 1288 1986 1312 ex—

444 1349 626 1386 pressam;
655 1340 691 1373 et
715 1337 895 1386 quoniam
922 1337 1034 1374 etiam
1062 1336 1278 1373 monuimus
1304 1335 1477 1373 eumdem
1505 1335 1709 1372 Henricum
1738 1339 1926 1373 cantorem
1944 1340 1987 1372 ut

444 1395 620 1444 magistro
638 1395 682 1432 G.
700 1395 866 1446 praefato
883 1396 1109 1432 satisfaceret
1126 1395 1173 1432 de
1197 1394 1369 1432 trecentis
1392 1394 1498 1431 libris
1521 1393 1798 1431 Turonensium
1824 1393 1896 1431 sibi
1919 1406 1986 1444 per

443 1453 662 1491 sententiam
680 1455 882 1505 praefatam
900 1454 1138 1504 adjudicatis,
1155 1454 1258 1505 quod
1276 1467 1345 1490 nec
1363 1453 1487 1490 adhuc
1505 1453 1643 1490 factum
1669 1465 1748 1490 esse
1765 1453 1875 1490 nobis
1893 1465 1985 1490 con-

444 1517 527 1559 stat,
542 1513 609 1550 tibi
624 1513 812 1564 praedicta
830 1514 1047 1551 auctoritate
1061 1514 1281 1551 mandamus
1297 1517 1481 1564 quatenus
1496 1512 1626 1549 iterato
1640 1512 1764 1562 ipsum
1781 1511 1982 1548 Henricum

443 1576 630 1609 cantorem
649 1585 815 1620 moneas,
838 1573 1058 1624 ubicunque
1079 1573 1147 1610 tibi
1166 1573 1288 1610 visum
1314 1572 1443 1619 fuerit,
1470 1576 1512 1608 ut
1535 1571 1582 1607 de
1600 1570 1818 1620 hujusmodi
1838 1583 1983 1608 summa

442 1630 623 1681 pecuniae
638 1631 837 1669 satisfaciat
854 1631 1031 1682 magistro
1055 1631 1099 1668 G.
1121 1630 1330 1682 praedicto,
1355 1629 1564 1667 secundum
1591 1628 1809 1666 mandatum
1834 1633 1984 1679 aposto-

443 1689 573 1732 licum,
588 1689 813 1727 denuntians
828 1690 979 1741 publice
997 1691 1036 1727 in
1055 1691 1218 1728 ecclesiis
1234 1690 1307 1727 illis
1325 1690 1427 1740 quod
1443 1689 1473 1726 si
1493 1688 1566 1726 hoc
1584 1701 1660 1726 non
1679 1687 1822 1734 fecerit,
1835 1687 1984 1738 gravius

443 1752 570 1785 contra
587 1762 673 1785 eum
685 1778 694 1795 ,
714 1753 827 1799 prout
843 1749 890 1786 de
903 1749 989 1799 jure
1004 1749 1218 1786 faciendum
1239 1748 1351 1786 suerit
1362 1778 1371 1795 ,
1389 1747 1646 1799 procedemus.
