2184 3074
461 343 533 380 504
1010 337 1171 375 CODEX
1199 336 1406 375 DUNENSl
1411 336 1447 373 S.

462 459 507 496 ad
529 460 599 496 hoc
622 472 688 496 nos
705 458 823 495 voluit
841 457 879 494 in
893 456 1041 506 specula
1060 455 1238 492 eminenti
1263 455 1490 505 apostolatus
1508 454 1663 499 assumi,
1691 454 1794 504 quod
1814 457 1998 504 gerentes,

465 518 548 555 licet
562 517 749 561 immeriti,
763 516 860 553 vices
875 515 954 564 ejus
970 516 1008 552 in
1023 514 1141 560 terris,
1157 514 1195 550 in
1210 513 1386 551 omnibus
1401 513 1536 550 nostris
1552 513 1696 550 actibus
1715 517 1751 550 et
1763 512 1998 563 processibus

464 577 579 626 ipsius
594 606 602 622 ,
633 574 785 624 vestigia
801 603 810 620 ,
847 578 1029 624 quantum
1067 572 1207 623 patitur
1237 571 1399 608 humana
1435 571 1613 621 fragilitas
1627 600 1637 618 ,
1669 571 1869 608 imitemur.
1903 570 1999 608 Saue

462 635 624 680 dudum,
641 634 737 670 circa
757 637 902 670 nostrae
919 631 1166 682 promotionis
1187 630 1233 667 ad
1253 630 1394 681 apicem
1417 630 1554 667 summi
1574 629 1812 680 pontificatus
1829 629 1998 675 initium,

462 697 498 729 et
531 697 727 742 antequam
756 690 930 739 Lugduni
962 690 1026 726 ubi
1059 689 1266 740 recepimus
1290 693 1436 726 nostrae
1457 688 1708 726 coronationis
1736 687 1914 738 insignia,
1933 701 2023 724 ve-.

464 750 644 795 niremus,
662 754 698 786 et
715 753 814 800 post,
834 753 908 785 tam
928 748 979 785 ibi
1002 761 1114 798 quam
1135 747 1240 793 alibi,
1260 752 1398 784 secreta
1418 746 1668 797 quorumdam
1695 746 1803 784 nobis
1830 746 1999 783 insinua-

465 809 516 845 tio
544 808 729 844 intimavit
751 807 854 857 quod
881 806 1063 856 magistri,
1089 809 1346 857 praeceptores
1367 809 1403 842 et
1427 805 1489 842 alii
1519 805 1648 842 fratres
1677 804 1820 842 ordinis
1846 803 2000 842 militiae

463 866 624 916 Templi,
640 870 676 903 et
688 866 798 902 etiam
818 866 896 915 ipse
914 865 1006 902 ordo
1016 865 1081 916 qui
1100 865 1146 902 ad
1161 864 1416 901 desmsionem
1431 863 1647 914 patrimonii
1660 863 1828 913 ejusdem
1845 862 1998 900 Domini

465 924 579 961 nostri
600 924 745 960 fuerant
764 924 801 960 in
822 923 1078 961 transmarinis
1104 922 1274 973 partibus
1298 922 1482 972 deputati,
1500 926 1628 959 contra
1648 922 1772 973 ipsum
1797 920 1999 958 Dominum

467 984 502 1019 in
522 983 640 1020 scelus
658 982 862 1032 apostasiae
880 982 1140 1032 nephandum,
1158 980 1375 1018 detestabile
1392 980 1599 1030 ydolatriae
1621 979 1775 1025 vitium,
1793 978 2000 1016 execrabile

466 1042 606 1078 facinus
626 1041 867 1078 sodomorum
887 1045 922 1077 et
939 1040 1107 1077 haereses
1121 1039 1240 1077 varias
1258 1043 1363 1076 erant
1381 1039 1486 1090 lapsi.
1500 1038 1597 1086 Quia
1611 1051 1698 1076 vero
1717 1051 1793 1075 non
1811 1042 1890 1075 erat
1903 1037 2001 1075 veri-

466 1101 601 1141 simile,
622 1114 688 1137 nec
706 1100 885 1137 credibile
907 1100 1105 1137 videbatur
1125 1099 1229 1150 quod
1254 1099 1324 1135 viri
1343 1103 1417 1135 tam
1437 1097 1600 1148 religiosi
1628 1098 1693 1148 qui
1712 1097 1911 1149 praecipue
1931 1107 2021 1148 pro·

466 1160 600 1197 Christi
622 1159 772 1196 nomine
791 1173 900 1196 suum
922 1173 1030 1210 saepe
1058 1159 1278 1210 sanguinem
1297 1158 1488 1195 effundere
1511 1162 1547 1194 et
1568 1170 1744 1208 personas
1771 1170 1855 1195 suas
1871 1157 2000 1195 mortis

467 1218 639 1268 periculis
654 1218 867 1268 frequenter
884 1231 1069 1268 exponere
1090 1217 1349 1263 credebantur,
1371 1217 1515 1268 quique
1533 1216 1649 1253 multa
1667 1220 1704 1253 et
1722 1210 1858 1267 magna*
1873 1220 1946 1252 tam
1962 1215 2000 1252 iu

465 1276 602 1312 divinis
621 1276 753 1313 officiis
772 1289 884 1326 quam
914 1276 952 1313 in
967 1276 1121 1326 jejuniis
1145 1280 1181 1312 et
1202 1275 1284 1312 aliis
1303 1274 1550 1312 observantiis
1571 1274 1779 1311 devotionis
1802 1274 1906 1325 signa
1925 1274 2003 1311 sre—

466 1331 642 1384 quentius
655 1334 964 1385 praetendebant,
980 1348 1067 1372 suae
1085 1334 1138 1371 sic
1155 1338 1277 1371 essent
1291 1333 1419 1371 salutis
1436 1333 1672 1370 immemores
1693 1332 1797 1383 quod
1819 1332 1905 1369 talia
1923 1345 2004 1384 per—

467 1399 669 1444 petrarent,
686 1394 902 1444 hujusmodi
921 1394 1163 1431 insinuationi
1178 1407 1221 1430 ac
1234 1393 1424 1438 delationi,
1441 1393 1557 1443 ipsius
1571 1392 1724 1429 Domini
1740 1391 1856 1429 nostri
1872 1397 2003 1428 exem*

466 1453 538 1503 plis
556 1466 598 1489 ac
624 1453 823 1489 canonicae
849 1453 1053 1503 scripturae
1076 1452 1257 1489 doctrinis
1281 1452 1423 1497 edocti,
1441 1464 1569 1488 aurem
1592 1451 1782 1488 noluimus
1809 1450 2001 1487 inclinare.

468 1511 611 1547 Deinde
629 1524 715 1547 vero
740 1511 951 1548 carissimus
984 1511 1021 1548 in
1050 1511 1198 1548 Christo
1225 1511 1324 1547 filius
1352 1514 1477 1547 noster
1500 1509 1716 1560 Philippus,
1738 1522 1803 1545 rex
1828 1507 2004 1545 Franciae

468 1570 637 1611 illustris,
655 1570 714 1606 cui
734 1570 860 1606 eadem
881 1570 1027 1606 fuerant
1045 1570 1207 1606 facinora
1229 1569 1414 1615 nuntiata,
1435 1581 1508 1605 non
1536 1572 1628 1618 typo
1652 1567 1826 1604 avaritiae
1847 1579 1933 1603 cum
1957 1565 2006 1602 de

470 1629 577 1665 bonis
596 1628 893 1678 Templariorum
914 1629 1029 1666 nichil
1050 1629 1120 1666 sibi
1143 1629 1340 1666 vendicare
1353 1628 1410 1665 vel
1426 1627 1667 1678 appropriare
1685 1626 1871 1671 intendat,
1890 1625 2006 1662 immo

469 1700 509 1723 ea
526 1700 591 1736 per
608 1686 842 1736 deputandos
861 1700 881 1723 a
900 1687 1008 1724 nobis
1034 1686 1277 1738 gubernanda
1289 1716 1297 1732 ,
1316 1685 1559 1723 custodienda
1585 1689 1620 1722 et
1641 1683 1894 1722 conservanda
1911 1683 2007 1720 libe-

471 1745 595 1782 raliter
625 1758 667 1781 ac
697 1745 828 1782 devote
858 1745 1019 1791 dimisit,
1053 1759 1206 1782 manum
1237 1758 1340 1783 suam
1374 1745 1536 1793 totaliter
1565 1743 1788 1789 amovendo,
1819 1750 1855 1779 et
1882 1735 2008 1790 senes—

469 1804 586 1847 callis,
614 1800 760 1840 ballivis
785 1809 820 1840 et
843 1803 925 1841 aliis
949 1804 1110 1841 subditis
1136 1809 1171 1840 et
1196 1803 1435 1849 officialibus,
1460 1815 1604 1840 necnon
1631 1806 1667 1839 et
1689 1801 1865 1848 ducibus,
1889 1794 2008 1838 comi-

470 1862 585 1908 tibus,
604 1862 808 1899 baronibus
828 1866 863 1898 et
885 1862 967 1899 aliis
990 1862 1150 1899 subditis
1173 1862 1464 1912 quibuscunque
1490 1874 1556 1911 per
1580 1873 1664 1898 suas
1684 1864 1848 1911 patentes
1870 1859 2008 1896 litteras

471 1920 658 1957 mandavit
679 1925 719 1956 ut
738 1920 972 1957 curatoribus
997 1925 1032 1957 et
1058 1920 1436 1958 amministratoribus
1459 1919 1679 1970 generaliter
1700 1919 1738 1955 in
1757 1931 1871 1968 regno
1890 1918 2008 1955 Fran-

471 1980 547 2015 ciae
565 1979 749 2029 deputatis
769 1993 788 2016 a
809 1979 916 2016 nobis
943 1984 979 2016 et
1005 1979 1190 2029 deputatis
1217 1993 1238 2016 a
1265 1979 1422 2028 singulis
1449 1978 1736 2029 archiepiscopis
1763 1981 1799 2014 et
1825 1977 2008 2028 episcopis

472 2038 509 2074 in
536 2038 613 2074 suis
643 2037 855 2075 civitatibus
886 2042 921 2074 et
947 2037 1198 2087 dyochesibus
1230 2038 1328 2074 bona
1355 2037 1508 2074 mobilia
1534 2041 1571 2074 et
1591 2035 1796 2073 immobilia
1822 2035 2008 2072 dictorum

471 2096 783 2147 Templariorum,
807 2110 902 2146 quae
926 2096 1104 2147 praedicti
1133 2096 1309 2133 officiales
1343 2096 1434 2146 regii
1465 2100 1501 2132 et
1533 2095 1595 2132 alii
1613 2094 1755 2132 subditi
1773 2098 1953 2145 ceperunt
1971 2098 2008 2131 et

473 2160 689 2192 tenuerunt.
725 2155 872 2192 tradant
903 2155 1130 2206 integraliter
1159 2159 1195 2192 et
1225 2155 1422 2192 restituant
1456 2154 1629 2200 indilate,
1660 2159 1696 2191 et
1725 2154 1828 2204 quod
1858 2153 2007 2190 eosdem

471 2214 799 2251 amministratores
826 2218 1001 2251 tueantur
1024 2219 1060 2251 et
1084 2213 1287 2250 defendant
1311 2213 1436 2264 quoad
1460 2212 1667 2250 custodiam
1694 2216 1730 2248 et
1756 2210 2009 2248 amministra-

473 2272 608 2309 tionem
624 2273 809 2310 dictorum
824 2273 1025 2319 bonorum,
1040 2287 1124 2310 cum
1142 2273 1280 2310 suerint
1292 2272 1481 2322 requisiti,
1495 2271 1572 2317 sed,
1586 2270 1673 2308 fidei
1689 2269 1920 2307 orthodoxae
1933 2269 2009 2306 fer-

471 2343 574 2373 vore,
593 2343 746 2367 suorum
763 2331 1043 2381 progenitorum
1061 2331 1214 2382 vestigia
1227 2332 1325 2368 clara
1340 2343 1513 2380 sequens,
1527 2329 1703 2366 attentius
1718 2328 1764 2364 de
1778 2326 2005 2378 praemissis,

474 2393 654 2437 quantum
675 2388 773 2426 licite
793 2390 936 2439 potuit,
956 2403 994 2427 se
1013 2390 1218 2427 informans
1237 2389 1284 2426 ad
1307 2388 1567 2426 instruendum
1587 2391 1623 2424 et
1642 2385 1920 2424 informandum
1940 2397 2007 2423 nos

475 2458 585 2495 super
603 2446 681 2492 his,
709 2448 842 2484 multas
862 2452 897 2484 et
916 2461 1067 2498 magnas
1089 2448 1196 2485 nobis
1215 2447 1497 2484 informationes
1515 2459 1582 2496 per
1607 2458 1693 2483 suos
1722 2443 1872 2482 nuntios
1890 2447 1926 2480 ct
1945 2443 2008 2480 lit-
