2184 3074
431 255 503 292 516
982 255 1140 293 CODEX
1171 256 1418 294 DUNENSlS.

431 385 547 422 aequa
575 373 678 409 lance
705 385 771 422 per
795 372 877 408 illos
900 373 997 409 solos
1017 372 1225 408 inclinatur*
1241 376 1277 408 et
1293 372 1455 409 flectitur
1471 373 1537 422 qui
1555 372 1614 410 via
1638 373 1738 424 regia
1756 373 1966 420 incedentes

429 430 550 481 dignis
570 444 700 467 causae
719 430 859 467 meritis
883 430 1140 480 ponderantur
1163 431 1201 467 in
1225 430 1324 481 ipsa,
1347 430 1443 468 hanc
1461 430 1582 468 omnis
1603 428 1785 481 quijuste
1801 431 1965 481 judicat,

431 493 547 538 gestat
573 489 609 525 in
639 489 812 525 manibus
830 493 870 525 ut
886 489 988 538 justo
1007 489 1206 526 libramine
1233 495 1269 526 et
1294 489 1477 540 quaedam
1505 502 1572 540 pro
1591 489 1776 539 aequitate
1792 490 1966 540 corrigat,

431 548 612 597 quaedam
632 561 699 597 pro
719 547 954 584 miseratione
975 547 1108 584 debeat
1133 548 1336 598 indulgere.
1358 548 1410 585 Ne
1436 548 1551 598 igitur
1568 547 1687 598 judex
1713 548 1814 586 unde
1832 548 1966 586 meruit

427 606 620 655 justificari
641 606 727 642 inde
746 606 868 655 potius
887 605 1193 656 condempnetur,
1213 611 1345 643 cuncta
1365 607 1488 657 ipsum
1508 606 1635 644 rimari
1653 611 1800 657 oportet
1813 610 1850 643 et
1863 605 1966 643 ordi·-

432 678 514 701 nem
543 664 593 700 rei
628 664 777 714 publica
814 663 1058 713 inquisitione
1091 664 1286 701 discutere.
1317 665 1412 701 Hinc
1438 669 1493 701 est
1519 665 1622 715 quod
1649 677 1716 702 nos
1743 664 1965 710 Reinaldus,

431 723 665 760 miseratione
685 722 812 773 divina
837 722 1102 772 Neapolitanus
1132 723 1292 769 electus,
1326 728 1456 760 notum
1480 736 1558 761 esse
1583 724 1758 761 volumus
1782 723 1966 761 universis

428 781 530 831 quod
551 780 723 830 magister
737 780 935 817 Gervasius
952 781 998 817 de
1018 781 1151 831 Brugis
1175 781 1332 819 clericus
1351 782 1564 832 impetravit
1577 782 1802 832 apostolicas
1828 776 1966 820 litteras

430 839 467 874 in
488 838 588 874 hunc
610 839 781 875 modum:

478 899 716 936 Innocentius
734 900 948 950 episcopus7
968 913 1095 937 servus
1111 913 1303 952 serrorum
1322 900 1409 946 Dei7
1428 900 1563 937 dilecto
1578 900 1656 937 filio
1670 900 1811 937 decano
1824 899 1966 938 Torna-

429 957 527 1010 censi
547 958 701 995 salutem
728 963 763 994 et
782 959 1022 1009 apostolicam
1046 959 1358 996 benedictionem.

478 1016 642 1053 Dilectus
673 1009 772 1054 filius
802 1017 975 1067 magister
1005 1018 1203 1055 Gervasius
1229 1018 1274 1054 de
1304 1018 1436 1067 Brugis
1465 1017 1622 1055 clericus
1652 1017 1760 1054 nobis
1793 1017 1966 1068 exposuit

428 1075 529 1125 quod
563 1088 648 1111 cum
682 1075 857 1124 magister
889 1075 1089 1122 isenricus,
1121 1081 1250 1113 cantor
1272 1076 1492 1114 Morinensis
1518 1076 1710 1121 ecclesiae,
1739 1075 1891 1113 vinculo
1919 1076 1968 1114 sit

426 1134 823 1171 excommunicationis
849 1135 1021 1171 astrictus
1051 1148 1120 1185 pro
1151 1148 1194 1171 eo
1221 1135 1324 1186 quod
1353 1135 1392 1172 in
1416 1135 1577 1172 claustro
1602 1134 1768 1184 ejusdem
1793 1133 1968 1173 ecclesiae

426 1193 552 1243 injecit
580 1194 617 1229 in
641 1207 725 1229 eum
751 1207 900 1239 manus,
933 1194 1000 1231 Dei
1026 1195 1158 1231 timore
1190 1194 1413 1245 postposito,
1449 1199 1585 1230 temere
1613 1193 1793 1230 violentas
1824 1197 1861 1232 et
1881 1191 1968 1247 fecit

425 1253 597 1289 cumdem
632 1266 698 1302 per
731 1252 914 1302 quosdam
951 1253 1150 1289 familiares
1185 1257 1221 1289 ct
1250 1253 1450 1303 complices
1479 1264 1566 1290 suos
1596 1251 1749 1288 clericos
1781 1256 1817 1288 et
1852 1251 1965 1288 laicos

423 1309 556 1347 acriter
573 1310 777 1356 verberari,
797 1311 894 1347 idem
911 1311 964 1347 sic
978 1311 1110 1361 ligatus
1124 1311 1324 1362 quamdam
1343 1310 1851 1362 praesumpsitpraebendam
1867 1310 1962 1347 reci-

426 1383 527 1419 pere,
546 1383 587 1406 ae
605 1382 683 1405 eam
709 1369 878 1407 detinens
899 1383 937 1406 se
961 1370 1169 1407 immiscere
1189 1370 1326 1406 divinis
1350 1369 1482 1406 officiis
1502 1382 1576 1406 non
1596 1373 1744 1406 veretur
1761 1369 1799 1405 in
1819 1369 1965 1407 animae

427 1442 514 1465 suae
533 1428 759 1478 periculum..
778 1427 1045 1465 ecclesiasticae
1059 1428 1279 1478 disciplinae
1297 1433 1551 1477 contemptum
1571 1431 1606 1464 et
1624 1427 1840 1464 scandalum
1854 1427 1978 1478 pluri-

427 1500 590 1532 morum,
618 1499 763 1523 necnon
789 1487 942 1536 praefati
966 1487 1131 1536 magistri
1150 1487 1421 1537 praejudicium
1441 1491 1477 1522 et
1494 1499 1705 1536 gravamen.
1725 1487 1848 1534 Quare
1867 1487 1966 1525 idem

430 1546 602 1594 magister
626 1545 818 1581 humiliter
837 1545 942 1595 petiit
961 1550 1002 1582 ut
1017 1546 1342 1595 praenominatum
1367 1549 1556 1581 cantorem
1575 1544 1673 1581 dicta
1697 1545 1835 1594 privari
1860 1558 1968 1596 prae-

429 1604 549 1641 benda
575 1609 611 1640 et
628 1604 717 1640 alias
738 1603 861 1653 ipsum
881 1617 948 1654 pro
969 1609 1071 1640 tanto
1092 1604 1216 1654 puniri
1238 1617 1389 1640 excessu
1409 1616 1528 1653 poena
1546 1603 1725 1640 canonica
1745 1604 1970 1651 faceremus,

429 1664 580 1714 imoque
593 1662 807 1699 discretioni
829 1667 911 1699 tuae
927 1676 993 1713 per
1010 1664 1211 1713 apostolica
1227 1663 1364 1713 scripta
1380 1662 1601 1700 mandamus
1616 1666 1817 1712 quatenus,
1833 1656 1971 1700 vocati‘s‘

427 1723 491 1773 qui
519 1722 658 1759 suerint
686 1722 863 1758 evocandi
892 1727 926 1758 et
957 1721 1093 1759 auditis
1125 1722 1212 1758 hinc
1245 1722 1331 1759 inde
1363 1721 1582 1772 propositis,
1613 1720 1715 1770 quod
1749 1720 1971 1757 canonicum

430 1781 555 1827 fuerit,
579 1780 826 1831 appellatione
852 1785 1010 1826 remota,
1035 1780 1161 1817 debito
1189 1781 1262 1817 {ine
1287 1780 1451 1825 decidas,
1479 1779 1616 1816 faciens
1637 1778 1740 1829 quod
1764 1778 1971 1816 decreveris

430 1854 495 1890 per
516 1853 709 1876 censuram
737 1839 1019 1876 eeclesiasticam
1040 1839 1196 1876 firmiter
1215 1838 1414 1876 observari.
1435 1839 1571 1874 Datum
1595 1837 1784 1887 Lugduni,
1805 1841 1871 1873 etc.

478 1900 578 1936 ldem
603 1912 690 1936 vero
718 1903 807 1935 tunc
831 1899 1011 1945 decanus,
1040 1913 1140 1936 nunc
1166 1898 1363 1949 episcopus
1389 1896 1651 1942 Tornaeensis,
1677 1896 1716 1932 in
1745 1908 1854 1932 causa
1883 1908 1972 1945 pro-

430 1959 583 2005 cedens7
605 1971 818 2008 processum
847 1963 882 1994 et
911 1963 990 1994 acta
1023 1958 1159 2008 negotii
1193 1958 1270 1994 sive
1297 1956 1546 1993 attestationes
1574 1959 1738 2004 receptas
1764 1955 1810 1990 ad
1839 1954 1971 1990 Sedent

430 2017 679 2068 Apostolicam
699 2030 783 2053 cum
804 2017 982 2053 relatione
1007 2017 1222 2066 hujusmodi
1242 2015 1452 2061 destinavit⁷
1473 2013 1580 2062 cujus
1602 2014 1719 2049 forma
1742 2012 1823 2049 talis
1842 2017 1896 2049 est
1915 2025 1922 2046 τ

479 2077 718 2114 sanctissimo
742 2076 836 2126 patri
863 2090 905 2112 ac
924 2076 1078 2112 domino
1104 2075 1337 2121 innocentio7
1358 2072 1585 2112 Universalis
1610 2068 1795 2108 Ecclesiae
1825 2083 1973 2108 summo

430 2136 616 2186 pontifici,
635 2136 714 2189 W„
729 2135 890 2172 decanus
911 2134 1064 2171 humilis
1081 2134 1255 2171 ecclesiae
1273 2134 1404 2170 Bealae
1419 2131 1552 2168 Mariae
1567 2129 1827 2175 Tornacensis,
1842 2129 1973 2165 devota

431 2195 568 2245 pedum
585 2195 710 2231 oscula
730 2195 936 2231 beatorum.

480 2254 573 2290 Cum
594 2253 795 2290 reverenda
815 2253 997 2290 Sanctitas
1014 2252 1140 2290 Vestra
1163 2251 1254 2288 mihi
1279 2263 1426 2287 causam
1447 2262 1559 2300 quam
1584 2247 1758 2298 magister
1776 2244 1972 2282 Gervasius

431 2313 477 2348 de
498 2312 632 2362 Brugis
658 2312 812 2348 clericus
838 2316 966 2348 contra
997 2311 1215 2361 magistrum
1243 2309 1464 2354 Heni-icum,
1493 2312 1681 2344 cantorem
1709 2304 1971 2348 morinensem,

432 2384 580 2408 movere
609 2370 840 2416 intendebat,
873 2370 1100 2407 commiserit
1130 2368 1371 2414 audiendam,
1406 2363 1473 2420 ego
1505 2366 1551 2403 de
1583 2361 1793 2403 Sanctitatis
1826 2361 1972 2399 Vestrae
