2184 3074
738 337 900 375 CODEX
929 337 1089 375 DUNEN
1094 337 1133 374 Sl
1139 337 1175 375 S.
1677 339 1715 374 71

187 453 387 509 accessoria
404 469 411 490 :
431 459 484 491 est
498 454 597 491 enim
613 455 684 491 lata
699 460 850 506 propter
864 455 1102 492 interdictum
1118 454 1356 500 servandum,
1370 468 1458 505 ergo
1473 455 1716 491 accessorium

186 515 363 561 sequatur
384 516 553 549 naturam
573 512 807 563 principalis,
830 517 866 550 et
883 518 1035 564 apparet
1052 513 1174 563 quod,
1193 513 1288 550 sicut
1306 513 1435 550 fratres
1457 526 1523 563 per
1539 513 1721 563 simplici—

185 572 295 606 tatem
316 575 542 608 excusantur
558 571 597 607 in
616 571 838 608 celebrando
859 572 896 608 in
923 571 1103 622 grangiis,
1124 585 1191 608 nec
1212 571 1409 609 videantur
1430 572 1586 609 violasse
1605 571 1719 608 inter-

184 626 342 675 dictum,
357 628 410 675 jta
428 633 653 667 excusantur
669 643 689 666 a
708 630 888 667 sententia
908 630 1315 668 excommunicationis.

234 685 326 723 Item
344 685 560 736 hujusmodi
579 687 759 725 sententia
777 688 1174 727 excommunicationis
1192 688 1303 726 habet
1316 688 1567 726 conditionem
1586 688 1615 725 si
1635 689 1719 738 quis

184 743 311 780 fecerit
331 748 459 781 contra
477 745 716 782 interdictum
734 746 790 783 vel
812 745 904 783 illud
929 759 1004 784 non
1032 746 1248 791 servaverit,
1271 746 1335 784 sed
1361 746 1541 784 sententia
1567 759 1719 784 excom-

183 801 447 839 municationis
469 802 540 839 lata
558 803 629 840 suh
647 803 860 842 conditione
883 817 1029 855 semper
1047 803 1206 841 trahitur
1223 804 1269 841 ad
1293 804 1543 842 conditionem
1568 804 1719 855 apposi-

184 862 272 905 tam,
300 872 368 896 nec
390 864 475 897 ante
496 861 721 899 conditionis
747 866 919 899 eventum
947 862 1060 899 habet
1081 862 1263 899 effectum.
1283 863 1376 899 Cum
1401 876 1487 913 ergo
1508 863 1564 900 isti
1589 863 1717 899 fratres

183 929 258 954 non
287 917 462 955 videntur
491 923 617 956 contra
649 919 887 957 interdictum
922 920 1066 966 secisse,
1085 920 1238 970 planum
1270 925 1324 958 est
1351 921 1453 971 quod
1482 934 1548 957 nec
1579 921 1714 958 dictam

181 977 578 1014 excommunicationis
595 978 815 1015 sententiam
832 978 1080 1015 incurrerunt.

229 1034 370 1082 Quinto
384 1035 578 1085 quaeritur
591 1048 636 1072 an
652 1035 853 1073 residentes
868 1036 906 1072 in
922 1036 1146 1073 monasterio
1161 1042 1317 1087 possunt
1332 1037 1494 1087 recipere
1509 1037 1596 1074 tales
1612 1037 1714 1073 vivos

180 1096 216 1130 et
244 1096 410 1129 mortuos
437 1092 482 1129 ad
509 1093 774 1131 monasterium
801 1094 1010 1140 venientes,
1036 1094 1100 1145 qui
1129 1095 1166 1131 in
1198 1095 1381 1144 grangiis,
1409 1099 1450 1131 ut
1475 1094 1615 1132 dictum
1643 1100 1714 1132 est.

180 1149 415 1187 celebrarunt
438 1164 504 1201 per
530 1151 804 1202 simplicitatem
828 1157 864 1189 et
890 1152 1158 1203 ignorantiam,
1177 1159 1212 1189 et
1230 1158 1284 1190 est
1302 1153 1500 1190 dicendum
1520 1153 1622 1204 quod
1642 1154 1711 1190 sic.

179 1208 376 1259 quoniam,
401 1222 486 1246 cum
506 1214 730 1247 excusentur
747 1210 793 1247 ab
812 1211 1081 1261 irregularitate
1100 1216 1135 1248 et
1160 1212 1339 1248 sententia
1358 1212 1714 1258 excommunicatio-

181 1268 257 1314 nis,
275 1273 318 1305 ut
335 1267 476 1305 dictum
496 1273 567 1316 est,
585 1274 741 1319 possunt
756 1269 869 1320 recipi
890 1269 928 1306 in
948 1270 1172 1307 monasterio
1193 1274 1265 1306 tam
1284 1270 1358 1306 vivi
1378 1275 1414 1306 et
1434 1270 1581 1307 mortui.

227 1327 338 1366 Sexto
352 1328 545 1378 quaeritur
557 1328 708 1378 quando
723 1324 869 1366 dicatur
882 1329 966 1379 quis
981 1330 1099 1366 facere
1114 1343 1177 1366 seu
1194 1329 1302 1366 saciat
1317 1333 1444 1366 contra
1462 1329 1710 1374 interdictum,

178 1390 214 1422 et
229 1389 284 1422 est
300 1385 501 1423 dicendum
521 1386 622 1436 quod
641 1387 670 1424 si
690 1387 775 1437 quis
793 1392 847 1424 est
865 1387 1073 1437 specialiter
1092 1387 1325 1433 interdictus,
1345 1387 1400 1424 vel
1420 1387 1449 1424 si
1470 1387 1517 1424 sit
1534 1387 1571 1423 in
1595 1388 1711 1424 inter-

176 1442 317 1480 dietum
344 1444 563 1494 generaliter
586 1445 719 1490 latum,
741 1442 866 1482 omnia
891 1450 979 1483 sunt
996 1445 1185 1496 prohibita
1211 1459 1306 1496 quae
1332 1450 1547 1495 competunt
1571 1446 1711 1482 ratione

175 1501 318 1539 ordinis
337 1506 373 1539 et
390 1515 486 1552 quae
505 1502 628 1540 ordini
646 1507 734 1540 sunt
750 1516 894 1540 annexa
914 1504 1120 1540 secundum
1142 1504 1413 1540 lnnocentium.
1433 1503 1566 1554 Aliqua
1588 1508 1708 1540 tamen

175 1559 436 1610 intelliguntur
452 1564 603 1610 excepta
622 1560 659 1597 in
678 1561 839 1611 generali
862 1561 1059 1599 interdicto
1080 1566 1121 1598 ut
1147 1561 1394 1612 poenitentiae
1418 1561 1653 1598 morientium
1676 1568 1708 1598 el

174 1619 381 1669 baptismus
408 1620 668 1670 parvulorum,
695 1620 921 1671 praedicatio
947 1621 1050 1658 verbi
1075 1621 1142 1658 Dei
1168 1626 1203 1657 et
1225 1621 1456 1658 confirmatio
1480 1620 1708 1671 episcopalis.

175 1677 247 1714 Sed
262 1677 330 1715 ista
345 1683 432 1715 sunt
447 1677 544 1714 licita
561 1682 726 1728 tempore
739 1679 920 1729 generalis
936 1679 1139 1725 interdicti,
1154 1684 1274 1716 tamen
1290 1679 1497 1728 specialiter
1514 1679 1710 1715 interdicto

174 1740 261 1773 sunt
280 1735 468 1786 prohibita
487 1740 571 1772 ante
589 1736 878 1782 absolutionen13
897 1742 932 1774 et
956 1742 1010 1774 est
1032 1738 1125 1774 ratio
1153 1738 1241 1788 quia
1267 1743 1330 1774 aut
1354 1737 1534 1787 poenitet,
1561 1743 1596 1774 et
1622 1742 1708 1774 tun(-

179 1794 404 1841 absolvetur⁷
418 1799 567 1832 autnon
587 1795 766 1845 poenitet,
786 1800 822 1833 et
840 1801 928 1834 tunc
948 1810 1022 1834 non
1041 1802 1095 1834 est
1112 1790 1377 1842 absolvendus,
1397 1810 1463 1833 nec
1482 1803 1706 1834 sacramenta

173 1853 282 1890 debet
304 1853 478 1902 recipere.
501 1853 595 1890 Dico
617 1867 704 1904 ergo
722 1854 825 1904 quod
846 1854 908 1891 ille
927 1855 1013 1892 facit
1031 1859 1158 1892 contra
1177 1855 1433 1892 interdictum.
1452 1855 1517 1905 qui
1537 1855 1623 1892 facit
1640 1855 1708 1892 ali-

171 1911 264 1962 quid
279 1911 328 1948 de'
340 1911 411 1948 hiis
426 1925 520 1962 quae
535 1925 601 1962 per
615 1912 870 1958 interdictum,
885 1913 962 1950 sive
976 1913 1133 1964 speciale
1152 1913 1228 1950 sive
1246 1913 1430 1964 generale,
1450 1913 1708 1962 intelliguntur

173 1975 208 2008 et
224 1975 312 2008 sunt
329 1971 529 2022 prohibita.

221 2028 386 2080 Septimo
405 2029 598 2080 quaeritur
615 2043 700 2067 cum
720 2031 758 2068 in
781 2030 962 2068 sententia
987 2031 1173 2067 interdicti
1203 2030 1451 2080 praecipiatur
1477 2031 1647 2079 praelatis
1671 2036 1703 2067 et

174 2087 349 2125 omnibus
367 2087 449 2124 aliis
468 2088 649 2138 religiosis
666 2093 702 2125 et
718 2088 947 2126 secularibus
962 2093 997 2126 et
1011 2089 1164 2126 cuilibet
1182 2101 1310 2125 eorum
1331 2087 1400 2124 sub
1421 2101 1535 2138 poena
1555 2101 1705 2124 excom-

174 2145 437 2183 municationis
456 2146 549 2183 latae
567 2151 608 2183 ut
630 2146 868 2183 interdictum
893 2151 1038 2183 servent
1062 2150 1098 2183 et
1117 2147 1252 2182 saciant
1270 2145 1405 2182 arctius
1424 2145 1630 2187 observari,
1656 2159 1701 2182 an

173 2218 239 2254 per
258 2203 328 2240 hoc
346 2208 541 2241 teneantur
559 2205 719 2255 religiosi
738 2205 820 2242 aliis
840 2205 1008 2255 personis
1027 2210 1062 2242 et
1085 2205 1122 2241 in
1147 2205 1227 2241 aliis
1253 2204 1342 2240 locis
1362 2203 1454 2240 illud
1472 2203 1702 2241 denuntiare.

147 2304 150 2306 ,
171 2263 216 2300 Et
233 2267 287 2299 est
303 2261 504 2299 dicendum
523 2263 623 2313 quod
643 2263 802 2314 religiosi
821 2263 885 2314 qui
906 2276 980 2300 non
1006 2267 1093 2300 sunt
1116 2262 1286 2313 praelati,
1310 2275 1384 2298 non
1406 2266 1588 2307 tenentur,
1607 2275 1704 2312 quo-

173 2321 271 2358 niam
298 2321 470 2358 mandata
493 2327 732 2359 executorum
758 2335 875 2372 papae
898 2327 985 2359 sunt
1010 2321 1162 2358 honeste
1189 2319 1447 2370 intelligenda,
1474 2319 1569 2356 sicut
1593 2319 1702 2356 etiam

172 2379 388 2416 mandatum
417 2379 533 2429 ipsius
560 2393 675 2430 papae
700 2379 852 2417 honeste
879 2379 1108 2429 intelligitur.
1136 2378 1205 2416 Sed
1227 2378 1417 2428 religiosos
1434 2377 1499 2428 qui
1520 2390 1594 2414 non
1617 2384 1700 2414 sunl

172 2437 342 2489 praelati,
357 2451 430 2475 non
447 2438 550 2475 decet
567 2439 612 2475 ad
628 2438 712 2475 talia
731 2438 879 2484 arctari,
895 2438 956 2476 sed
973 2437 1202 2488 praedictum
1219 2436 1434 2473 mandatum
1455 2436 1574 2472 lovum
1595 2435 1702 2472 habet
