2184 3074
767 269 929 308 CODEX
953 269 1197 309 DUNENSlS.
1675 274 1747 312 447

221 383 399 439 praedicti
414 392 560 425 nostrae
573 386 764 426 Remensis
774 385 998 437 provinciae,
1012 390 1194 437 quantum
1209 385 1255 423 ad
1271 387 1357 424 istas
1372 386 1538 425 haereses
1550 393 1586 426 et
1594 402 1747 434 errores,

219 444 438 484 diffinitivae
466 444 668 484 sententiae
696 444 753 481 vel
784 443 1136 494 condempnatoriae
1165 443 1221 480 vel
1253 443 1502 483 absolutoriae
1531 447 1747 484 auctoritate

218 502 419 556 apostolica
436 504 512 542 sint
528 502 745 541 commissae
764 502 803 539 in
822 506 949 539 nostro
967 501 1187 553 provinciali
1213 502 1372 540 coneilio
1398 504 1660 554 proferendae,
1680 518 1747 542 nos

217 575 263 600 ex
278 561 399 600 causis
415 561 613 613 praedietis
630 559 730 612 apud
754 559 1002 598 Silvanectum
1024 559 1085 597 die
1104 559 1203 610 jovis
1228 565 1313 611 post
1338 561 1637 612 Assumptionem
1661 562 1746 601 Vir-

218 621 315 672 ginis
330 618 529 673 gloriosae,
547 620 625 657 Deo
642 623 810 666 auctore,
828 618 1056 670 provinciale
1071 618 1289 666 concilium,
1309 624 1382 657 tam
1408 621 1609 671 apostoliea
1632 635 1745 673 quam

219 684 344 718 nostra
360 679 576 716 auctoritate
593 678 895 729 metropolitana,
914 677 1144 715 decrevimus
1162 679 1407 724 evocandum3
1427 679 1577 731 imoque
1599 680 1744 718 Frater-

219 739 324 777 nitati
339 738 505 785 Vestrae,
520 737 731 789 praemissis
746 736 1039 782 auctoritatibus,
1054 736 1316 787 praecipiendo
1331 737 1549 775 mandamus
1561 743 1743 789 quatenus

218 797 466 848 suffraganeos
496 795 721 847 praedictos,
752 794 922 840 abbates,
948 794 1176 845 praepositos
1202 795 1424 832 secularium
1455 800 1491 832 et
1518 796 1742 846 regularium

217 855 475 902 ecclesiarum,
493 853 636 906 priores
653 852 914 891 conventuales
938 865 1251 903 quorumcunque
1277 853 1473 900 ordinum,
1494 859 1684 905 exemptos
1707 859 1743 891 et

218 927 294 952 non
316 915 523 965 exemptos,
549 911 708 962 capitula
725 910 993 948 cathedralium
1018 915 1054 947 et
1076 910 1351 961 collegiatarum
1374 911 1609 949 eeclesiarum
1635 926 1743 963 prae-

217 971 336 1010 dictae
352 969 544 1010 Remensis
562 969 788 1021 provinciae,
806 981 966 1019 quorum
995 969 1150 1006 maturis
1175 968 1324 1006 auxiliis
1346 974 1383 1007 et
1404 969 1568 1020 providis
1591 970 1742 1008 consul·

217 1029 419 1071 tationibus
438 1027 477 1066 in
501 1027 731 1080 proferendis
746 1027 936 1065 sententiis
959 1027 1174 1076 hujusmodi
1192 1032 1227 1064 et
1248 1027 1329 1065 aliis
1347 1027 1433 1064 [idei
1452 1028 1640 1079 negotium
1658 1033 1740 1066 tan-

216 1090 388 1141 gentibus
406 1089 632 1141 indigemus,
647 1088 726 1126 sine
740 1101 864 1126 morae
877 1087 1091 1138 dispendio,
1105 1091 1314 1132 evocantes,
1329 1086 1504 1124 intimetis
1517 1087 1692 1125 omnibus
1704 1093 1741 1124 et

217 1149 372 1200 singulis
389 1147 612 1200 supradictis
629 1162 696 1199 per
712 1151 849 1184 vestras
867 1151 1031 1198 patentes
1051 1146 1186 1182 litteras
1206 1145 1336 1182 harum
1358 1145 1488 1182 seriem
1510 1146 1739 1184 continentes

216 1213 259 1247 ut
274 1209 427 1261 praefati
444 1208 683 1259 suffraganei,
701 1207 867 1253 abbates,
885 1204 1083 1257 praepositi
1102 1209 1137 1241 et
1154 1204 1292 1255 priores
1311 1203 1563 1254 personaliter,
1578 1204 1739 1255 capitula

215 1281 304 1306 vero
331 1267 598 1306 cathedralium
623 1280 690 1318 per
714 1266 807 1303 duos
830 1265 876 1302 ad
906 1264 1028 1301 minus
1053 1263 1099 1299 de
1122 1262 1263 1314 gremio
1289 1275 1373 1308 suo,
1403 1266 1439 1298 et
1463 1262 1737 1312 collegiatarum

215 1326 451 1365 ecclesiarum
477 1339 544 1377 per
567 1329 844 1376 procuratorem
869 1336 934 1360 seu
960 1326 1217 1373 procuratores
1241 1320 1406 1370 ydoneos
1430 1319 1655 1357 sufficienter
1680 1319 1740 1356 in-

216 1384 446 1430 structosad
474 1383 724 1429 audiendum,
751 1380 985 1418 referendum
1013 1384 1050 1416 et
1077 1378 1402 1423 consentiendum,
1431 1377 1530 1414 dicto
1560 1377 1620 1414 die
1652 1390 1738 1415 cum

215 1443 347 1481 diebus
360 1442 604 1494 sequentibus
624 1439 804 1492 quamdiu
824 1437 1073 1490 prosecutioni
1094 1436 1326 1487 negotiorum
1345 1436 1610 1487 emergentium
1629 1436 1740 1474 fuerit

215 1500 461 1538 insistendum
487 1504 523 1537 et
548 1500 645 1545 loeo,
667 1511 791 1536 coram
818 1497 927 1534 nobis
951 1497 989 1532 in
1019 1495 1119 1532 dicto
1149 1494 1322 1541 concilio,
1348 1499 1511 1531 cessante
1540 1493 1739 1544 cujuslibet

214 1558 366 1596 frivolae
387 1558 634 1596 excusationis
658 1557 832 1606 diffugio,
849 1555 1022 1593 studeant
1041 1567 1272 1604 comparere,
1298 1557 1334 1589 et
1358 1565 1422 1589 vos
1447 1552 1586 1589 ibidem
1609 1565 1738 1603 perso-

215 1616 347 1655 naliter
363 1617 555 1663 intersitis,
573 1616 784 1653 intimantes
800 1614 938 1652 eisdem
955 1612 1056 1663 quod
1075 1612 1104 1650 si
1124 1624 1336 1662 comparere
1354 1611 1593 1661 neglexerint,
1611 1616 1737 1648 contra

214 1675 260 1712 ad
278 1688 415 1727 poenas
432 1674 645 1721 canonicas,
661 1677 773 1724 prout
780 1672 924 1722 justum
940 1671 1064 1716 suerit,
1080 1670 1333 1721 procedemus.
1350 1669 1587 1720 lnjungentes
1600 1669 1738 1707 eisdem

213 1734 459 1772 nihilominus
475 1739 517 1770 ut
532 1733 744 1784 gravamina
762 1745 858 1782 quae
875 1731 946 1768 sibi
964 1735 1029 1767 aut
1045 1730 1122 1767 suis
1147 1729 1310 1766 eeclesiis
1336 1729 1618 1780 quomodolibet
1643 1729 1740 1765 infe-

215 1798 348 1835 runtur
363 1792 655 1837 conscribentes,
670 1804 711 1828 ea
729 1790 837 1828 nobis
855 1789 902 1827 ad
920 1789 1059 1826 dictum
1079 1788 1279 1826 concilium
1294 1801 1418 1825 secum
1434 1788 1600 1824 deferant
1616 1792 1657 1824 ut
1674 1787 1738 1833 eis,

215 1852 253 1890 in
268 1852 419 1890 instanti
437 1851 597 1902 generali
615 1850 772 1888 concilio
786 1849 904 1901 quod,
921 1849 998 1886 Deo
1013 1848 1191 1899 propitio,
1205 1848 1324 1898 prima
1342 1847 1403 1884 die
1423 1847 1558 1884 mensis
1577 1846 1738 1883 octobris

215 1910 476 1956 celebrabitur,
501 1923 567 1960 per
590 1922 676 1956 nos,
702 1909 806 1946 Sedis
831 1907 1063 1958 Apostolicae
1087 1905 1300 1957 conspectui
1325 1904 1583 1956 praesentatis,
1609 1904 1736 1940 eadem

215 1969 317 2006 sedes
331 1969 524 2019 provideat
536 1969 582 2006 de
596 1968 767 2006 remediis
780 1967 985 2018 oportunis.
1000 1965 1143 2003 Deinde
1153 1994 1163 2011 ,
1182 1965 1219 2001 in
1234 1965 1380 2014 signum
1397 1963 1616 2014 receptionis
1630 1975 1738 2013 prae-

215 2027 374 2065 sentium
386 2057 396 2074 ,
413 2027 576 2079 sigillum
595 2032 756 2065 vestrum
776 2026 1030 2078 praesentibus
1048 2024 1252 2075 apponatis.

263 2086 399 2124 Datum
419 2086 558 2133 Remis,
576 2086 646 2124 sub
664 2086 785 2137 sigillo
803 2090 945 2131 nostro,
965 2097 1063 2121 anno
1083 2083 1231 2120 Domini
1248 2083 1298 2120 Μο
1313 2083 1414 2119 CCC⁰
1428 2081 1506 2127 Xl0,
1522 2081 1582 2118 die
1597 2081 1738 2118 veneris

214 2148 297 2194 post
315 2144 448 2182 festum
467 2144 593 2182 beatae
609 2144 744 2182 Mariae
763 2143 1008 2194 Magdalenae.

923 2315 1016 2324 —00-
