2184 3074
447 277 519 315 120
995 272 1159 310 CODEX
1184 271 1434 310 DUNENSIS.

447 395 521 428 tato
545 390 731 427 mandato.
753 389 913 426 Nomina
931 401 1019 428 vero
1037 388 1187 424 illorum
1208 387 1273 438 qui
1292 400 1331 424 se
1351 388 1667 426 excommunicari
1693 390 1929 440 permiserint
1950 394 1986 428 et

447 439 540 500 quid
558 449 645 486 inde
661 449 832 494 feceritis,
851 448 959 485 nobis
977 461 1044 498 per
1058 451 1196 484 vestras
1214 451 1380 498 patentes
1398 446 1537 485 litteras
1554 448 1786 498 rescribatis,
1800 453 1844 486 ut
1856 453 1985 488 contra

447 507 529 545 illos
547 507 734 558 possimus
755 506 956 557 procedere
972 509 1084 556 prout
1099 504 1244 555 justitia
1268 504 1440 542 suadebit
1461 509 1497 542 et
1516 505 1626 543 nobis
1647 478 1837 544 videbitur
1853 520 1986 558 proce-

447 566 624 603 dendum.
644 566 685 602 ln
710 565 782 602 hiis
803 565 1032 615 exequendis
1053 577 1151 601 unus
1169 568 1334 600 vestrum
1353 563 1468 600 alium
1490 577 1556 601 seu
1573 564 1665 602 alios
1687 578 1763 602 non
1781 569 1985 617 exspectet,

446 625 510 662 sed
533 625 655 675 primo
674 623 876 674 requisitus
896 627 1064 660 nostrum
1088 621 1305 659 mandatum
1327 635 1392 659 seu
1415 622 1540 672 potius
1559 623 1805 673 apostolicum
1828 624 1986 662 fideliter

445 687 662 733 exequatur.

1154 756 1254 764 «ο.-

1131 896 1310 935 LXXXII.

485 1017 604 1067 Appel
621 1030 668 1054 au
686 1016 918 1067 Saint-Sie'qe
934 1015 1084 1053 adres-34
1103 1028 1182 1065 par
1198 1015 1230 1052 le
1245 1028 1454 1065 procureur
1469 1017 1514 1054 de
1538 1016 1701 1067 l'abbaye
1722 1017 1767 1055 de
1796 1017 1943 1055 Thosan

744 1081 866 1112 contre
889 1075 940 1112 les
958 1074 1167 1112 collecteurs
1185 1073 1247 1110 des
1265 1079 1367 1111 taxes
1385 1075 1679 1126 eccle-siastiques.

489 1282 583 1319 Cum
608 1281 656 1318 sit
682 1280 870 1317 indultum
895 1293 915 1316 a
940 1279 1033 1317 Sede
1061 1279 1272 1330 Apostolica
1295 1279 1421 1317 abbati
1448 1285 1483 1317 et
1509 1281 1709 1318 conventui
1737 1281 1784 1318 de
1812 1281 1982 1329 Thosan,

439 1339 692 1377 Cisterciensis
723 1338 890 1384 ordinis,
919 1338 1022 1388 quod
1052 1351 1129 1375 non
1161 1342 1356 1375 teneantur
1381 1339 1428 1375 ad
1456 1339 1741 1389 praestationem
1769 1340 1981 1391 aliquarum

437 1399 694 1443 collectarum,
712 1396 967 1434 subsidiorum
991 1401 1027 1433 et
1048 1397 1205 1433 aliarum
1227 1397 1481 1442 exactionum,
1498 1411 1566 1448 per
1582 1397 1720 1435 litteras
1739 1398 1858 1435 dictae
1875 1398 1982 1436 Sedis

435 1462 498 1494 aut
517 1458 722 1507 legatorum
740 1455 906 1504 ejusdem
917 1485 926 1502 ,
942 1455 1012 1492 nisi
1032 1455 1078 1492 de
1097 1455 1244 1492 indulto
1259 1455 1475 1505 hujusmodi
1491 1456 1586 1493 etde
1601 1457 1733 1493 ordine
1747 1457 1979 1495 Cisterciensi

437 1516 591 1552 fecerint
608 1515 836 1551 mentionem
856 1513 958 1564 ipsae
974 1513 1117 1550 litterae
1135 1514 1283 1564 plenam
1302 1518 1338 1551 et
1355 1527 1586 1565 expressam,
1605 1519 1641 1552 et
1657 1520 1871 1553 executores
1890 1515 1979 1562 dati,

436 1579 477 1611 ut
501 1574 650 1620 dicitur,
673 1586 692 1610 a
719 1572 923 1609 reverendo
946 1577 1050 1622 patre
1067 1572 1222 1609 domino
1241 1573 1289 1618 S„
1304 1577 1394 1609 tunc
1414 1572 1568 1610 Sanctae
1586 1573 1743 1611 Ceciliae
1760 1574 1979 1624 presbytero

436 1633 615 1670 cardinali
630 1636 652 1678 ¹,
673 1632 738 1682 qui
756 1631 846 1668 dicit
867 1644 904 1667 se
921 1631 1131 1681 praedictae
1149 1631 1255 1668 Sedis
1272 1631 1507 1681 Apostolicae
1526 1631 1708 1682 legatum,
1727 1635 1856 1669 contra
1873 1637 1981 1670 teno-

437 1704 514 1728 rem
534 1690 718 1741 privilegii
747 1689 963 1739 hujusmodi
984 1689 1109 1726 minus
1126 1689 1315 1727 venientes
1333 1690 1516 1727 decimam
1538 1690 1708 1728 omnium
1727 1685 1979 1741 proventuum

437 1749 650 1786 monasterii
675 1748 721 1785 de
742 1748 891 1785 Thosan
918 1752 1121 1799 exegerunt
1147 1748 1194 1785 ab
1217 1748 1306 1798 ipsis
1330 1748 1464 1786 abbate
1482 1753 1518 1785 et
1541 1754 1728 1786 conventu
1746 1749 1792 1786 de
1809 1749 1979 1797 Thosan‚

436 1813 472 1845 et
497 1821 609 1858 super
633 1807 846 1858 praemissis
873 1807 972 1857 ipsos
998 1807 1140 1844 moneri
1171 1808 1338 1845 fecerunt
1363 1808 1543 1859 praedicti
1570 1813 1783 1846 executores
1806 1822 1852 1846 ex
1875 1813 1980 1859 parte

435 1867 523 1904 dicti
543 1866 669 1916 legati,
688 1866 758 1903 sub
776 1879 895 1917 poena
915 1867 1172 1917 suspensionis
1190 1871 1225 1904 et
1246 1868 1643 1905 excommunicationis
1661 1868 1708 1905 de
1724 1868 1785 1904 die
1810 1868 1849 1904 in
1877 1868 1978 1905 diem

434 1925 686 1976 aggravanda,
706 1925 735 1961 si
756 1938 830 1962 non
851 1925 1026 1962 mandato
1044 1938 1174 1962 eorum
1193 1926 1270 1963 sive
1296 1926 1413 1977 ipsius
1431 1930 1615 1977 pareatur.
1638 1927 1716 1977 Ego
1739 1926 1822 1963 talis
1845 1939 1978 1964 mona-

433 1985 526 2021 chus
543 1988 579 2020 et
596 1988 816 2034 procurator
833 1983 977 2021 abbatis
994 1988 1030 2021 et
1046 1989 1251 2022 conventus
1268 1985 1315 2022 de
1331 1985 1480 2023 Tliosan
1503 1985 1778 2036 praedictorum
1793 2015 1803 2031 ,
1829 1986 1876 2023 ad
1907 1985 1979 2024 hoc

432 2042 640 2092 specialiter
661 2042 884 2078 constitutus
896 2071 905 2088 ,
929 2042 1071 2080 habens
1089 2056 1201 2094 super
1217 2043 1288 2080 hoc
1304 2044 1524 2082 mandatum
1541 2044 1587 2082 ad
1606 2044 1871 2095 appellandum
1889 2058 1976 2095 spe-

433 2101 523 2137 ciale
545 2101 591 2137 ab
612 2100 767 2146 eisdem⁷
786 2100 948 2137 sentiens
973 2114 1035 2138 eos
1059 2115 1079 2138 a
1101 2102 1293 2152 praedicto
1315 2103 1434 2154 legato
1459 2103 1517 2140 vel
1542 2102 1622 2153 ejus
1647 2103 1908 2141 executoribus
1934 2104 1975 2141 in

433 2159 504 2195 hiis
522 2163 557 2195 et
573 2158 654 2195 aliis
670 2159 752 2195 loco
767 2163 802 2195 et
819 2163 985 2210 tempore
998 2160 1254 2210 proponendis
1269 2167 1539 2212 praegravatOS,
1554 2175 1622 2212 pro
1639 2161 1779 2199 eisdem
1794 2162 1928 2200 abbate
1941 2166 1977 2200 et

429 2221 632 2263 conventu,
649 2218 801 2254 nomine
821 2218 1005 2268 ipsorum,
1025 2232 1150 2256 coram
1168 2220 1275 2258 vobis
1293 2220 1448 2258 domino
1463 2220 1614 2258 officiali
1627 2225 1664 2257 et
1677 2220 1748 2258 sub
1763 2221 1975 2258 testimonio

431 2276 601 2313 omnium
619 2276 838 2323 astantium,
860 2290 881 2313 a
902 2277 1093 2327 praedicto
1115 2278 1234 2329 legato
1259 2283 1295 2316 et
1319 2280 1399 2329 ejus
1421 2279 1703 2327 executoribus,
1730 2292 1816 2317 cum
1842 2292 1972 2317 eorum

470 2397 477 2410 ¹
500 2395 590 2421 Simon
605 2394 638 2420 de
653 2394 716 2421 Brie
729 2403 765 2421 ou
779 2395 878 2428 Briau,
892 2396 1013 2423 cardinal
1027 2405 1060 2424 en
1076 2397 1158 2424 1265.
1179 2399 1200 2425 ΙΙ
1220 2399 1328 2432 devint,
1344 2408 1378 2426 cn
1393 2399 1480 2432 ¹28¹,
1494 2408 1563 2435 pape
1575 2408 1638 2427 sous
1651 2400 1676 2426 le
1689 2407 1752 2426 nom
1765 2399 1799 2425 dc
1813 2398 1911 2426 Uartin
1923 2399 1969 2426 lv.
