2184 3074
733 306 892 343 coum
921 306 1168 344 DUNENsls.
1645 308 1710 346 251

881 451 1039 490 CXLVl.

407 562 580 598 slldmoe're
594 559 761 610 presente
773 571 848 607 par
861 557 1052 607 plusieurs
1069 556 1250 606 reliqieeaa·
1266 557 1309 594 (le
1332 556 1490 595 Tho-san.

237 742 557 781 Reverendissimo
576 742 670 792 patri
698 755 740 778 ac
765 741 918 778 domino
939 741 975 778 in
995 740 1142 778 Christo
1162 740 1368 786 karissimo,
1385 740 1430 777 Y.
1449 741 1562 791 prior,
1579 741 1613 779 J.
1628 754 1719 778 con-

185 802 311 848 sessor,
343 802 386 840 H.
417 800 628 839 cellerarius
644 803 665 846 ¹,
692 799 882 838 lohannes
916 799 963 836 de
992 799 1229 846 Bassevclde,
1255 799 1382 837 Petrus
1413 800 1460 836 de
1485 799 1718 846 Zucnloerke,

186 858 431 906 Reinverdus7
458 858 648 897 Jobannes
674 858 905 904 Crudenare,
932 857 1086 894 Michael
1113 857 1159 894 de
1180 858 1416 905 Zuenkeer
1439 858 1653 909 Riquardus
1674 858 1720 894 de

186 915 394 963 Morkerke,
413 917 445 956 J.
466 917 512 954 de
528 916 675 963 Axella,
694 916 849 954 salutem
872 929 956 952 cum
977 915 1078 952 omni
1097 916 1299 953 reverentia
1317 916 1534 965 subjectiva.

234 975 327 1012 Cum
346 975 524 1012 relatione
539 973 781 1011 didicerimus
795 973 868 1010 fide
881 973 994 1023 digna
1009 978 1045 1010 et
1057 972 1307 1010 verisimiliter
1325 986 1603 1024 praesumamus
1617 974 1719 1025 quod

186 1033 267 1071 talis
286 1033 396 1071 statui
421 1033 537 1071 nostri
563 1032 775 1070 monasterii
803 1032 969 1069 tribulati
995 1031 1102 1081 cujus
1129 1045 1237 1069 causa
1265 1032 1335 1069 l'uit
1352 1045 1420 1083 pro
1445 1045 1578 1083 magna
1597 1037 1718 1083 ραι-ιο,

187 1105 261 1130 non
280 1091 526 1143 compatiens‚
545 1091 674 1129 obesse
692 1090 860 1128 intendat
876 1091 1001 1141 potius
1020 1103 1133 1141 quam
1153 1091 1343 1141 prodesse,
1364 1091 1624 1142 propositurus
1642 1092 1719 1128 sor-

186 1150 280 1188 sitan
299 1150 424 1201 aliqua
441 1154 478 1188 et
493 1150 664 1196 licturus,
681 1150 782 1187 unde
800 1150 838 1187 in
854 1154 980 1187 nostro
999 1149 1242 1195 monasterio,
1256 1149 1358 1200 quod
1371 1154 1512 1188 avertat
1524 1151 1720 1196 Dominus,

187 1209 384 1261 ampliores
410 1208 639 1246 turbationes
665 1213 842 1259 poterunt
865 1208 1078 1259 provenire,
1098 1208 1335 1245 reverendam
1356 1209 1612 1259 paternitatem
1638 1221 1720 1245 ves-

189 1272 281 1312 tram
301 1280 386 1304 cum
405 1267 508 1304 omni
527 1279 600 1318 qua
617 1267 790 1304 convenit
812 1266 1021 1304 humilitate
1044 1266 1270 1317 requirimus
1291 1271 1327 1303 et
1346 1280 1519 1317 rogamus
1536 1271 1720 1318 quatenus

187 1326 306 1363 eidem
329 1339 405 1363 non
430 1325 636 1363 adhibeatis
653 1325 766 1363 fidem
786 1338 983 1376 quousque
1001 1338 1021 1362 a
1044 1325 1153 1363 nobis
1175 1330 1211 1363 et
1233 1325 1314 1363 aliis
1333 1325 1407 1362 fide
1420 1326 1543 1377 dignis
1561 1331 1719 1363 vestram

188 1384 430 1422 reverentiam
449 1384 644 1436 contigerit
656 1384 804 1435 plenius
819 1385 1023 1421 informari.
1044 1384 1135 1421 Nam
1155 1385 1282 1422 multis
1297 1385 1605 1422 concurrentibus
1619 1384 1719 1421 aliud

187 1443 323 1481 sentire
341 1456 416 1480 non
435 1456 635 1494 possumus
652 1434 766 1494 quam
785 1442 887 1493 quod
906 1443 1080 1480 ecclesiae
1097 1447 1242 1480 nostrae
1257 1456 1332 1480 non
1348 1457 1503 1494 parcens
1517 1448 1593 1480 toto
1607 1456 1721 1480 cona-

190 1500 291 1539 mine
316 1501 483 1539 turbabit
506 1501 693 1548 eamdem,
708 1514 820 1552 super
837 1514 913 1552 quo
939 1506 1056 1538 vestra
1075 1501 1340 1552 circumspecta
1365 1501 1595 1552 paternitatis
1617 1514 1722 1538 com-

188 1559 369 1612 passionis
386 1558 580 1597 effundens
597 1559 737 1596 viscera
751 1559 948 1610 providero
967 1559 1152 1609 dignetur,
1169 1559 1198 1596 si
1215 1560 1420 1610 contigerit,
1435 1559 1634 1610 benignius
1652 1559 1722 1596 ob-

190 1620 340 1658 viando.
360 1623 426 1656 etc.

878 1675 999 1685 -οοον-

872 1798 1042 1837 CXLVll.

192 1906 419 1960 Guillaume,
437 1906 523 1944 abbe
542 1906 585 1943 de
607 1906 767 1950 Thosan,
787 1918 916 1955 eaepose
933 1906 956 1942 (ὶ
975 1904 1086 1942 ίάὀόέ
1103 1905 1146 1942 de
1164 1904 1368 1942 Clairvauae
1381 1904 1431 1942 les
1445 1911 1537 1942 actes
1550 1905 1594 1942 de
1609 1905 1724 1943 re'bel—

241 1964 316 2003 lion
340 1964 384 2002 de
409 1965 568 2002 certains
593 1966 728 2001 moines
750 1969 783 2000 et
807 1964 851 2000 de
872 1964 1029 2001 certabas
1054 1963 1174 2012 freres
1203 1974 1353 2000 convers
1378 1969 1500 2000 cont-re
1526 1962 1639 2000 l'abbe'
1661 1964 1724 2001 des

244 2024 378 2060 Dtmes.

243 2187 459 2224 Reverendo
487 2186 526 2223 in
558 2187 706 2224 Christo
738 2187 832 2237 patri
864 2200 906 2223 ac
937 2186 1091 2223 domino
1122 2186 1275 2222 domino
1305 2185 1337 2222 J.
1363 2183 1565 2221 venerabili
1600 2184 1724 2221 abbati

195 2244 453 2283 Clarevallensi
471 2245 626 2283 devotus
644 2245 723 2296 ejus
743 2246 854 2283 frater
869 2246 942 2292 W..J
962 2245 1114 2283 humilis
1128 2245 1242 2282 abbas
1257 2244 1303 2281 de
1317 2243 1502 2294 Cappella‚
1517 2243 1672 2280 salutem
1690 2248 1726 2280 et

195 2309 269 2341 tam
289 2308 460 2354 prompte
478 2316 591 2354 quam
612 2304 737 2341 debite
753 2304 790 2341 in
810 2304 985 2342 omnibus
1004 2303 1228 2341 reverentiae
1248 2303 1478 2340 famulatum.

236 2426 244 2440 ¹
262 2423 414 2450 Guillaume
428 2423 460 2448 de
474 2423 633 2457 Suettingen.
