2184 3074
725 335 886 373 CODEX
914 332 1156 372 DUNENSlS.
1638 329 1708 364 227

178 471 281 498 mum
313 458 483 495 invocato
504 454 640 493 Christi
665 453 818 492 nomine
843 451 1050 489 nominavit
1067 454 1102 487 et
1121 450 1376 501 pronuntiavit
1396 449 1567 486 abbatem
1596 447 1711 497 ipsius

179 519 392 559 monasterii
411 519 458 556 de
475 517 638 568 Capella7
657 521 692 554 et
708 513 926 566 adimplevit
950 512 1075 551 omnia
1101 516 1136 549 et
1158 512 1302 564 singula
1327 525 1422 562 quae
1442 511 1487 548 ad
1508 511 1578 549 hoe
1598 525 1711 563 nego-

179 580 272 618 tium
291 579 476 631 pertinere
494 572 664 629 poterant
681 575 736 612 vel
755 573 951 612 debebant.
976 571 1203 622 Verumque,
1228 577 1267 608 ut
1294 572 1410 623 aliqui
1431 578 1518 610 tune
1536 575 1712 625 temporis

180 637 403 676 dicebantur
424 636 471 673 de
496 633 770 686 conspiratione
794 630 928 676 notati,
946 630 1068 668 dictus
1090 629 1266 667 dominus
1283 630 1399 668 abbas
1416 631 1462 668 de
1484 632 1604 669 Dunis
1625 633 1713 670 ‹lili-

179 700 325 748 gentem
345 693 624 746 inquisitionem
645 691 730 729 secit
747 697 874 738 eontra
888 702 968 736 eos,
986 689 1125 726 vocatis
1142 693 1177 726 et
1194 689 1351 727 astrictis
1370 691 1407 727 in
1427 691 1503 729 suis
1521 692 1715 730 eonscien-

181 755 242 794 tiis
260 753 450 792 fratribus.
471 783 478 791 .
499 782 506 790 .
527 781 534 790 .
559 757 595 789 et
614 781 620 789 .
642 781 649 788 .
670 781 677 788 .
699 767 726 796 ,ς
751 755 787 788 et
811 749 982 801 quamvis
1001 748 1179 799 praedicti
1198 749 1251 787 sic
1268 749 1382 787 notati
1401 763 1421 787 n
1442 751 1589 788 nemine
1608 765 1715 802 prae-

183 813 368 852 dictorum
393 811 606 849 dicerentur
621 809 843 860 culpabiles,
867 807 983 844 immo
1011 821 1030 843 a
1058 806 1229 857 pluribus
1256 811 1345 844 tunc
1372 808 1569 854 immunes,
1593 815 1713 846 tamen

186 883 335 909 omnem
357 868 572 920 inquirendi
598 867 751 905 ulterius
774 865 983 903 facultatem
1003 870 1038 902 et
1057 865 1190 901 borum
1211 870 1245 902 et
1270 865 1427 903 aliorum
1451 867 1717 905 correctionem

187 930 217 967 si
235 941 310 980 qua
327 927 439 965 fuerit
456 925 668 964 adhibenda
682 925 753 963 sibi
767 924 876 962 duxit
889 923 1009 960 dictus
1024 923 1198 960 (lominus
1217 923 1331 961 abbas
1350 924 1395 961 de
1412 924 1533 962 Dunis
1551 924 1588 962 in
1609 925 1718 976 pleno

187 987 350 1039 capitulo
370 985 640 1023 reservandam.
659 984 734 1022 Nee
753 983 811 1020 isti
830 982 883 1019 sie
902 982 1015 1019 notati
1035 982 1206 1032 quamvis
1225 996 1243 1019 a
1264 983 1389 1021 multis
1413 984 1596 1022 immunes
1616 984 1720 1034 judi-

187 1045 258 1083 cati
291 1057 419 1082 vocem
446 1044 483 1081 in
515 1043 694 1080 electione
724 1040 1008 1092 quomodolibet
1041 1040 1262 1077 habuerunt.
1295 1041 1339 1078 Et
1372 1042 1572 1092 praemissa
1595 1044 1719 1079 «munia

186 1111 223 1144 et
239 1106 385 1158 singula
403 1105 658 1156 reputavimus
679 1103 748 1141 rite
769 1108 847 1140 aeta
867 1107 903 1139 et
916 1102 1054 1139 eisdem
1076 1102 1331 1149 interfuimus?
1351 1104 1451 1142 dicto
1469 1105 1623 1142 domino
1642 1106 1721 1142 Du-

186 1165 292 1203 nensi
315 1165 394 1202 zelo
421 1163 563 1201 ordinis
590 1162 799 1208 assistente„
819 1166 854 1198 et
881 1161 1136 1212 praesentibus
1163 1162 1291 1199 litteris
1317 1167 1441 1200 nostra
1466 1163 1584 1213 sigilla
1610 1163 1723 1199 ‹luxi-

187 1237 269 1262 mus
287 1223 518 1275 apponenda.

893 1287 1007 1298 —o-ooe—

891 1429 1028 1482 exui.

280 1549 511 1587 Mandemenl
535 1547 669 1597 relatis
687 1560 764 1585 aux
789 1547 973 1584 discordes
999 1549 1064 1597 qm·
1089 1550 1239 1597 refluunt
1265 1548 1358 1583 dnus
1387 1549 1416 1583 le
1444 1552 1645 1584 mmeasliere

847 1605 891 1642 de
912 1604 1068 1642 Tltosan.

248 1800 429 1838 Noveritis
448 1800 550 1851 quod
578 1813 662 1837 eum
687 1799 782 1836 inter
804 1812 871 1837 nos
893 1799 1167 1850 aliquantulum
1195 1799 1421 1846 discordiae,
1445 1801 1508 1837 illo
1526 1809 1731 1852 praestant«-

198 1861 402 1897 l'omentum
430 1859 495 1910 qui
522 1858 679 1895 libenter
706 1858 813 1910 ponit
839 1858 1020 1895 maculam
1044 1858 1082 1894 in
1106 1858 1245 1904 electis,
1267 1864 1436 1896 exortum
1465 1861 1605 1906 suisset,
1635 1864 1732 1899 und«-

198 1917 446 1969 quorumdam
465 1929 586 1962 aures,
606 1921 647 1953 ut
660 1916 869 1963 dicebatur,
888 1916 1035 1953 fuerant
1049 1915 1300 1966 propulsatae,
1317 1922 1354 1954 et
1367 1922 1535 1967 poterant
1550 1920 1734 1957 verisimi-

200 1977 284 2014 liter
305 1977 341 2013 in
365 1976 445 2027 ipso
467 1975 690 2012 monasterio
715 1975 762 2012 (le
786 1975 935 2026 Capella
960 1975 1084 2026 gravia
1111 1974 1247 2011 exinde
1265 1976 1436 2012 scandala
1462 1981 1495 2013 ct
1526 1978 1732 2015 animarum

199 2034 362 2085 pericula
382 2034 598 2084 provenire,
614 2046 695 2080 nos,
714 2033 852 2070 saniori
868 2033 971 2070 ducti
989 2033 1163 2077 consilio,
1179 2033 1224 2070 ad
1244 2034 1480 2071 concordiam
1501 2036 1650 2082 reversi„
1677 2051 1735 2075 re-

200 2098 461 2145 cognoscentes
475 2106 543 2130 nos
561 2093 684 2130 minus
700 2091 855 2144 provide
870 2092 983 2130 fuisse
999 2098 1118 2130 motos
1133 2097 1168 2130 et
1181 2092 1287 2129 aliter
1299 2106 1411 2143 quam
1426 2093 1590 2140 decebat²
1600 2095 1735 2133 evitare

200 2152 364 2207 volentes
390 2151 552 2202 pericula
580 2157 616 2188 et
634 2151 806 2188 scandala
827 2150 1038 2202 supradicta
1064 2164 1106 2187 ac
1134 2163 1261 2201 pacem
1286 2163 1463 2201 quaerere
1487 2153 1676 2203 propriam
1702 2159 1735 2191 et

201 2210 356 2248 salutem
368 2238 377 2255 ‚
395 2212 525 2246 vocato
542 2209 663 2246 adhoc
685 2208 888 2246 reverendo
908 2213 1012 2259 patre
1029 2208 1184 2246 domino
1202 2208 1335 2245 abbate
1353 2207 1399 2245 de
1416 2208 1536 2247 Dunis
1554 2215 1590 2247 et
1610 2217 1736 2263 rogato

204 2268 240 2305 in
263 2267 516 2305 testimouium
545 2278 657 2317 super
683 2279 746 2314 eo,
777 2279 822 2303 ne
849 2266 992 2303 diutius
1019 2265 1315 2303 distraherentur
1340 2271 1480 2304 mentes
1506 2272 1570 2304 aut
1593 2268 1739 2307 dissen-

205 2324 311 2363 cendi
338 2324 398 2362 via
419 2329 558 2375 pateret
580 2324 662 2362 aliis
682 2338 750 2375 per
774 2324 1008 2375 exemplum,
1027 2336 1154 2374 pacem
1173 2330 1405 2374 perpetuam,
1425 2325 1535 2362 linem
1556 2331 1591 2363 et
1609 2329 1739 2365 remis-

205 2383 347 2422 sionem
377 2395 419 2420 ae
451 2383 598 2433 plenam
629 2383 867 2420 concordiam
900 2387 1024 2420 nostra
1058 2382 1213 2420 fecimus
1243 2387 1443 2433 spontanea
1471 2385 1660 2422 voluntate
1693 2388 1739 2425 de

209 2444 385 2482 omnibus
403 2449 437 2481 et
454 2444 610 2494 singulis
636 2457 732 2495 quae
753 2445 863 2482 modo
877 2444 1045 2495 quolibet
1063 2457 1180 2494 usque
1196 2444 1232 2481 in
1251 2444 1350 2481 diem
1366 2451 1592 2495 praesentem
1613 2453 1738 2484 exorta
