2184 3074
755 294 917 333 CODEX
943 293 1187 333 DUNENSIS.
1332 345 1339 351 .
1713 301 1735 337 5

199 413 388 451 neratione
413 412 553 464 quibus
575 412 698 458 decet,
726 411 804 448 fieri
826 411 986 458 faciatis,
1018 415 1060 447 ut
1090 415 1235 461 praeter
1261 411 1543 449 retributionem
1571 414 1676 452 vobis
1702 421 1733 451 et

151 487 153 489 ·
198 473 328 512 vestris
352 472 514 510 ecclesiis
539 477 731 509 teneamur
755 471 801 508 ad
823 475 943 522 grates
968 475 1004 508 et
1025 471 1161 521 gratias
1191 471 1379 522 speciales.

911 594 1029 603 w

942 726 999 765 lV.

198 845 250 882 Le
271 847 474 882 manascere
493 844 554 882 des
574 844 700 882 Dunes
720 843 910 894 s’enqaqe,
929 843 1214 893 conforme'ment
1237 844 1259 880 ἀ
1286 858 1338 881 κη
1361 844 1450 896 bref
1469 847 1519 884 du
1542 860 1639 899 pape
1657 850 1738 888 αρ’-

248 911 345 943 ment
362 905 410 950 V,
429 905 452 942 ἀ
475 905 630 954 fournir
648 905 670 941 ἀ
694 917 746 941 un
762 909 906 941 recteur
923 904 1067 941 nomme'
1089 903 1238 942 Nicolas
1265 904 1314 942 les
1339 918 1487 956 moyam
1504 908 1684 947 d’efludier
1701 911 1736 948 la

249 963 430 1014 theoloyie.

248 1137 432 1176 Noveritis
458 1149 526 1174 nos
545 1137 682 1174 litteras
708 1135 850 1173 domini
875 1149 992 1187 papae
1018 1150 1092 1174 non
1118 1139 1354 1186 cancellatas,
1378 1153 1452 1178 non
1476 1143 1650 1189 abolitas,
1671 1159 1737 1184 ne(-

199 1198 236 1234 in
254 1196 380 1247 aliqua
399 1195 455 1233 sui
476 1199 580 1245 parte
596 1194 758 1240 vitiatas,
776 1194 958 1244 recepisse
976 1194 1014 1231 in
1034 1195 1123 1232 haec
1141 1196 1252 1233 verba
1272 1212 1279 1233 :

251 1272 268 1289 «
290 1255 478 1300 Clemens,
497 1258 579 1300 ete.,
597 1253 739 1290 decano
756 1253 956 1290 Morinensi
974 1283 983 1299 ,
1002 1258 1069 1290 etc.
1095 1255 1188 1291 Cum
1213 1255 1371 1294 dilectus
1394 1258 1494 1296 filius
1517 1260 1735 1302 Nicholaus.

201 1318 320 1352 rector
340 1342 347 1350 .
368 1342 376 1350 .
398 1311 616 1350 lllorinensis
633 1311 838 1361 dyoecesis,
857 1311 1002 1362 cupiat,
1025 1311 1122 1349 sicut
1139 1313 1284 1358 asserit,
1307 1314 1353 1351 ad
1376 1315 1603 1369 theologicae
1621 1321 1738 1359 facul-

201 1373 284 1411 tatis
301 1371 467 1410 studium
487 1384 525 1409 se
543 1371 758 1418 transferre,
777 1370 991 1408 discretioni
1013 1375 1114 1418 tuac,
1132 1385 1218 1408 cum
1237 1373 1368 1410 eclesia
1393 1374 1612 1416 Morinensis
1636 1388 1740 1419 vacet

201 1431 247 1469 ad
269 1443 460 1482 praesens,
480 1443 546 1481 per
571 1429 772 1480 apostolica
799 1429 934 1480 scripta
960 1429 1181 1467 mandamus
1199 1435 1398 1481 quatenus,
1417 1434 1447 1471 si
1473 1441 1528 1472 est
1549 1436 1680 1477 docilis
1703 1446 1739 1477 et

202 1490 313 1528 habet
329 1489 496 1526 animum
522 1488 568 1525 ad
590 1487 816 1526 studendum
829 1516 838 1534 ,
857 1487 977 1525 eidem
997 1488 1213 1538 hujusmodi
1233 1490 1356 1528 studio
1375 1491 1558 1531 insistenti
1578 1509 1738 1546 proven—

201 1553 260 1586 tus
286 1561 372 1586 suos
398 1546 663 1585 ecclesiasticos
686 1547 794 1596 juxta
820 1546 1122 1584 constitutionem
1149 1561 1169 1585 a
1197 1548 1317 1586 bonae
1346 1552 1545 1589 memoriae
1573 1554 1738 1595 Honorio

201 1621 296 1659 papa
314 1607 596 1658 praedecessore
615 1610 742 1642 nostro
760 1605 897 1642 editam
917 1605 1027 1643 facias
1047 1606 1188 1657 integre
1207 1607 1410 1646 ministrari
1435 1640 1735 1653 ,,,,,,,,,

201 1665 350 1717 proviso
370 1678 416 1702 ne
435 1664 472 1701 in
492 1663 660 1701 fraudem
680 1663 956 1701 constitutionis
974 1664 1140 1714 ejusdem
1160 1665 1303 1716 aliquid
1321 1672 1560 1719 attemptetur
1577 1678 1613 1709 et
1636 1677 1738 1724 quod

202 1724 300 1761 idem
324 1728 445 1760 rector
470 1723 618 1760 interim
640 1722 748 1759 saciat
772 1721 891 1758 eidem
914 1721 1089 1759 ecclcsiae
1115 1736 1181 1773 per
1199 1723 1390 1773 ydoneum
1408 1726 1588 1767 vicarium
1613 1731 1739 1770 deser-

201 1784 282 1821 viri.
302 1784 459 1828 Datum,
478 1787 546 1820 etc.
576 1799 594 1815 υ

250 1842 343 1878 Cum
368 1840 482 1891 igitur
510 1840 617 1877 nobis
645 1839 851 1877 eonstiterit
867 1839 969 1890 quod
988 1839 1086 1876 idem
1111 1841 1287 1891 magister
1313 1842 1447 1881 docilis
1471 1845 1519 1882 sit
1542 1852 1577 1883 et
1607 1848 1738 1887 habeat

201 1901 368 1938 animum
395 1899 441 1936 ad
466 1898 711 1946 studendum,
735 1903 771 1936 et
792 1903 942 1950 paratus
964 1901 1012 1936 sit
1029 1903 1064 1936 et
1082 1899 1212 1936 offerat
1230 1913 1354 1938 coram
1377 1903 1486 1941 nobis
1506 1906 1608 1955 quod
1630 1921 1739 1957 prae·

202 1960 321 1998 dictae
351 1958 525 1996 ecclesiae
556 1959 664 1996 faciet
690 1972 758 2009 per
787 1958 977 2008 ydoneum
1009 1958 1190 1996 vicarium
1221 1959 1419 2006 deserviri,
1448 1975 1560 2013 super
1591 1965 1672 2002 aliis
1699 1967 1735 2004 in

202 2018 379 2068 rescripto
404 2017 547 2054 domini
567 2030 685 2068 papae
704 2017 888 2054 contentis
907 2017 1016 2054 nohis
1041 2017 1332 2064 directo,.vobis
1355 2024 1390 2056 et
1406 2020 1556 2071 utrique
1574 2027 1735 2061 vestrum

203 2075 470 2114 committimus
497 2075 596 2112 vices
622 2079 785 2122 nostras,
810 2075 858 2112 ita
883 2079 1004 2112 tamen
1031 2075 1133 2126 quod
1160 2077 1190 2114 si
1219 2077 1265 2113 ad
1292 2078 1489 2127 praemissa
1521 2080 1632 2118 ambo
1663 2095 1737 2120 non

205 2134 350 2186 possitis
376 2133 570 2180 interesse,
596 2134 653 2171 vel
681 2147 756 2171 non
785 2133 928 2171 fueritis
960 2133 1150 2184 requisiti,
1179 2134 1270 2171 alter
1300 2136 1401 2173 solus
1433 2138 1620 2187 negotium
1654 2153 1739 2178 exe-

204 2198 351 2244 quatur.

923 2325 1035 2336 ——oooe
