2184 3074
443 256 515 292 542
999 255 1159 293 CODEX
1187 257 1435 294 DUNENSlS.

445 372 593 411 ballivis
615 376 651 409 et
670 371 881 421 justitiariis
903 370 984 408 aliis
1010 370 1113 421 regni
1136 371 1253 408 nostri
1272 371 1319 407 ad
1337 385 1432 422 quos
1456 377 1665 422 praesentes
1689 374 1830 412 litterae
1852 389 1983 426 perve—

447 431 570 467 nerint
588 430 755 467 salutem.

494 489 588 526 Cum
606 488 762 524 dilectus
782 487 819 524 in
839 486 986 524 Christo
1004 491 1040 524 et
1059 487 1180 524 fidelis
1203 491 1329 524 noster
1346 487 1461 525 abbas
1475 488 1728 527 cisterciensis
1745 491 1986 541 compositio-

447 560 531 584 nem
553 551 589 583 et
609 546 800 583 finantiam
818 545 865 585 de
882 549 980 582 certa
1002 545 1183 596 pecuniae
1202 559 1347 583 summa
1367 546 1476 583 nobis
1494 547 1604 584 certis
1621 548 1798 586 solvenda
1817 548 1987 587 terminis

447 605 643 642 nobiscum
663 604 805 650 fecerit,
825 608 898 641 tam
921 616 988 654 pro
1007 617 1045 641 se
1070 616 1184 654 quam
1210 617 1278 655 pro
1306 617 1374 641 suo
1402 609 1480 642 toto
1505 606 1639 643 ordine
1658 606 1762 657 regni
1784 607 1899 644 nostri
1918 621 1986 658 pro

446 663 614 703 subsidio
635 662 867 713 supradicto,
887 662 1108 699 mandamus
1131 662 1237 699 vobis
1255 667 1291 699 et
1309 667 1472 700 vestrum
1491 664 1648 715 singulis
1667 669 1852 715 quatenus
1869 665 1987 703 abba-

446 726 518 758 tem
535 721 765 772 praedictum
785 725 821 757 et
838 720 1035 757 coabbates
1053 733 1139 757 suos
1157 725 1221 757 aut
1236 720 1326 757 alias
1346 721 1533 770 quaslibet
1550 735 1727 772 personas
1741 723 1831 760 dicti
1844 723 1987 762 ordinis

446 780 639 816 occasione
663 779 874 816 nullatenus
898 778 1117 824 molestetis,
1137 782 1173 815 et
1190 778 1373 829 quicquid
1396 779 1550 816 forsitan
1576 780 1624 817 ab
1643 781 1835 831 aliquibus
1857 794 1987 820 eorum

442 840 518 890 jam
538 843 727 889 receptum
743 838 869 884 fuerit,
884 838 1084 875 restituatis
1099 838 1254 884 eisdem,
1269 838 1444 888 ipsosque
1458 838 1621 876 reddatis
1635 852 1748 890 super
1763 839 1834 877 hiis
1849 839 1989 877 immu-

446 912 529 944 nes,
556 897 777 948 transcripto
804 897 1054 948 praesentium
1081 897 1152 934 sub
1178 897 1366 934 autentico
1394 897 1518 948 sigillo
1545 898 1694 948 plenam
1721 898 1834 935 fidem
1862 899 1988 949 quoad

447 957 536 993 haec
555 957 591 993 in
611 957 756 993 defectu
775 955 967 1006 originalis
989 955 1205 1004 hujusmodi
1225 955 1459 993 adhibentes.

1151 1082 1262 1090 qv.—

1140 1223 1292 1262 CCVXl.

447 1341 628 1392 L’official
652 1341 841 1379 d'Utrecht
865 1343 1116 1379 excommunic
1142 1342 1203 1379 des
1227 1342 1347 1392 freres
1377 1354 1525 1379 convers
1552 1341 1604 1378 du
1635 1341 1773 1379 diocese
1802 1341 1992 1379 d’Utrecht

634 1401 700 1451 qui
717 1401 862 1437 avaient
879 1400 1066 1437 malli-aite'
1081 1400 1180 1437 deux
1195 1400 1316 1450 freres
1334 1400 1378 1437 de
1396 1399 1558 1450 l’abbaye
1576 1400 1620 1437 de
1643 1399 1800 1438 Thosan.

498 1605 675 1641 Officialis
695 1603 1017 1641 archidiaconatus
1034 1602 1279 1652 Trajectensis
1298 1593 1481 1639 universis
1497 1602 1734 1653 presbiteris,
1752 1601 1991 1639 ecclesiarum

449 1663 670 1709 rectoribus,
698 1663 896 1713 capellanis
923 1668 958 1699 et
984 1662 1126 1699 clericis
1153 1661 1235 1698 aliis
1259 1674 1325 1711 per
1351 1660 1696 1697 archidiaconatum
1722 1660 1993 1710 Trajectense'm

450 1722 659 1759 constitutis
685 1722 730 1758 ad
761 1735 856 1772 quos
880 1726 1089 1771 praesentes
1122 1721 1263 1757 litterae
1293 1719 1531 1770 pervenerint
1557 1719 1715 1756 salutem
1748 1718 1787 1755 in
1817 1718 1991 1755 Domino.

498 1780 655 1817 Gravem
676 1780 949 1830 querimoniam
973 1780 1117 1817 abbatis
1137 1784 1172 1816 et
1193 1784 1398 1816 conventus
1422 1778 1636 1815 monasterii
1663 1778 1709 1815 de
1727 1777 1892 1823 Thosan,
1911 1778 1992 1814 Cis-

450 1839 639 1875 terciensis
653 1838 811 1884 ordinis,
826 1838 1069 1876 Tornacensis
1085 1838 1272 1887 dyocesis,
1287 1837 1499 1887 accepimus
1514 1837 1769 1874 continentem
1788 1838 1890 1888 quod
1910 1836 1992 1874 talis

449 1901 484 1933 et
514 1897 611 1942 talis„
637 1897 880 1946 Trajectensis
909 1897 1092 1947 dyocesis,
1119 1898 1157 1933 in
1183 1910 1313 1934 eorum
1340 1897 1562 1942 confratres,
1586 1895 1760 1932 videlicet
1791 1895 1830 1932 in
1862 1897 1992 1933 fratres

450 1955 682 1992 W'illelmum
704 1961 739 1993 et
755 1956 982 2002 Johannem2
1002 1969 1133 1993 manus
1152 1955 1360 2005 injecerunt
1377 1959 1513 1992 temere
1527 1954 1707 1991 violentas
1718 1983 1727 1999 .‚
1743 1967 1805 1991 eos
1821 1953 1994 1990 atrociter

450 2015 561 2051 armis
591 2015 839 2060 vulnerando,
869 2020 905 2051 et
936 2015 974 2051 in
1005 2014 1096 2051 alios
1124 2027 1255 2051 eorum
1285 2014 1489 2050 confratres
1522 2012 1655 2050 manus
1689 2011 1901 2062 injecerunt
1931 2025 1992 2048 eos

450 2073 610 2123 graviter
625 2073 824 2119 laedendo,
843 2073 933 2110 citra
951 2073 1143 2123 sanguinis
1162 2072 1380 2110 effusionem
1399 2085 1461 2109 eos
1477 2071 1554 2108 suis
1573 2071 1686 2108 rebus
1705 2070 1918 2121 spoliantes.

499 2132 621 2179 Quare
649 2131 755 2168 vobis
782 2132 966 2169 universis
988 2137 1023 2168 et
1050 2132 1206 2182 singulis
1233 2131 1464 2182 presbiteris,
1494 2129 1735 2167 ecclesiarum
1769 2128 1992 2174 rectoribus,

451 2191 649 2240 capellanis
668 2196 704 2228 et
721 2192 863 2229 clericis
886 2192 967 2229 aliis
989 2192 1212 2242 supradictis
1237 2191 1307 2228 sub
1331 2203 1450 2241 poena
1476 2189 1732 2240 suspensionis
1751 2189 1798 2225 ab
1817 2188 1940 2225 officio
1957 2191 1994 2224 et

452 2250 847 2287 excommunicationis
888 2251 982 2288 latae
1020 2250 1223 2287 sententiae
1264 2249 1430 2286 districte
1467 2247 1732 2299 praecipiendo
1772 2246 1992 2283 mandamus

452 2313 635 2358 quatenus
665 2309 788 2345 statim
818 2310 906 2347 visis
941 2309 1216 2360 praesentibus,
1246 2308 1461 2345 accedentes
1493 2307 1558 2344 ubi
1591 2310 1744 2357 propter
1775 2306 1847 2342 hoc
1881 2305 1993 2341 fuerit

453 2366 722 2413 accedendum,
746 2368 925 2405 moneatis
949 2368 1157 2418 praedictos
1177 2367 1430 2404 malefactores
1452 2365 1673 2403 nominatim
1697 2368 1732 2401 et
1757 2363 1796 2400 in
1819 2362 1940 2413 specie
1957 2366 1993 2399 et
