2184 3074
752 279 914 317 CODEX
944 280 1186 318 DUNENSlS.
1668 284 1739 321 0255

202 397 333 448 culpae
350 397 616 448 poenitentiam
634 396 831 434 salutarem
851 399 887 432 et
903 395 974 432 alia
990 408 1086 446 quae
1103 395 1150 433 de
1167 395 1253 446 jure
1270 397 1322 434 eis
1341 398 1479 435 fuerint
1499 398 1737 450 injungenda.

201 456 351 508 proviso
378 456 482 507 quod
511 469 623 507 super
653 455 723 493 hoc
748 467 895 506 semper
918 455 1062 492 domini
1093 468 1210 506 papae
1236 456 1344 506 juxta
1370 457 1527 494 sormam
1557 458 1740 496 Ecclesiae

202 515 385 553 mandatis
399 514 596 566 parebunt,
610 514 821 564 facientque
836 513 938 550 illam
952 513 1220 564 poenitentiam
1234 528 1348 566 quam
1363 515 1434 552 sibi
1449 515 1599 554 duxerit
1613 517 1741 567 injun-

200 573 377 626 gendam,
400 572 580 624 quodque
603 585 671 624 per
691 571 879 623 praedicta
906 571 1070 622 perjuria
1097 571 1143 608 ad
1169 572 1459 611 satisfactionem
1489 578 1685 613 teneantur
1707 581 1740 613 et

201 631 428 671 satisfaciant
443 634 705 682 competenter,
719 635 756 668 et
767 630 798 668 si
813 630 913 668 licita
926 630 1002 668 sint
1009 630 1238 680 juramenta,
1252 631 1298 668 ad
1316 644 1445 669 eorum
1464 633 1739 672 observantiam

203 689 374 735 redeant,
389 694 432 727 ut
448 693 631 727 tenentur.
650 689 745 726 Cum
769 689 842 727 illis
860 702 948 726 vero
967 689 1032 740 qui
1050 690 1241 740 praedicto
1260 690 1372 728 modo
1391 691 1492 742 ligati
1512 706 1579 743 per
1596 692 1742 743 simpli-

203 747 350 786 citatem
369 753 405 786 et
418 748 514 799 juris
532 748 780 799 ignorantiam
804 747 954 785 ordines
979 753 1215 799 receperunt,
1238 749 1499 788 ministrarunt
1518 751 1556 788 in
1576 751 1666 802 ipsis
1684 751 1740 788 vel

203 807 292 846 alias
309 820 348 845 se
366 807 602 845 immiscuere
620 807 778 854 divinis,
795 806 848 844 eis
865 806 912 844 ad
932 811 1078 858 tempus
1090 837 1100 854 ,
1118 812 1230 858 prout
1249 808 1425 858 expedire
1443 809 1598 855 videris,
1625 823 1692 860 per
1708 814 1743 846 te

202 866 260 903 vel
281 866 416 913 alium,
434 870 476 903 ut
496 865 736 917 praedicitur,
754 865 812 902 vel
834 865 925 902 alios
952 879 1038 903 cum
1062 866 1135 903 illis
1157 867 1222 917 qui
1243 867 1400 904 scienter
1418 867 1503 904 talia
1523 880 1597 904 non
1620 873 1742 905 tamen

202 925 241 962 iu
260 929 515 975 contemptum
533 923 695 961 clavium
709 929 1051 974 praesumpserunt,
1070 938 1135 975 per
1149 925 1344 962 biennium
1361 939 1381 962 a
1395 939 1549 963 suorum
1566 926 1741 963 ordinum

201 983 420 1021 executione
436 982 659 1034 suspendas,
678 982 827 1019 tandem
846 982 1136 1033 suffragantibus
1153 983 1205 1020 eis
1225 984 1382 1031 meritis,
1399 984 1548 1035 alioque
1564 985 1743 1022 canonico

202 1054 277 1078 non
301 1041 471 1078 obstante
493 1053 606 1091 super
631 1040 900 1090 irregularitate
930 1054 975 1077 ex
1000 1041 1212 1092 praemissis
1239 1046 1425 1079 contracta
1453 1047 1489 1080 et
1515 1042 1568 1080 sic
1592 1056 1744 1093 suscep-

201 1105 325 1138 torum
343 1100 562 1138 executione
579 1099 755 1137 ordinum
781 1099 1070 1137 misericorditer
1088 1101 1304 1138 auctoritate
1328 1101 1514 1151 praedicta
1540 1101 1743 1152 dispenses,

202 1159 402 1210 Proprium
420 1163 543 1196 autem
558 1158 587 1196 si
602 1158 705 1209 quod
721 1157 859 1195 habent
872 1158 961 1195 dicti
981 1159 1132 1196 abbates
1152 1164 1188 1196 et
1204 1159 1413 1197 abbatissae
1431 1164 1577 1210 praeter
1593 1174 1744 1198 eorum-

202 1218 288 1256 dem
307 1217 478 1254 abbatiae
503 1216 688 1262 officium,
711 1215 904 1263 monachi,
924 1217 1121 1263 moniales,
1148 1218 1316 1255 conversi
1338 1223 1375 1254 et
1397 1230 1596 1255 conversae
1615 1219 1652 1256 in
1673 1219 1745 1256 tuis

202 1276 260 1313 vel
278 1288 408 1313 eorum
427 1279 463 1312 et
480 1287 607 1312 earum
629 1274 774 1312 abbatis
790 1274 848 1311 vel
866 1274 1074 1312 abbatissae
1092 1275 1265 1312 manibus
1284 1275 1396 1312 facias
1416 1276 1593 1326 resignari
1613 1277 1651 1313 in
1670 1277 1745 1314 uti-

203 1334 342 1372 litatem
363 1334 529 1384 ipsorum
550 1332 860 1370 monasteriorum
878 1333 926 1370 ad
945 1346 1041 1384 quae
1065 1337 1231 1384 spectare
1254 1333 1463 1371 dinoscitur
1481 1334 1639 1371 fideliter
1655 1347 1746 1372 con-

202 1391 434 1430 vertendum.
453 1391 614 1428 Acturus
632 1403 718 1428 cum
737 1390 963 1439 symoniacis
978 1391 1086 1440 juxta
1104 1395 1239 1428 statuta
1258 1391 1403 1428 consilii
1421 1393 1613 1442 generalis.

250 1451 388 1488 Datum
407 1449 598 1501 Lugduni,
622 1449 756 1501 quinto
779 1449 863 1487 idus
886 1450 1086 1496 februarii,
1114 1449 1352 1500 pontificatus
1376 1450 1519 1487 domini
1547 1452 1744 1489 Clementis

203 1522 320 1561 papae
336 1508 458 1560 quinti
477 1521 576 1546 anno
596 1508 730 1559 primo.

918 1625 1021 1636 »οσσο-

949 1777 1019 1814 CL.

252 1893 373 1930 Lettre
388 1893 556 1931 adresse'e
573 1894 597 1931 ἀ
614 1906 666 1931 un
683 1893 770 1931 abbe'
786 1894 830 1931 de
849 1893 987 1931 l'ordre
1003 1894 1049 1931 de
1066 1895 1222 1932 Citeauae
1233 1907 1335 1944 pour
1351 1894 1446 1945 qu’il
1460 1894 1560 1944 fasse
1573 1894 1694 1943 punit·

549 1951 725 1989 l’altemal
749 1951 870 2003 diri9e'
891 1958 1013 1990 contre
1037 1952 1150 1990 l’abbe'
1170 1953 1214 1990 de
1235 1952 1393 1990 Thosan.

252 2153 415 2191 Salutem
435 2158 471 2191 et
487 2154 631 2192 ordinis
648 2155 765 2192 zelare
782 2155 921 2206 jugiter
940 2155 1150 2206 puritatem.

251 2212 489 2249 Insolentiam
509 2217 545 2250 et
562 2226 714 2251 enorme
731 2215 868 2251 sactum
888 2228 956 2265 per
974 2213 1156 2264 quosdam
1176 2212 1362 2249 maleficos
1380 2215 1431 2257 et,
1448 2215 1488 2248 ut
1505 2209 1654 2255 dicitur,
1673 2223 1739 2260 per

203 2269 383 2322 quasdam
403 2283 578 2322 personas
583 2300 773 2308 ......
801 2271 904 2323 quod
928 2271 1094 2308 dolentes
1120 2269 1314 2307 referimus
1339 2282 1458 2320 nuper
1480 2268 1518 2305 in
1542 2267 1737 2318 proprium

203 2329 390 2375 abbatem,
410 2329 582 2380 propriae
608 2330 736 2368 salutis
766 2335 802 2367 et
825 2330 892 2367 Dei
921 2331 1053 2367 timore
1084 2329 1306 2380 postposito,
1329 2329 1366 2365 in
1386 2341 1497 2378 grave
1520 2326 1736 2364 scandalum

204 2387 346 2425 ordinis
365 2401 458 2425 ausu
473 2389 666 2426 temerario
680 2394 920 2440 procuratum
935 2388 1206 2439 aequanimiter
1219 2386 1507 2424 conniventibus
1524 2385 1642 2423 oculis
1659 2385 1737 2423 dis·
