2184 3074
734 325 896 364 coussx
921 326 1166 365 DUNENSlS.
1642 329 1713 366 425

185 443 258 482 rari
284 456 326 482 ac
344 443 561 494 religionem
581 442 745 493 aliquam
767 441 813 478 ‹le
835 441 1051 492 approbatis
1073 441 1232 479 intrare:
1260 456 1376 493 quare
1399 443 1512 480 iidem
1539 443 1715 494 conjuges

183 501 253 552 ipsi
273 501 422 540 officiali
444 500 636 539 humiliter
652 499 914 551 supplicarunt
930 504 1114 550 quatenus
1132 500 1222 551 ipsis
1243 500 1281 538 id
1301 501 1460 539 faciendi
1479 501 1664 539 licentiam
1679 507 1716 539 et

182 560 394 599 facultatem
420 558 622 598 concedere
645 558 872 609 dignaretur.
899 558 998 596 ldem
1021 558 1210 605 officialis,
1239 559 1470 597 considerata
1491 564 1607 598 aetate
1630 573 1719 610 pro·

183 623 286 656 vecta
308 619 476 670 ipsorum
497 617 700 668 conjugum
723 621 760 654 et
782 617 866 654 aliis
895 617 1171 656 circunstantiis
1193 618 1376 656 universis
1400 630 1496 669 quae
1520 618 1617 656 cirea
1644 618 1716 656 hu-

179 676 346 727 iusmodi
380 677 528 715 fuerant
560 674 803 721 attendenda,
838 678 985 726 recepto
1019 688 1039 712 a
1075 675 1184 714 dictis
1220 675 1444 726 conjugibus
1478 681 1516 713 et
1548 676 1717 727 quolibet

184 734 400 773 eorumdem
421 734 634 784 juramento
660 733 856 784 sollempni
884 733 1008 784 quod,
1034 746 1146 784 quam
1173 733 1247 771 cito
1273 734 1454 785 poterint,
1479 734 1642 786 aliquam
1669 734 1716 772 de

183 793 427 844 religionibus
444 793 659 845 approbatis
683 792 961 843 ingredientur,
978 797 1195 843 perpetuam
1221 793 1486 831 continentiam
1516 793 1714 838 servaturi,

184 866 313 893 eorum
334 852 522 890 devotioni
548 850 836 888 misericorditer
861 864 1030 889 annuens
1054 851 1150 889 inter
1168 852 1374 902 praedictas
1392 864 1568 902 personas
1590 851 1714 902 quoad

184 911 336 951 thorum
360 909 510 948 divortii
529 908 747 947 sententiam
771 909 949 947 canonice
974 909 1243 960 promulgavit,
1268 910 1466 961 injungens
1488 909 1627 947 eisdem
1644 908 1715 946 sub

185 969 313 1008 debito
334 968 382 1006 ab
403 967 493 1020 ipsis
512 967 678 1019 praestiti
697 967 916 1005 sacramenti
934 972 977 1004 ut
998 967 1173 1018 deinceps
1191 973 1407 1019 perpetuam
1429 967 1712 1011 continentiam,

185 1033 228 1067 ut
247 1027 514 1079 promiserant,
532 1026 777 1064 observarent
792 1030 828 1064 et
846 1026 1063 1076 religionem
1081 1039 1194 1075 quam
1227 1026 1300 1064 cito
1319 1026 1515 1065 commodo
1535 1025 1713 1076 poterint,

186 1087 385 1132 intrarent,
405 1085 585 1122 virtutum
611 1084 773 1122 Domino
796 1084 979 1122 servituri,
1005 1085 1043 1122 ln
1065 1085 1173 1135 cujus
1197 1085 1247 1122 rei
1273 1085 1524 1123 testimonium
1543 1084 1590 1121 de
1607 1097 1715 1121 man-

187 1145 273 1182 dato
299 1143 477 1195 praedicti
500 1141 642 1180 domini
668 1141 835 1179 officialis
860 1141 1023 1192 sigillum
1045 1142 1244 1180 decanatus
1266 1142 1586 1193 Ardenburgensis
1607 1155 1714 1192 prae-

187 1203 354 1242 sentibus
373 1202 503 1240 litteris
517 1201 694 1239 duximus
712 1201 987 1251 apponendum.

891 1324 998 1335 ἐ..-

871 1461 1036 1503 CCXCll.

316 1585 436 1621 Leltre
461 1583 504 1620 de
531 1574 680 1628 R'obere,
707 1589 818 1620 comte
842 1582 886 1620 de
908 1582 1093 1628 Flandre,
1120 1570 1269 1620 relative
1294 1584 1317 1620 ἁ
1344 1583 1378 1620 Ia
1400 1584 1586 1632 proprie'te

756 1641 800 1678 de
823 1641 995 1692 quelques
1022 1644 1148 1678 'tert-es.

237 1847 277 1884 ln
298 1846 448 1884 nomine
466 1846 616 1883 Domini
641 1859 764 1891 amen,
788 1859 854 1883 nos
882 1846 924 1883 R.
948 1859 1090 1892 comes,
1116 1851 1182 1883 ete.
1207 1846 1342 1883 Notum
1362 1846 1516 1883 facimus
1538 1851 1610 1882 tam
1630 1858 1716 1896 pos·-

187 1907 274 1944 teris
302 1919 414 1957 quam
445 1905 634 1943 modernis
663 1905 780 1956 quod,
812 1919 896 1943 cum
929 1919 1041 1956 super
1071 1906 1295 1956 quibusdam
1327 1906 1432 1943 terris
1464 1905 1634 1942 videlicet
1665 1910 1714 1941 tot

189 1965 372 2002 mensuris
389 1977 481 2015 quas
498 1964 594 2001 ultra
614 1976 810 2001 numerum
835 1969 1050 2002 contentum
1075 1964 1113 2000 in
1142 1964 1271 2001 litteris
1292 1964 1412 2001 clarae
1432 1963 1630 2000 memoriae
1646 1963 1715 2000 do—

189 2022 281 2059 mini
299 2022 484 2059 Gnidonis
501 2021 690 2073 quondam
710 2022 854 2060 comitis
875 2022 1084 2067 Flandriae,
1108 2022 1285 2072 genitoris
1304 2021 1438 2066 nostri,
1464 2021 1715 2058 asserebamus

191 2085 332 2126 tenore,
359 2080 446 2118 item
473 2093 585 2131 super
610 2080 807 2131 aggeribus
832 2085 868 2118 et
898 2081 967 2118 viis
997 2081 1128 2131 positis
1159 2081 1254 2118 infra
1282 2085 1461 2117 terrarum
1490 2092 1640 2117 suarum
1670 2079 1716 2116 de

190 2138 360 2176 Franken
385 2142 517 2185 metas,
534 2138 621 2176 item
639 2151 752 2189 super
774 2138 931 2189 piscaria
955 2138 1002 2175 de
1030 2139 1159 2189 Vogle‚
1187 2138 1398 2176 memoratis
1419 2137 1542 2174 abbati
1570 2142 1606 2174 et
1627 2151 1718 2175 con-

189 2196 315 2234 ventui
347 2196 588 2234 movissemus
613 2210 676 2234 seu
707 2197 846 2234 moveri
876 2197 1087 2235 fecissemus
1118 2196 1336 2247 aliquandiu
1363 2195 1552 2233 materiam
1584 2208 1719 2246 quaes·-

190 2255 317 2302 tionis,
349 2267 434 2301 nos,
462 2268 574 2306 super
591 2255 811 2306 ‚praemissis
841 2260 877 2293 et
906 2256 1062 2306 singulis
1089 2255 1298 2306 praemissis
1324 2254 1476 2292 veritate
1505 2254 1718 2305 diligentius

190 2319 436 2364 perscrutata,
461 2314 610 2365 cognito
635 2327 787 2365 quoque
811 2314 913 2365 quod
934 2314 1041 2352 nobis
1065 2314 1102 2351 in
1125 2313 1336 2365 praemissis
1355 2313 1417 2362 jus
1441 2312 1593 2350 minime
1617 2325 1720 2350 com-

191 2371 354 2422 petebat,
369 2372 529 2422 querelis
544 2372 720 2410 omnibus
737 2377 773 2410 et
789 2372 1011 2422 supradictis
1029 2372 1184 2423 singulis
1202 2372 1357 2409 omnino
1375 2370 1666 2408 renuntiavimus
1685 2376 1719 2407 ct

192 2429 475 2480 recognovimus
501 2430 613 2481 petita
637 2443 656 2466 a
681 2430 789 2468 nobis
814 2443 889 2468 non
911 2430 956 2467 ad
984 2443 1069 2476 nos,
1091 2430 1154 2467 sed
1174 2430 1220 2467 ad
1247 2429 1417 2467 abbatem
1441 2434 1477 2466 et
1494 2435 1718 2466 conventum
