2184 3074
727 291 888 330 CODEX
913 291 1157 331 DUNENSIS.
1638 293 1710 331 599

182 409 300 447 hibita
325 409 373 447 sit
396 408 602 446 canonibus
619 412 656 445 et
681 408 791 445 etiam
818 407 935 458 ipsius
962 408 1175 446 monasterii
1205 408 1534 446 Dunamundensis
1558 422 1602 446 ex
1628 409 1710 460 piae

182 461 381 504 memoriae
405 466 574 518 Gregorii
603 479 720 518 papae
750 466 839 503 noni
871 465 1162 517 praedecessoris
1185 466 1300 504 nostri
1334 466 1528 517 privilegio
1559 466 1709 516 speciali

181 526 356 564 omnibus
386 525 618 563 alienationis
647 529 857 562 contractus
883 525 978 562 foret
1005 524 1213 575 specialiter
1245 524 1479 571 interdictus,
1506 524 1710 562 temeritate

180 584 331 635 propria
351 586 582 634 occuparunt
604 587 642 620 et
662 582 830 620 detinent
846 586 1088 633 occupatum,
1107 586 1259 633 propter
1279 595 1375 633 quae
1398 582 1437 620 in
1459 582 1596 620 eisdem
1620 595 1709 633 pro-

179 641 310 679 vinciis
333 641 372 678 in
394 641 533 692 quibus
554 641 755 679 Ecclesiam
779 653 883 677 suam
909 641 1009 677 foetu
1032 653 1148 677 novae
1165 639 1281 691 prolis
1301 640 1348 677 ad
1373 640 1484 678 fidem
1510 653 1709 678 conversae

179 701 364 739 Dominus
382 700 604 751 ampliabat,
629 699 801 737 familiari
826 703 928 750 peste
951 699 1161 736 intestinam
1187 703 1379 737 exercente
1404 700 1610 747 saevitiam,
1631 712 1706 737 non

179 759 299 797 solum
318 757 410 796 fides
427 757 587 795 radicata
606 762 642 795 et
659 758 811 795 fundata
827 770 902 794 non
920 757 1084 808 proficit,
1098 758 1163 795 sed
1177 771 1223 795 ex
1236 757 1490 808 persecutione
1505 757 1706 795 domestica

178 816 321 863 deficit,
338 821 389 863 et,
408 815 478 853 nisi
497 816 606 853 celeri
625 821 840 853 occurratur
855 815 1035 862 remedio,
1053 828 1188 853 nomen
1207 815 1351 866 deperit
1367 815 1622 853 christianum.

227 874 433 912 Novissime
454 887 542 911 vero
567 874 613 911 ad
642 879 810 911 nostrum
835 874 1004 924 pervenit
1028 874 1197 910 auditum
1216 874 1318 924 quod
1339 873 1428 910 dicti
1451 878 1708 924 praeceptores

178 938 214 972 et
226 934 355 971 fratres
374 933 575 984 Hospitalis
592 932 775 983 ejusdem,
794 933 918 970 dilecti
937 932 1005 969 filii
1025 932 1162 969 nobilis
1179 932 1249 969 viri
1270 931 1463 978 Vladislai,
1477 931 1707 970 Cracoviriae

176 995 214 1029 et
231 990 491 1030 Zandomiriae
507 990 633 1037 ducis,
655 995 789 1028 terram
809 990 991 1028 hostiliter
1008 990 1259 1028 subintrantes
1284 990 1321 1027 in
1345 990 1492 1027 civitate
1509 990 1675 1040 Gdamga
1696 992 1704 1008 ³

175 1049 299 1101 gladio
318 1050 413 1087 ultra
431 1049 557 1086 decem
578 1049 679 1087 milia
699 1049 893 1086 hominum
913 1053 1166 1099 peremerunt,
1186 1049 1390 1086 infantibus
1407 1049 1642 1099 vagientibus
1667 1049 1704 1086 in

176 1108 282 1146 cunis
300 1108 429 1146 mortis
446 1108 601 1145 exitium
620 1108 834 1154 inferentes,
853 1107 992 1158 quibus
1010 1107 1121 1144 etiam
1139 1107 1255 1144 hostis
1271 1107 1356 1144 fidei
1374 1107 1606 1158 pepercisset.

225 1166 341 1204 Iidem
364 1179 515 1217 quoque
532 1170 786 1216 praeceptores
804 1170 840 1203 et
856 1166 986 1203 fratres
1002 1165 1226 1216 quamplura
1247 1165 1318 1202 alia
1339 1165 1551 1202 detestanda
1570 1165 1705 1203 dicun-

175 1229 237 1263 tur
253 1224 482 1262 committere
493 1253 502 1271 ,
519 1237 680 1275 quorum
699 1224 809 1262 series
827 1237 865 1262 se
879 1223 996 1274 magis
1013 1223 1241 1270 extenderet,
1261 1222 1290 1260 si
1309 1223 1546 1273 singulariter
1559 1223 1703 1274 singula

173 1282 432 1334 praesentibus
451 1281 722 1319 clauderentur.

222 1341 297 1379 Nos
316 1340 428 1391 igitur
445 1340 527 1391 qui,
544 1339 765 1390 disponente
782 1339 958 1386 Domino,
975 1338 1141 1389 ejusdem
1160 1339 1368 1376 dominicae
1386 1339 1514 1376 vineae
1532 1339 1701 1390 regimini

173 1398 445 1450 praesidemus,
464 1397 715 1435 desiderantes
732 1402 774 1434 ut
791 1398 830 1434 in
848 1411 890 1434 ea
909 1397 1088 1434 virtutum
1106 1397 1275 1447 palmites
1294 1397 1564 1443 convalescant,
1581 1397 1703 1436 succi-

172 1457 222 1495 sis
236 1455 397 1494 tribulis
420 1455 618 1501 vitiorum,
641 1455 870 1492 attendentes
886 1468 1039 1506 quoque
1055 1454 1158 1506 quod
1180 1455 1379 1506 praemissa
1404 1468 1501 1506 quae
1522 1455 1569 1492 de
1592 1455 1702 1493 dictis

171 1514 473 1566 praeceptoribus
495 1518 531 1551 et
556 1513 732 1551 fratribus
756 1514 968 1551 reseruntur
993 1517 1122 1562 utpote
1147 1513 1354 1563 perniciosa
1380 1518 1415 1550 et
1441 1513 1526 1551 fidei
1554 1519 1702 1552 nostrae

172 1573 354 1611 contraria
367 1601 376 1619 ,
394 1573 509 1609 immo
527 1576 747 1609 cunctorum
767 1571 902 1608 Christi
922 1571 1089 1608 fidelium
1115 1571 1290 1608 cordibus
1314 1571 1482 1619 inimica,
1500 1572 1572 1610 sub
1589 1572 1701 1610 dissi-

172 1631 375 1669 mulatione
393 1630 550 1668 transire
563 1630 662 1668 salva
679 1630 904 1667 conscientia
918 1643 1161 1681 nequeamus,
1180 1630 1453 1668 considerantes
1469 1631 1577 1668 etiam
1597 1631 1699 1682 quod

171 1689 210 1726 in
237 1689 373 1727 talibus
394 1689 540 1726 debitae
564 1689 803 1726 correctionis
820 1688 968 1726 differre
985 1689 1191 1726 remedium
1213 1689 1327 1726 nichil
1350 1694 1442 1727 esset
1460 1690 1561 1727 aliud
1586 1704 1699 1742 quam

170 1747 356 1784 licentiam
374 1747 576 1784 sceleribus
593 1747 804 1797 indulgere,
822 1747 1089 1784 Discretionem
1109 1746 1274 1785 Vestram
1293 1747 1339 1784 de
1356 1760 1517 1798 quorum
1536 1748 1698 1786 circum-

171 1806 369 1858 spectionis
389 1805 570 1843 industria
588 1806 736 1857 plenam
763 1806 801 1843 in
827 1805 991 1843 Domino
1016 1805 1190 1842 fiduciam
1217 1805 1454 1851 obtinemus,
1478 1806 1698 1843 hortandam

169 1868 305 1902 attente
322 1864 499 1901 duximus
516 1868 552 1900 et
570 1863 792 1900 monendam
805 1892 814 1910 ,
833 1863 939 1901 vobis
956 1877 1023 1914 per
1038 1863 1239 1914 apostolica
1257 1863 1392 1914 scripta
1411 1863 1575 1901 districte
1590 1878 1697 1914 prae·

170 1922 342 1972 cipiendo
358 1921 574 1959 mandantes
588 1926 770 1972 quatenus
785 1922 830 1958 ad
845 1926 966 1972 partes
982 1921 1062 1958 illas
1081 1935 1144 1959 seu
1164 1922 1242 1958 loca
1262 1922 1408 1958 illarum
1426 1922 1585 1972 partium
1600 1935 1696 1973 quae

169 1979 276 2017 vobis
301 1991 370 2030 pro
395 1979 612 2016 executione
641 1979 855 2029 hujusmodi
882 1979 1019 2030 negotii
1047 1979 1163 2015 videri
1195 1979 1357 2028 poterint
1381 1979 1498 2030 magis
1523 1984 1606 2030 apta
1633 1992 1699 2018 vos

171 2037 414 2089 personaliter
437 2037 665 2074 conserentes
685 2041 721 2074 et
739 2037 915 2074 habentes
933 2050 1021 2088 prae
1036 2037 1153 2074 oculis
1170 2037 1290 2074 solum
1308 2037 1429 2073 Deum
1445 2042 1571 2074 contra
1590 2051 1698 2087 prae-

171 2095 290 2133 dictos
305 2099 558 2146 praeceptores
573 2099 607 2132 et
621 2095 750 2132 fratres
763 2095 928 2145 ejusdem
945 2095 1145 2145 Hospitalis
1164 2095 1201 2132 in
1220 2094 1328 2132 dictis
1345 2095 1546 2145 provinciis
1562 2100 1598 2132 et
1610 2109 1698 2146 par-

171 2154 270 2191 tibus
295 2153 553 2199 consistentes,
580 2166 692 2204 snper
714 2153 925 2204 praemissis
950 2153 1125 2190 omnibus
1154 2157 1189 2190 et
1214 2152 1390 2203 singulis,
1417 2166 1561 2190 necnon
1588 2166 1700 2204 super

170 2211 334 2249 articulis
359 2224 453 2262 quos
477 2211 548 2248 sub
569 2211 671 2248 bulla
697 2216 819 2248 nostra
847 2211 952 2249 vobis
976 2211 1203 2248 destinamus
1231 2211 1410 2257 inclusos,
1434 2215 1469 2247 et
1486 2224 1598 2262 super
1618 2212 1699 2249 aliis

170 2270 391 2308 criminibus
409 2274 446 2307 et
462 2270 672 2308 excessibus
689 2283 801 2321 super
817 2270 954 2321 quibus
979 2283 1041 2307 eos
1067 2270 1280 2307 inveneritis
1306 2270 1455 2320 publice
1477 2270 1699 2316 diffamatos,

209 2397 216 2412 ¹
240 2396 281 2423 On
297 2398 304 2424 l
317 2397 412 2424 inians
426 2389 541 2432 Dlu'goss
555 2406 562 2424 :
577 2398 707 2424 Gdansko.
