2184 3074
745 322 1180 370 conssx'nUNENffls.
1667 342 1732 379 165

197 450 335 494 rentes,
351 446 691 498 archiepiscopum,
716 446 930 498 episcopos,
948 447 1098 494 eleetos,
1116 448 1283 495 abbates,
1301 450 1444 500 priores
1462 456 1499 489 et
1515 453 1607 491 alios
1626 467 1733 504 prae-

198 505 306 552 latos,
325 506 505 557 capitula,
524 506 677 558 collegia
703 510 740 543 et
764 511 968 544 conventus
993 511 1030 544 et
1053 507 1143 545 alias
1163 520 1291 546 omnes
1310 515 1346 547 et
1370 510 1535 561 singulas
1558 526 1734 564 personas

196 565 458 604 ecclesiasticas
492 565 657 616 ejusdem
688 566 903 618 provinciae
937 580 1030 618 quas
1068 569 1290 618 apostolicae
1326 570 1467 609 litterae
1500 573 1734 624 supradictae

196 624 534 675 comprehendunt,
567 629 610 662 ut
632 625 834 676 praefatam
865 625 1047 663 decimam
1075 639 1140 677 per
1166 627 1378 675 biennium2
1401 631 1607 669 secundum
1634 633 1734 670 litte-

195 694 320 720 rarum
338 683 626 733 apostolicarum
646 688 827 731 tenorem,
846 684 988 735 absque
1005 684 1222 724 difficultate
1239 688 1468 737 persolvant,
1481 689 1589 739 juxta
1608 690 1731 728 datam

193 752 214 776 a
231 739 310 777 Deo
327 740 434 778 vobis
455 738 710 791 prudentiam,
731 742 928 779 efficaciter
953 743 1129 781 inducere
1153 749 1190 782 et
1206 758 1358 784 monere
1376 748 1511 786 curetis
1532 748 1647 799 ipsosff
1667 762 1733 799 per

193 809 258 835 vos
283 797 340 834 vel
371 798 487 836 alium
518 812 581 836 seu
612 799 721 846 alios,
751 800 798 837 ad
829 800 866 837 id
898 801 1114 839 auctoritate
1144 803 1351 853 praedicta,
1373 805 1402 842 si
1431 818 1578 843 necesse
1603 806 1730 851 suen-it,

192 857 440 907 appellatione
465 858 689 909 postposita,
720 859 1003 909 compellentes,
1029 859 1220 907 invocato,
1251 861 1280 899 si
1310 875 1404 913 opus
1435 864 1560 917 fucrit,
1589 865 1730 902 auxilio

192 914 335 953 brachii
355 916 547 962 secularis,
566 917 631 954 ubi
650 921 687 954 et
703 922 816 968 prout
833 917 944 954 suerit
962 917 1230 965 invocandum,
1258 933 1332 958 non
1351 921 1586 960 obstantibus
1605 924 1730 960 onini-

191 973 262 1010 hus
280 986 376 1024 quae
394 973 432 1012 in
451 974 674 1025 supradictis
688 975 819 1012 litteris
838 975 1050 1026 apostolicis
1068 978 1317 1015 continentur.

239 1031 316 1070 Nos
339 1033 438 1070 enim
465 1033 503 1070 in
530 1033 741 1084 praemissis
763 1039 799 1071 et
822 1034 860 1071 in
885 1035 1062 1072 omnibus
1090 1036 1172 1074 aliis
1190 1042 1225 1074 et
1244 1038 1401 1088 singulis
1419 1053 1516 1090 quae
1531 1040 1638 1077 nobis
1662 1054 1729 1091 per

191 1089 338 1127 easdem
357 1090 495 1128 litteras
517 1092 737 1142 apostolicas
756 1092 1052 1140 committuntur,
1078 1095 1184 1132 vobis
1212 1101 1338 1134 tenore
1355 1099 1604 1147 praesentium
1623 1112 1728 1136 com-

190 1147 374 1185 mittimus
388 1148 486 1186 vices
504 1154 665 1198 nostras,
683 1149 803 1188 donec
820 1164 881 1188 eas
899 1151 944 1188 ad
965 1165 1032 1189 nos
1050 1153 1268 1192 duxerimus
1290 1156 1534 1202 revocandas,
1553 1162 1589 1194 et
1604 1170 1669 1194 vos
1688 1158 1726 1194 in

189 1205 478 1256 praemissorum
506 1208 724 1246 executione
750 1209 803 1246 sic
828 1209 1026 1259 diligenter
1042 1215 1076 1247 et
1096 1211 1251 1249 sollicite
1269 1213 1434 1250 habeatis
1459 1214 1562 1264 quod
1588 1228 1607 1251 a
1626 1229 1728 1265 prae-

190 1264 263 1300 fata
281 1263 375 1301 Sede
391 1264 438 1302 de
456 1265 668 1304 obedientia
690 1267 838 1318 possitis
857 1273 893 1305 et
910 1282 930 1305 a
949 1268 1058 1306 nobis
1088 1269 1134 1306 de
1163 1270 1354 1320 diligentia
1368 1273 1635 1318 commendari,
1651 1286 1725 1310 non

191 1321 362 1360 obstante
387 1323 490 1374 quod
516 1324 655 1362 litteras
680 1326 901 1376 apostolicas
925 1327 1163 1378 supradictas
1180 1328 1288 1366 vobis
1315 1342 1388 1366 non
1417 1330 1615 1375 mittimus,
1638 1331 1726 1381 quia

189 1385 343 1431 propter
365 1381 511 1419 viarum
534 1383 700 1433 pericula
720 1389 756 1421 et
777 1385 943 1422 locorum
970 1385 1184 1423 distantiam
1212 1400 1286 1424 non
1318 1387 1517 1434 audemus,
1549 1389 1611 1425 sed
1640 1390 1727 1439 qui-

188 1439 354 1477 buslibet
375 1453 536 1491 quorum
558 1441 739 1489 intererit,
756 1443 933 1484 faciemus
952 1443 1097 1493 copiam
1113 1444 1159 1481 de
1177 1444 1328 1482 eisdem.
1357 1446 1396 1482 ln
1417 1446 1523 1495 cujus
1546 1447 1597 1483 rei
1623 1447 1726 1483 testi·

189 1498 360 1536 monium
393 1501 649 1550 praesentibus
680 1501 809 1540 litteris
841 1502 960 1553 sigilla
987 1507 1112 1540 nostra
1142 1503 1320 1541 duximus
1338 1505 1570 1555 apponenda.
1591 1505 1723 1542 Actum

188 1556 354 1595 Parisius
375 1557 435 1594 die
457 1557 621 1608 januarii
640 1559 814 1597 vicesima
833 1573 931 1597 anno
951 1561 1102 1598 Domini
1123 1561 1173 1598 Μο
1191 1562 1294 1598 CCC⁰
1312 1567 1428 1610 sexto.

235 1615 310 1652 Nos
335 1616 445 1654 etiam
469 1617 542 1654 illis
564 1630 659 1668 quos
677 1618 724 1655 ad
751 1619 950 1669 praemissa
974 1618 1207 1669 deputandos
1227 1619 1408 1657 duxeritis
1433 1621 1514 1657 loco
1535 1621 1665 1664 vestri,
1689 1627 1725 1658 et

186 1687 316 1711 eorum
335 1675 490 1712 cuilibet
506 1675 762 1727 principaliter
779 1682 815 1714 et
832 1677 870 1714 in
888 1677 1051 1714 solidum
1063 1707 1072 1723 ⁷
1091 1678 1186 1715 sicut
1203 1679 1309 1715 vobis
1329 1684 1455 1715 tenore
1474 1680 1722 1729 praesentium

187 1733 455 1771 committimus
487 1735 585 1772 vices
611 1739 774 1781 nostras,
806 1735 925 1772 donec
963 1749 1023 1773 eas
1054 1735 1099 1772 ad
1132 1749 1198 1773 nos
1228 1736 1447 1774 duxerimus
1486 1737 1722 1775 revocandas.

187 1793 320 1830 Actum
336 1797 376 1830 ut
393 1806 517 1844 supra.

216 1850 372 1888 'Verum
400 1864 485 1888 cum
512 1852 698 1902 praefatus
723 1859 792 1889 rex*
813 1853 878 1903 qui
906 1853 966 1903 pie
993 1853 1231 1891 considerans
1258 1859 1293 1890 et
1311 1854 1515 1904 prudenter
1531 1855 1723 1891 attendens

186 1909 348 1959 dampna
373 1914 408 1945 et
430 1909 626 1959 dispendia
651 1910 775 1960 gravia
802 1924 898 1960 quae
928 1912 1080 1962 praelati
1113 1917 1148 1948 ct
1165 1912 1236 1948 alia
1257 1925 1436 1962 personae
1457 1912 1723 1948 ecclesiasticae

185 1966 430 2017 supradictae,
449 1967 588 2017 aliique
607 1968 734 2005 fideles
752 1973 788 2005 et
805 1969 945 2006 subditi
965 1969 1022 2006 sui
1042 1969 1184 2006 incolae
1198 1970 1286 2006 dicti
1308 1970 1410 2020 regni
1426 1983 1470 2006 ex
1486 1970 1596 2019 longo
1611 1983 1722 2018 guer-

186 2037 312 2062 rarum
331 2025 546 2062 discrimine
563 2027 752 2064 retroactis
772 2029 1003 2078 temporibus
1021 2029 1183 2079 perpessi
1203 2029 1315 2066 suisse
1334 2033 1554 2073 noscuntur„
1575 2029 1722 2079 sibique

186 2081 382 2133 superbiis
397 2083 443 2120 de
461 2083 716 2121 habundantia
735 2086 867 2135 regalis
882 2086 1098 2123 clementiae
1111 2087 1304 2123 affectione
1318 2087 1477 2136 benigna
1493 2087 1721 2136 compatiens

186 2145 222 2177 et
239 2140 369 2178 nolens
386 2141 664 2190 gravaminibus
682 2143 895 2193 gravamina
915 2145 1121 2189 cumulare,
1148 2145 1195 2181 ab
1219 2145 1410 2181 exactione
1429 2144 1637 2194 praedictae
1655 2145 1721 2182 de-

186 2199 302 2236 cimae
324 2198 362 2235 in
393 2199 556 2236 savorem
584 2201 832 2251 praelatorum
865 2207 900 2238 ct
930 2203 1085 2239 aliarum
1117 2215 1359 2253 personarum
1390 2203 1719 2240 ecclesiasticarum

185 2257 478 2308 praedictarum,
511 2263 552 2295 ut
581 2272 641 2296 eas
673 2260 796 2297 medio
829 2266 992 2311 tempore
1023 2261 1234 2311 aliqualiter
1264 2261 1444 2311 respirare
1477 2261 1719 2311 permittet-eh

186 2329 305 2366 usquc
324 2316 436 2352 modo
454 2316 500 2352 de
516 2317 631 2366 gratia
650 2318 871 2368 supersedit„
891 2332 957 2356 nos
974 2319 1107 2356 diebus
1122 2319 1199 2356 istis
1215 2319 1415 2356 novissime
1429 2319 1579 2356 duxerit
1595 2320 1721 2369 requi-

186 2374 340 2420 rendos,
367 2379 426 2420 ut,
449 2388 534 2411 cum
560 2375 656 2412 bona
679 2381 824 2413 moneta
849 2377 1035 2427 praedicta
1054 2377 1100 2414 ad
1123 2378 1285 2414 valorem
1305 2382 1339 2414 et
1358 2378 1505 2427 pondus
1523 2378 1718 2428 antiquum

186 2431 332 2469 redacta
352 2432 389 2468 in
409 2433 500 2469 festo
518 2433 725 2471 Nativitatis
743 2435 876 2471 Beatae
895 2435 1028 2472 Mariae
1046 2435 1208 2485 Virginis
1227 2436 1324 2472 ultro
1344 2437 1539 2486 praeterito
1561 2438 1718 2485 expendi
