2184 3074
428 296 451 332 8
977 293 1138 332 CODEX
1163 293 1412 331 DUNENSIS.

430 421 483 450 est
500 413 708 464 dissipator,
726 426 855 450 verum
874 413 983 450 etiam
1003 413 1121 449 famae
1140 425 1227 449 suae
1249 415 1285 448 et
1303 412 1477 462 propriae
1498 412 1626 450 salutis
1649 413 1829 465 prodigus
1848 415 1961 453 vitam

429 471 596 509 duxisset
613 476 648 508 et
665 471 768 508 ducit
785 471 988 508 enormiter
1005 470 1229 521 dissolutam,
1242 483 1284 506 ae
1301 470 1400 507 bona
1415 470 1532 520 ipsius
1546 472 1760 508 monasterii
1774 473 1866 510 adeo
1879 486 1965 525 gra-

429 531 523 568 viter
540 530 778 581 dilapidasset
799 535 835 567 et
855 530 1037 581 dilapidat
1060 530 1163 580 quod
1189 529 1362 566 monachi
1383 533 1419 565 et
1434 529 1602 566 conversi
1621 530 1778 580 professi
1797 530 1963 580 ejusdem

428 590 640 628 monasterii
665 590 803 627 vietum
830 595 865 626 et
886 589 1060 627 vestitum
1083 589 1130 625 de
1155 588 1264 626 bonis
1292 588 1459 637 ejusdem
1486 588 1699 625 monasterii
1727 588 1863 626 habere
1889 602 1964 627 non

428 648 632 703 potuerint,
648 661 770 698 neque
783 653 953 698 possunt,
971 648 1170 698 ipsumque
1183 646 1450 683 monasterium
1468 659 1510 683 ac
1529 645 1638 683 etiam
1655 646 1754 684 bona
1771 661 1839 698 per
1855 647 1967 686 illici-

429 718 484 749 tos
501 714 710 747 contractus
729 713 764 745 et
784 707 934 744 inutiles
953 707 1000 743 ab
1019 706 1148 742 eodem
1169 705 1302 742 abbate
1320 705 1558 755 interpositos
1576 705 1647 742 fuit
1663 709 1699 742 et
1716 709 1771 743 est
1792 706 1965 757 pluribus

428 773 562 812 debitis
585 773 779 807 oneratum
803 767 841 802 in
870 765 1013 815 magnis
1037 764 1282 815 pecuniarum
1308 763 1480 809 summis,
1506 767 1542 800 et
1567 763 1639 801 hiis
1658 777 1735 801 non
1753 769 1965 812 contentus,

428 832 612 884 praefatus
632 828 765 871 abbas,
781 829 908 862 contra
926 823 1156 860 voluntatem
1175 821 1232 859 sui
1252 825 1457 858 conventus
1476 834 1542 858 seu
1561 821 1712 871 majoris
1730 823 1846 873 partis
1865 823 1966 874 ejus-

427 893 511 929 dem
535 891 757 931 conventus,
775 896 911 935 pueros
938 882 1161 927 illitteratos,
1187 880 1455 917 insufficientes
1479 884 1514 917 et
1537 881 1693 917 omnino
1717 880 1867 919 inutiles
1894 882 1964 933 ipsi

428 948 650 989 monasterio
669 946 707 982 in
726 942 929 981 monachos
950 946 986 978 et
1003 953 1200 977 conversos
1214 940 1377 990 recipere
1394 938 1528 976 nititur
1544 939 1582 976 in
1596 939 1870 990 praejudicium
1890 953 1966 978 mo-

427 1009 576 1049 nasterii
588 1004 778 1058 praedicti,
790 1014 1018 1053 quamquam
1031 1000 1221 1037 facultates
1237 999 1354 1050 ipsius
1369 999 1583 1036 monasterii
1597 1000 1644 1036 ad
1658 1001 1963 1039 sustentationem

428 1068 697 1107 monachorum
717 1069 752 1101 et
770 1074 1034 1099 conversorum
1055 1060 1092 1096 in
1112 1059 1212 1096 dicto
1231 1059 1456 1096 monasterio
1473 1060 1726 1110 professorum
1745 1064 1781 1097 et
1798 1061 1843 1097 ad
1862 1061 1966 1098 solu-

428 1130 566 1166 tionem
586 1124 798 1162 debitorum
818 1135 885 1172 per
903 1120 1076 1157 eumdem
1095 1119 1266 1156 abbatem
1287 1119 1325 1155 in
1343 1131 1495 1156 enorme
1509 1119 1782 1170 praejudicium
1799 1124 1836 1157 et
1849 1120 1965 1158 detri-

428 1192 593 1225 mentum
610 1183 699 1220 dicti
719 1179 932 1218 monasterii
951 1178 1079 1215 illicite
1095 1182 1370 1214 contractorum
1393 1189 1470 1214 non
1489 1176 1692 1224 sufficiant,
1710 1191 1778 1215 nec
1795 1178 1965 1216 sufficere

429 1247 582 1284 valeant.
602 1242 707 1282 Unde
725 1253 810 1277 cum
829 1238 951 1275 dietus
971 1237 1086 1274 abbas
1109 1236 1222 1273 fuerit
1242 1240 1276 1273 et
1301 1235 1348 1273 sit
1370 1235 1513 1273 inutilis
1531 1240 1566 1272 et
1584 1236 1814 1287 dampnosus
1830 1250 1966 1287 quam-

426 1305 632 1357 plurimum
651 1300 720 1351 ipsi
740 1297 979 1336 monasterio.
998 1301 1034 1333 et
1051 1295 1321 1332 monachorum
1339 1294 1616 1346 praedictorum
1635 1295 1781 1333 intersit
1797 1300 1833 1333 et
1849 1296 1966 1334 inter-

426 1363 537 1401 fuerit
561 1362 702 1399 bonum
721 1363 757 1395 et
780 1356 908 1393 utilem
933 1355 1069 1391 habere
1093 1354 1299 1405 praelatum
1326 1353 1552 1390 monasterio
1574 1354 1826 1399 fructuosum,
1854 1367 1967 1405 super

425 1422 564 1474 quibus
582 1419 704 1456 dictus
722 1416 836 1453 abbas
854 1413 926 1450 fuit
945 1417 982 1450 et
998 1418 1052 1450 est
1068 1412 1168 1463 apud
1190 1412 1309 1449 bonos
1327 1416 1364 1449 et
1378 1424 1507 1462 graves
1525 1411 1847 1462 quamplurimum
1863 1412 1966 1450 diffa-

426 1486 558 1526 matus,
573 1476 849 1529 praemissaque
863 1471 1007 1509 notoria
1022 1471 1097 1508 sint
1109 1475 1145 1507 et
1158 1471 1370 1517 manifesta7
1387 1469 1560 1507 monachi
1574 1469 1754 1520 praedicti
1766 1470 1964 1508 sentientes

427 1541 464 1577 in
486 1535 696 1590 praemissis
713 1538 748 1570 et
766 1531 935 1583 quolibet
950 1530 1237 1581 praemissorum
1256 1543 1294 1566 se
1311 1542 1353 1566 ac
1371 1528 1514 1565 dictum
1533 1528 1799 1565 monasterium
1819 1529 1963 1579 gravari

425 1613 467 1636 ac
494 1597 605 1635 fuisse
630 1598 842 1646 gravatum,
869 1595 1021 1641 propter
1042 1603 1138 1640 quae
1164 1593 1199 1626 et
1220 1602 1349 1626 eorum
1374 1588 1518 1638 singula
1538 1587 1639 1638 apud
1657 1587 1799 1625 curiam
1822 1589 1966 1626 Torna-

426 1670 571 1695 eensem
591 1656 841 1704 competenter
860 1655 895 1686 et
913 1649 1074 1699 legitime
1092 1661 1160 1698 pro
1179 1661 1218 1685 se
1235 1652 1271 1684 et
1288 1647 1360 1684 sibi
1378 1647 1667 1684 adhaerentibus
1684 1660 1727 1684 ac
1741 1648 1966 1691 monasterio

426 1715 615 1767 praedicto
635 1715 761 1748 contra
784 1709 925 1746 dictum
949 1708 1121 1744 abbatem
1147 1710 1399 1757 provocarunt
1424 1709 1460 1742 et
1483 1705 1721 1756 appellarunt
1743 1705 1782 1742 in
1806 1706 1964 1757 scriptis.

425 1774 571 1823 Quibus
590 1769 854 1822 provocatione
871 1772 906 1803 et
924 1766 1172 1817 appellatione
1198 1765 1245 1801 ab
1270 1765 1359 1815 ipsis
1378 1763 1571 1800 monachis
1591 1768 1719 1801 contra
1737 1764 1880 1802 dictum
1898 1765 1966 1802 ab·

426 1834 549 1870 batem
567 1830 671 1867 sactis
692 1832 726 1864 et
746 1825 988 1876 interpositis,
1007 1838 1052 1861 ex
1071 1824 1191 1861 causis
1205 1823 1377 1874 superius
1391 1822 1588 1872 expressis,
1606 1822 1704 1859 idem
1718 1822 1834 1860 abbas
1847 1823 1965 1861 dictos

426 1890 629 1929 monachos
661 1886 759 1937 cepit
789 1885 827 1921 in
860 1883 1083 1921 monasterio
1115 1882 1320 1933 praelibato
1351 1886 1387 1918 et
1418 1881 1574 1918 detineri
1606 1881 1694 1917 feeit
1721 1881 1869 1918 eosdem
1900 1895 1965 1919 seu

426 1949 676 1988 detentionem
703 1944 930 1996 praedictam
962 1942 1113 1979 nomine
1140 1954 1208 1978 suo
1234 1942 1367 1978 factam
1399 1944 1516 1977 ratam
1546 1939 1696 1986 habuit,
1723 1944 1759 1976 et
1789 1939 1861 1977 hiis
1888 1953 1963 1978 non

425 2011 620 2046 contentus
646 2004 820 2042 alimenta
846 2001 1042 2052 denegavit
1066 2001 1117 2037 eis
1140 2000 1316 2037 exhibere
1334 2013 1399 2036 seu
1418 2000 1536 2035 facere
1554 1997 1742 2044 exhiheri,
1760 2011 1857 2049 quae
1882 1998 1964 2036 aliis

427 2066 617 2106 monachis
637 2066 788 2101 fuerunt
805 2061 1074 2099 amministrata
1085 2090 1094 2106 7
1113 2061 1163 2097 ita
1179 2060 1282 2110 quod
1301 2059 1390 2096 dieti
1406 2058 1580 2096 monachi
1595 2058 1770 2095 alimenta
1785 2071 1852 2108 per
1864 2057 1964 2110 diem

424 2133 460 2165 et
490 2124 689 2163 dimidium
717 2135 792 2159 non
820 2121 1053 2166 habuerunt,
1082 2132 1149 2156 nec
1177 2119 1312 2155 habere
1331 2121 1535 2169 potuerunt
1553 2130 1620 2167 per
1635 2117 1772 2153 factum
1798 2116 1964 2166 ejusdem

425 2184 583 2228 abbatis7
603 2182 674 2218 hiis
699 2186 734 2217 et
757 2180 838 2217 aliis
862 2179 983 2216 modis
1007 2179 1045 2215 in
1064 2191 1174 2229 grave
1192 2177 1467 2228 praejudicium
1488 2176 1674 2213 dictorum
1694 2174 1964 2212 monachorum

426 2250 461 2281 et
479 2242 602 2280 curiae
618 2239 861 2277 Tornacensis
876 2241 1149 2287 contemptum,
1167 2240 1295 2273 contra
1309 2234 1612 2286 provocationem
1627 2239 1663 2270 et
1676 2233 1963 2284 appellationem

425 2299 629 2351 praedictas
652 2302 787 2334 temere
809 2295 1074 2346 attemptando.
1099 2295 1222 2343 Quare
1246 2298 1379 2345 petunt
1401 2298 1437 2330 et
1452 2293 1665 2344 supplicant
1681 2292 1771 2329 dicti
1789 2291 1962 2329 monachi

426 2362 600 2399 adversus
614 2359 783 2396 abbatem
798 2357 1083 2408 appellationem
1095 2357 1322 2408 praedictam
1339 2356 1556 2393 canonicam
1567 2369 1634 2406 per
1646 2367 1711 2392 vos
1725 2354 1961 2406 pronuntiari

426 2425 461 2458 et
478 2420 575 2456 dicta
593 2422 805 2467 attemptata
823 2417 861 2453 in
880 2421 1015 2453 statum
1034 2416 1235 2467 pristinum
1250 2415 1377 2453 reduci
1391 2420 1427 2453 et
1439 2414 1587 2466 reponi,
1601 2419 1637 2451 et
1651 2413 1775 2464 ipsum
1789 2413 1960 2450 abbatem
