2184 3074
736 316 896 354 coDEx
922 316 1170 355 DUNENSlS.
1677 318 1724 355 25

189 435 421 487 capellanum
436 439 605 473 nostrum
619 435 816 472 dominum
835 435 1036 480 Rosinum,
1056 434 1281 472 monachum
1301 435 1552 478 Claraevallis,
1568 435 1719 472 latorem

186 494 436 546 praesentium
457 494 757 540 transmittimus,
776 507 852 531 non
872 498 912 531 ut
930 494 1013 531 illos
1032 493 1254 544 sequamini,
1272 507 1358 531 cum
1379 493 1572 544 limpidius
1592 498 1628 531 et
1645 494 1722 531 cla-

185 553 262 591 rius
285 553 408 591 sciatis
429 553 527 591 circa
551 557 694 591 tantum
714 553 922 604 periculum
950 557 1178 603 oportunum
1206 552 1412 591 remedium
1438 552 1636 599 adhibere,
1655 552 1719 590 sed

185 611 320 649 exinde
337 611 550 658 assumatis,
568 611 598 649 si
616 611 755 662 placet,
774 611 966 648 materiam
985 610 1145 661 qualiter
1162 610 1326 648 debeatis
1350 610 1501 648 obviare
1521 611 1559 648 in
1579 623 1719 648 convo-

185 669 313 707 candis
331 669 463 708 vestris
482 669 626 707 sinodis
646 673 767 706 tantae
786 669 894 720 pesti.

893 793 1016 805 *-

912 937 989 977 XV.

244 1056 339 1092 Jean
357 1055 400 1092 de
420 1055 597 1106 Hollainy
615 1055 784 1106 s’enqaqe
801 1056 824 1092 ἀ
841 1057 1013 1092 restituer
1029 1068 1065 1092 ce
1083 1054 1176 1106 qu'il
1191 1068 1213 1092 a
1231 1056 1423 1105 emprunte'
1437 1056 1459 1092 ἀ
1479 1055 1653 1092 Arnould

563 1113 606 1150 de
624 1113 872 1164 Maldeqhem,
892 1113 1070 1151 cha-noim
1087 1113 1130 1150 de
1153 1114 1341 1163 Tournay.

232 1317 419 1356 Universis
445 1321 654 1367 praesentes
681 1317 818 1353 litteras
844 1316 1065 1366 inspecturis
1092 1317 1260 1354 officialis
1285 1316 1529 1354 Tornacensis
1561 1317 1715 1353 salutem

183 1377 221 1414 in
239 1377 415 1414 Domino.

231 1434 413 1472 Noveritis
427 1435 529 1485 quod
549 1435 586 1472 in
607 1441 731 1473 nostra
750 1441 904 1486 propter
921 1436 992 1474 hoc
1010 1436 1215 1487 praesentia
1235 1435 1477 1486 personaliter
1495 1435 1716 1473 constitutus

182 1497 219 1530 et
231 1493 269 1530 in
280 1493 365 1543 jure
379 1493 553 1531 dominus
566 1493 756 1531 Johannes
766 1494 812 1531 de
823 1494 1008 1544 Hollaing‚
1026 1493 1368 1544 miles‚recognovit
1382 1507 1420 1530 se
1434 1493 1546 1530 teneri
1562 1493 1716 1531 domino

182 1551 348 1589 Arnoldo
367 1551 414 1588 de
431 1552 661 1602 Maldegliem
673 1581 682 1598 ,
701 1552 881 1590 canonico
899 1552 1140 1598 Tomacensi,
1160 1552 1198 1588 in
1217 1558 1378 1602 quatuor
1397 1552 1525 1602 viginti
1544 1557 1579 1588 et
1597 1553 1717 1589 unde-

182 1610 254 1647 cim
275 1610 380 1648 libris
398 1610 697 1658 Turonensibus,
717 1615 790 1648 tam
806 1625 852 1648 ex
866 1625 974 1648 causa
990 1611 1110 1648 mutui
1131 1611 1200 1661 ipsi
1221 1610 1329 1647 militi
1349 1610 1426 1647 sive
1443 1611 1522 1659 ejus
1543 1611 1716 1648 mandato

183 1668 286 1715 sacti,
305 1682 417 1720 quam
437 1669 483 1706 de
501 1669 664 1720 quodam
683 1683 781 1720 equo
795 1674 831 1707 et
843 1670 954 1707 rebus
969 1669 1050 1706 aliis
1064 1669 1184 1706 eidem
1199 1668 1308 1705 militi
1323 1681 1386 1705 seu
1402 1667 1481 1718 ejus
1495 1673 1594 1705 certo
1609 1682 1716 1706 man-

182 1727 268 1765 dato
281 1727 329 1764 ab
343 1727 472 1765 eodem
488 1728 669 1765 canonico
683 1728 858 1774 venditis,
874 1727 1018 1765 traditis
1037 1732 1073 1764 et
1090 1726 1317 1772 deliberatis,
1332 1727 1378 1763 de
1395 1726 1534 1777 quibus
1553 1727 1715 1764 denariis

183 1787 281 1824 idem
301 1786 408 1824 miles
425 1791 462 1824 et
478 1787 640 1825 Jacobus
660 1787 781 1824 dictus
799 1787 987 1832 Moutons,
1011 1786 1101 1824 civis
1118 1785 1379 1831 Tmuacensis,
1402 1785 1655 1835 promiserunt
1677 1798 1716 1822 se

182 1836 433 1882 satisfacturos
449 1845 519 1895 ipsi
536 1845 716 1882 canonico
733 1845 809 1882 sive
825 1845 905 1895 ejus
922 1850 1020 1881 certo
1038 1843 1230 1889 mandato,
1246 1843 1283 1880 in
1299 1842 1399 1879 hunc
1414 1843 1566 1879 modum
1582 1858 1589 1879 :
1610 1843 1715 1880 vide-

183 1903 267 1940 licet
279 1903 401 1940 dictus
416 1903 579 1941 ,lacobus
593 1904 640 1941 de
654 1903 716 1942 LX
730 1908 766 1941 et
780 1903 926 1941 duabus
942 1903 1048 1940 libris
1062 1902 1342 1940 Turonensibus
1358 1902 1453 1938 infra
1468 1902 1600 1939 festum
1612 1901 1713 1938 Beati

183 1961 340 2012 Remigii
361 1961 399 1998 in
419 1962 537 2012 capite
555 1962 718 2000 octobris
737 1962 908 2012 proximo
926 1961 1091 2007 venturi,
1116 1966 1304 2010 tamquam
1332 1960 1453 1996 bonus
1479 1959 1622 2010 plegius
1647 1972 1714 2009 pro

181 2019 311 2056 eodem
332 2019 448 2057 milite
467 2025 503 2057 et
519 2021 628 2058 etiam
648 2021 796 2058 debitor
814 2020 1047 2071 principalis,
1067 2033 1178 2070 quem
1199 2018 1361 2056 Jacobus
1383 2018 1480 2054 idem
1501 2018 1605 2054 miles
1624 2031 1714 2068 pro-

182 2078 284 2115 misit
300 2091 424 2116 coram
445 2080 554 2117 nobis
573 2080 646 2118 fide
663 2080 785 2118 media
804 2092 1022 2117 conservare
1041 2078 1279 2128 indempnem
1297 2090 1409 2128 super
1427 2076 1657 2127 praemissis,
1678 2082 1713 2113 et

182 2135 279 2172 idem
297 2135 402 2174 miles
422 2137 612 2175 residuum
635 2138 747 2175 totius
766 2137 855 2174 dicti
879 2137 994 2174 debiti
1015 2137 1111 2173 infra
1130 2141 1202 2172 tres
1221 2134 1472 2172 hebdomadas
1488 2139 1570 2185 post
1587 2134 1710 2171 datam

183 2193 385 2244 praesentis
399 2194 550 2233 litterae.
567 2197 744 2247 Alioquin
764 2200 1024 2234 concesserunt
1042 2195 1144 2245 quod
1164 2207 1230 2231 nos
1249 2194 1294 2230 de
1308 2193 1397 2244 ipsis
1412 2193 1594 2243 justitiam
1617 2194 1713 2230 sace-

183 2265 308 2289 remus
323 2252 539 2304 ubicunque
553 2255 652 2305 ipsos
670 2255 900 2305 contingeret
917 2254 1157 2299 commorari,
1171 2266 1209 2290 se
1226 2257 1408 2303 quant-um
1428 2251 1474 2288 ad
1494 2251 1583 2288 haec
1597 2251 1714 2301 juris-

182 2310 337 2347 dictioni
357 2312 481 2348 curiae
498 2312 741 2351 Tornacensis
759 2317 1029 2364 supponentes,
1050 2311 1266 2349 renuntians
1290 2323 1460 2360 expresse
1483 2309 1582 2346 idem
1610 2310 1714 2346 miles

183 2369 285 2406 omni
304 2370 513 2420 exceptioni
532 2371 607 2409 doli
627 2373 713 2410 mali
727 2402 736 2419 ,
755 2373 806 2410 rei
824 2386 898 2410 non
914 2372 1067 2410 traditae
1081 2385 1144 2409 seu
1159 2370 1401 2416 deliberatae,
1415 2369 1622 2420 exceptioni
1639 2382 1713 2406 non

186 2433 399 2466 numeratae
420 2431 616 2480 pecuniae,
635 2432 708 2478 vis,
728 2437 847 2469 metus
874 2432 910 2468 in
939 2432 1094 2477 factum,
1120 2429 1298 2479 omnique
1320 2428 1515 2479 privilegio
1541 2427 1712 2465 cruciatis

1542 2486 1563 2522 4
