2184 3074
473 305 546 342 570
1023 299 1184 338 CODEX
1207 298 1453 337 DUNENSIS.

472 419 623 457 Mariam
651 419 697 455 de
717 419 820 469 Ypra
843 422 879 454 et
900 417 1142 453 Guillelmum
1175 414 1221 451 de
1244 415 1361 451 Heule
1391 414 1546 451 militem
1573 427 1640 451 nos
1666 414 1936 453 intromisimus
1967 418 2003 452 et

471 483 616 515 nostros
637 475 831 514 intromitti
851 475 1023 519 fecimus„
1044 487 1111 524 pro
1129 485 1172 510 eo
1190 473 1293 523 quod
1312 472 1611 518 matrimonium„
1630 473 1733 523 quod
1746 473 1826 510 fieri
1844 473 2003 511 debebat

398 541 401 544 ⁴
472 537 567 573 inter
586 537 702 586 ipsam
723 535 875 572 Mariam
900 538 936 571 et
954 533 1155 570 Henricum
1184 532 1230 568 de
1252 531 1432 578 Trehout‚
1449 532 1495 568 ad
1520 532 1731 569 instantiam
1751 532 1866 583 patris
1887 532 2003 582 ipsius

474 595 607 631 Mariae
631 599 667 630 et
690 594 894 630 amicorum
919 591 1111 629 hincinde
1133 590 1390 628 communium
1418 604 1485 642 per
1507 603 1574 628 nos
1589 590 1712 628 extitit
1728 593 2004 641 pertractatum.

474 654 589 703 Cujus
616 653 765 689 effectus
794 653 843 698 εἰ,
872 657 913 688 ut
943 651 1178 702 sperabatur,
1202 650 1332 687 suisset
1361 654 1398 686 et
1428 655 1470 687 ut
1500 663 1578 687 esse
1608 649 1739 687 debuit
1767 649 2003 695 subsecutus,

475 713 571 749 inter
594 711 801 761 oppidanos
832 714 977 747 nostros
1004 709 1190 759 Yprenses
1215 708 1331 758 ipsius
1358 707 1487 758 oppidi
1515 707 1687 757 majores,
1711 707 1936 758 potentiores
1962 720 2004 743 ac

474 771 583 807 etiam
615 770 780 815 ditiores,
805 768 987 806 intestinis
1014 767 1110 804 odiis
1133 771 1169 804 et
1192 767 1335 817 guerris
1355 767 1615 804 miserabiliter
1639 767 1677 803 in
1695 766 1902 817 periculum
1922 766 2005 803 ani-

473 843 618 866 marum
637 833 672 865 et
688 841 887 878 corporum
906 827 1159 864 discordantes
1177 826 1224 863 ad
1242 826 1419 871 invicem,
1433 831 1469 862 et
1486 826 1582 862 inter
1599 838 1694 876 quos
1712 829 1836 862 nostra
1854 825 2006 862 interest

473 901 643 938 spargere
668 899 794 923 semen
818 886 939 936 pacis,
965 890 1181 936 perpetuam
1208 898 1335 935 pacem
1368 889 1403 921 et
1430 883 1666 921 concordiam
1686 887 1912 934 generasset3
1939 896 2006 920 nec

474 946 569 991 licet,
587 945 711 990 vobis,
730 949 773 981 ut
790 945 918 990 fertur,
934 943 1061 980 datum
1077 947 1131 980 est
1144 943 1312 993 intelligi,
1326 942 1435 979 nobis
1450 942 1544 979 datis
1562 942 1619 979 vel
1638 941 1771 979 dandis
1785 940 2007 979 muneribus

474 1008 601 1042 contra
623 1003 764 1039 dictum
787 1002 944 1039 militem
969 1005 1091 1038 motae
1115 1014 1259 1047 sumusff
1280 1013 1365 1037 cum
1388 1013 1584 1050 personam
1610 1004 1773 1037 nostram
1794 1003 1830 1037 et
1851 1003 2005 1037 aetatem

474 1077 549 1101 non
568 1063 695 1099 deceat
712 1061 813 1112 quod
838 1061 938 1111 apud
962 1074 1029 1097 nos
1058 1073 1212 1097 munera
1241 1060 1311 1097 sibi
1337 1060 1459 1096 locum
1489 1059 1687 1096 vendicent
1718 1059 1755 1096 in
1784 1059 2006 1110 cujusquam

476 1123 651 1172 injuriam
671 1135 735 1158 seu
753 1134 963 1172 gravamen.
982 1121 1047 1158 Est
1065 1125 1101 1157 et
1117 1120 1219 1157 aliud
1238 1120 1276 1156 in
1297 1120 1367 1156 isto
1386 1119 1534 1170 negotio
1552 1119 1655 1170 quod
1674 1132 1741 1157 nos
1758 1124 1898 1163 movet,
1916 1118 2004 1169 quia

476 1195 551 1218 non
579 1181 700 1217 solum
732 1179 933 1226 credimus,
960 1180 1075 1216 immo
1108 1179 1246 1216 scimus
1275 1178 1379 1230 quod
1410 1178 1479 1228 ipsi
1511 1177 1619 1215 militi
1651 1177 1753 1214 nulla
1785 1177 2007 1227 suffragatur

475 1239 609 1276 veritas
632 1238 671 1274 in
696 1237 765 1274 hae
783 1243 902 1288 parte,
929 1238 1099 1288 quamvis
1125 1251 1189 1288 per
1216 1238 1305 1274 salsa
1330 1236 1539 1274 testimonia
1561 1240 1596 1273 et
1621 1237 1674 1273 sas
1695 1240 1731 1273 et
1749 1237 1850 1274 nefas
1869 1235 2008 1274 nitatur

475 1298 601 1335 dolose
616 1297 732 1347 ipsius
751 1296 888 1346 negotii
908 1300 1116 1347 pervertere
1137 1295 1338 1332 veritatem.
1361 1295 1465 1334 Unde
1486 1308 1552 1332 vos
1568 1298 1705 1332 attente
1722 1307 1896 1346 rogamus
1913 1307 2008 1345 qua-

476 1357 577 1393 tinus
598 1356 718 1393 Deum
743 1355 920 1392 hahentes
942 1368 1030 1405 prae
1052 1354 1169 1391 oculis
1195 1354 1233 1391 in
1256 1354 1327 1391 isto
1349 1354 1496 1405 negotio
1522 1354 1643 1391 taliter
1667 1366 1733 1390 vos
1753 1353 1888 1404 geratis
1905 1353 2008 1404 quod

476 1415 555 1452 sine
582 1415 678 1463 juris
712 1418 746 1451 et
780 1414 934 1451 rationis
965 1413 1103 1450 offensa
1136 1413 1214 1463 ipsa
1249 1426 1357 1450 causa
1388 1413 1462 1450 fine
1492 1412 1618 1450 debito
1648 1413 1882 1458 terminetur,
1913 1424 2008 1463 quae

476 1473 628 1524 quidem
654 1477 807 1523 propter
833 1485 961 1509 causas
988 1472 1159 1522 superius
1191 1476 1383 1508 annotatas
1406 1476 1459 1508 est
1488 1476 1522 1507 et
1549 1484 1625 1508 esse
1651 1471 1761 1508 debet
1788 1470 2009 1508 mirabiliter

478 1531 585 1567 nobis
604 1531 719 1567 cordi.
738 1531 795 1567 Ad
816 1530 905 1567 haec
923 1530 1127 1577 credentes,
1146 1534 1212 1567 etc.

1183 1653 1301 1665 <OQ--

1136 1809 1225 1846 CCX
1231 1809 1355 1846 LVIII.

564 1926 684 1962 Lem-e
701 1926 745 1963 de
762 1926 798 1963 la
817 1933 985 1964 comte-sse
1005 1927 1048 1964 de
1065 1927 1231 1964 Flandre
1248 1928 1270 1964 ἀ
1292 1927 1448 1977 Γάϊέᾳιιε
1470 1927 1512 1964 de
1532 1927 1780 1977 Cambrayffen
1796 1927 1932 1977 favour

1137 1986 1227 2023 d'un
1252 1986 1358 2025 clerc.
1793 2006 1798 2008 “
1867 1982 1871 1986 ’

532 2177 603 2213 Pro
625 2177 760 2215 dilecto
785 2184 911 2216 nostro
930 2180 974 2217 N.
995 2180 1034 2216 in
1057 2180 1254 2217 sufficienti
1276 2180 1479 2218 litteratura
1503 2193 1545 2217 ac
1568 2179 1814 2218 ecclesiastico
1833 2184 1868 2218 et
1883 2179 2012 2218 divino

483 2236 605 2273 officio
625 2238 820 2285 cantando,
839 2239 948 2276 etiam
967 2245 1003 2277 et
1016 2240 1171 2290 legendo
1189 2241 1364 2286 multum,
1379 2245 1420 2277 ut
1433 2240 1700 2283 intelleximus„
1713 2239 1873 2290 gratiose
1886 2239 2011 2279 Vestra

482 2295 682 2344 rogabatur
707 2298 915 2334 veneranda
943 2299 1161 2345 Paternitas,
1187 2300 1246 2336 vel
1273 2299 1350 2348 jam
1382 2299 1505 2336 extitit
1530 2298 1724 2349 requisita,
1743 2303 1786 2335 ut
1809 2299 2010 2346 credimus,

483 2366 594 2402 super
624 2353 739 2402 ipsius
771 2356 1004 2405 promotione
1034 2371 1130 2407 quae
1157 2362 1315 2394 vestram
1347 2357 1501 2408 gratiam
1533 2357 1717 2394 desiderat
1757 2361 1793 2393 et
1829 2357 2010 2403 savorem3

485 2424 626 2461 nosque
651 2424 670 2447 a
694 2414 827 2450 nostris
850 2419 997 2464 rogatae
1022 2416 1196 2453 fidelibus
1217 2416 1464 2453 sinceritatem
1489 2420 1646 2453 vestram
1667 2414 1815 2452 attentis
1838 2415 2011 2464 precibus
