2184 3074
720 208 882 247 conssx
906 207 1151 247 DUNENSIS.
1626 210 1697 248 459

168 327 354 379 nobisque
374 332 410 365 et
429 326 606 365 fratribus
627 326 762 364 nostris
781 330 966 372 ostensas,
992 325 1142 377 probari
1164 325 1444 376 quodammodo
1467 326 1696 371 viderentur,

166 398 212 425 ac
228 385 509 425 nichillominus
524 385 620 422 sama
635 389 671 422 et
683 384 862 423 clamores
878 383 1109 435 praedictiin
1124 387 1267 420 tantum
1284 383 1527 422 invaluissent
1539 388 1575 421 et
1587 384 1696 422 etiam

167 443 418 482 ascendissent
435 447 510 481 tam
529 447 656 480 contra
676 442 798 493 ipsum
822 442 992 479 ordinem
1019 454 1130 493 quam
1150 445 1278 480 contra
1296 455 1472 492 personas
1491 442 1696 492 singulares

169 501 334 551 ejusdem
363 500 588 539 conditionis
613 499 716 550 quod
743 499 823 537 sine
850 499 952 549 gravi
984 499 1158 537 scandalo
1181 498 1370 550 praeteriri
1402 512 1477 536 non
1508 505 1697 550 poterant,

170 574 238 599 nec
269 561 410 612 absque
440 560 617 600 eminenti
643 559 810 611 periculo
835 559 999 604 tolerari,
1033 572 1100 597 nos
1128 559 1247 605 lllius,
1280 559 1388 609 cujus
1413 559 1512 597 vices
1534 560 1696 610 gerimus

169 619 256 660 licet
294 618 489 664 immeriti,
531 617 693 668 vestigiis
729 616 984 660 inhaerentes,
1019 617 1065 654 ad
1102 616 1369 667 inquirendum
1413 617 1460 654 de
1500 618 1696 668 praedictis

169 676 311 715 ratione
341 675 488 727 praevia
521 675 698 712 duximus
730 674 1024 725 procedendum,
1054 674 1265 725 multosque
1298 674 1344 711 de
1379 676 1695 726 praeceptoribus,

169 733 400 786 presbiteris,
422 733 604 777 militibus
622 737 657 770 et
675 732 755 770 aliis
782 732 958 770 fratribus
980 732 1068 769 dicti
1088 732 1231 769 ordinis
1250 732 1493 783 reputationis
1520 747 1596 771 non
1614 748 1696 772 mo-

169 792 274 830 dicae
299 792 337 829 in
365 795 490 829 nostra
516 790 721 842 praesentia
744 790 982 835 constitutos,
1000 790 1174 841 praestito
1204 790 1251 828 ab
1279 791 1331 827 eis
1353 790 1565 840 juramento
1595 795 1696 844 quod

169 864 281 902 super
307 849 517 901 praemissis
536 863 674 887 meram
693 853 728 886 et
749 849 896 899 plenam
922 849 1029 886 nobis
1048 849 1213 886 dicerent
1230 849 1419 886 veritatem
1431 879 1440 892 ‚
1458 863 1570 901 super
1586 865 1694 902 prae-

169 909 277 948 dictis
296 908 604 958 interrogavimus
627 912 662 945 et
680 921 798 958 usque
816 908 862 945 ad
881 921 1078 945 numerum
1095 907 1224 945 Lxxu
1244 907 1481 946 dominorum
1504 910 1695 948 examina-

170 967 299 1013 vimus,
314 966 440 1004 multis
458 980 502 1003 ex
521 966 696 1019 fratribus
712 966 846 1003 nostris
865 966 973 1003 nobis
987 966 1255 1011 assistentibus,
1266 966 1475 1017 diligenter,
1490 980 1694 1018 eorumque

169 1025 417 1063 confessiones
435 1038 501 1076 per
524 1025 692 1075 publicas
707 1038 839 1062 manus
858 1025 896 1062 in
915 1024 1159 1062 auctenticam
1183 1024 1403 1075 scripturam
1428 1024 1592 1062 redactas
1614 1026 1694 1064 illas

170 1083 208 1123 in
219 1088 344 1121 nostra
358 1088 394 1120 et
405 1087 616 1121 nostrorum
634 1083 788 1120 fratrum
808 1082 1025 1133 praesentia,
1040 1096 1081 1119 ac
1098 1082 1233 1122 deinde
1248 1082 1465 1133 interposito
1483 1083 1694 1134 aliquorum

169 1141 314 1179 dierum
329 1141 448 1192 spatio
467 1142 504 1179 in
523 1141 764 1187 consistorio,
782 1141 851 1192 legi
872 1141 1026 1178 fecimus
1045 1154 1167 1178 coram
1187 1140 1293 1191 ipsis,
1311 1146 1347 1177 et
1361 1140 1457 1191 ipsas
1472 1141 1510 1178 in
1529 1155 1597 1178 suo
1611 1142 1695 1179 vul-

169 1199 246 1251 gari
261 1200 416 1238 cuilibet
429 1213 556 1237 eorum
571 1199 724 1250 exponi,
739 1199 803 1250 qui
819 1203 1091 1250 perseverantes
1107 1198 1145 1235 in
1161 1199 1233 1236 illis
1248 1212 1308 1236 eas
1317 1212 1488 1249 expresse
1502 1205 1538 1236 et
1551 1206 1694 1251 sponte,

170 1262 282 1309 prout
299 1258 470 1296 recitatae
487 1259 648 1304 fuerant,
662 1257 933 1308 approbarunt,
947 1263 1031 1308 post
1044 1270 1140 1307 quae
1153 1270 1237 1293 cum
1254 1257 1427 1307 magistro
1441 1262 1476 1294 et
1491 1258 1697 1309 praecipuis

169 1316 470 1367 praeceptoribus
488 1316 641 1367 praefati
660 1316 803 1353 ordinis
821 1315 1053 1352 intendentes
1071 1328 1183 1366 super
1199 1315 1410 1366 praemissis
1424 1315 1612 1367 inquirere
1630 1330 1696 1367 per

170 1387 237 1414 nos
256 1375 372 1425 ipsos,
387 1375 509 1425 ipsum
529 1375 746 1425 magistrum
766 1379 801 1411 et
814 1373 1001 1421 Franciae,
1021 1379 1136 1410 terrae
1151 1373 1422 1420 ultramarinae,
1436 1374 1695 1421 Normanniae,

169 1434 390 1485 Aquitaniae
407 1439 443 1471 et
459 1434 643 1471 Pictaviae
662 1434 818 1471 Pictavis
837 1438 1089 1484 praeceptores
1106 1432 1277 1482 majores,
1299 1432 1406 1469 nobis
1427 1437 1514 1469 ωηο
1532 1433 1695 1470 existen-

170 1493 287 1539 tibus,
314 1492 571 1530 mandavimus
596 1492 833 1542 pracsentari.
861 1491 952 1537 Sed,
979 1504 1096 1542 quum
1123 1490 1275 1541 quidam
1303 1504 1347 1527 cx
1373 1490 1425 1527 eis
1451 1491 1503 1527 sic
1529 1491 1695 1528 infirma-

169 1551 307 1589 bantur
323 1555 412 1588 ωηο
434 1551 625 1601 temporis,
649 1550 751 1600 quod
777 1550 942 1600 equitare
960 1562 1034 1586 non
1054 1553 1238 1599 poterant,
1258 1562 1323 1585 nec
1342 1549 1387 1585 ad
1407 1554 1569 1586 nostram
1590 1563 1696 1599 prae-

169 1609 324 1647 sentiam
350 1622 504 1663 quoquo
529 1609 641 1646 modo
666 1608 817 1654 adduci,
842 1621 908 1645 nos
933 1621 1017 1645 cum
1044 1608 1095 1645 eis
1124 1607 1217 1644 scire
1242 1607 1404 1644 volentes
1423 1607 1469 1644 de
1487 1608 1697 1657 praemissis

170 1667 346 1705 omnibus
363 1667 553 1704 veritatem
573 1672 609 1704 et
626 1681 672 1704 an
691 1680 776 1704 vera
799 1672 934 1713 essent,
956 1680 1052 1717 quae
1071 1666 1358 1703 continebantur
1384 1666 1421 1702 in
1452 1679 1580 1703 eorum
1608 1680 1698 1703 con-

171 1725 393 1764 fessionibus
413 1730 450 1763 et
463 1725 778 1776 depositionibus,
795 1739 886 1776 quas
909 1738 1031 1762 coram
1053 1724 1271 1775 inquisitore
1290 1724 1479 1774 pravitatis
1497 1724 1698 1761 baereticae

170 1784 208 1821 in
235 1797 349 1834 regno
380 1784 574 1830 Franciae,
598 1784 854 1835 praesentibus
885 1783 1111 1834 quibusdam
1146 1782 1298 1820 notariis
1325 1782 1484 1833 publicis
1509 1789 1544 1819 et
1571 1783 1695 1820 multis

169 1842 251 1880 aliis
267 1842 395 1893 probis
417 1843 525 1889 viris,
544 1842 765 1880 dicebantur
782 1842 925 1889 secisse,
946 1841 1053 1878 nobis
1075 1846 1110 1878 et
1129 1841 1303 1878 fratribus
1329 1841 1463 1878 nostris
1486 1855 1550 1892 per
1573 1842 1693 1892 ipsum

171 1901 428 1952 inquisitorem
447 1901 518 1939 sub
543 1901 715 1939 manibus
738 1901 899 1952 publicis
922 1901 1097 1938 exhibitis
1119 1906 1154 1937 et
1174 1897 1347 1946 ostensis,
1371 1900 1570 1937 venerabili
1591 1900 1691 1937 fratri

171 1958 395 2010 Berengario
420 1960 594 2010 episcopo
618 1960 829 1997 Tusculano
861 1964 949 1996 ωηο
979 1959 1074 1996 tituli
1105 1964 1316 1996 sanctorum
1345 1958 1449 1995 Nerei
1477 1963 1512 1995 et
1539 1958 1693 1995 Achillei

170 2022 206 2054 et
231 2017 374 2054 dilectis
403 2017 490 2055 filiis
518 2018 653 2055 nostris
676 2018 863 2068 Stephano
891 2018 987 2055 tituli
1015 2017 1137 2054 Sancti
1158 2016 1302 2066 Cyriaci
1331 2016 1367 2053 in
1393 2016 1561 2053 Thermis
1588 2030 1691 2067 pres-

171 2075 288 2112 bitero
306 2080 342 2112 et
361 2075 582 2127 Landulpho
600 2076 723 2114 Sancti
741 2076 870 2126 Angeli
890 2076 1060 2126 dyacono
1079 2075 1346 2120 cardinalibus,
1361 2074 1407 2111 de
1424 2088 1584 2124 quorum
1603 2088 1695 2126 pru-

169 2133 308 2180 dentia,
336 2134 561 2184 experientia
591 2139 627 2172 et
659 2135 834 2172 fidelitate
865 2134 1111 2171 indubitatam
1138 2133 1311 2170 fiduciam
1340 2133 1566 2178 obtinemus,
1594 2146 1695 2170 com—

170 2192 339 2230 misimus
357 2197 393 2229 et
413 2193 669 2230 mandavimus
694 2198 735 2230 ut
757 2193 826 2244 ipsi
846 2206 930 2230 cum
957 2193 1128 2243 praefatis
1152 2191 1325 2242 magistro
1344 2196 1379 2227 et
1396 2191 1696 2242 praeceptoribus

172 2251 402 2302 inquirerent
427 2256 500 2288 tam
532 2257 659 2289 contra
691 2252 789 2303 ipsos
821 2256 856 2288 et
882 2252 970 2288 alias
997 2251 1200 2301 singulares
1231 2263 1404 2301 personas
1435 2249 1523 2286 dicti
1555 2249 1697 2286 ordinis

170 2309 400 2360 generaliter,
427 2323 540 2360 quam
566 2315 693 2347 contra
724 2310 845 2360 ipsum
875 2310 1043 2346 ordinem
1080 2309 1117 2345 in
1150 2307 1361 2358 praemissis
1392 2321 1476 2344 cum
1508 2307 1697 2358 diligentia
