<?xml version="1.0" encoding="UTF-8"?>
<!DOCTYPE html PUBLIC "-//W3C//DTD XHTML 1.0 Transitional//EN"
    "http://www.w3.org/TR/xhtml1/DTD/xhtml1-transitional.dtd">
<html xmlns="http://www.w3.org/1999/xhtml" xml:lang="en" lang="en">
 <head>
  <title>
</title>
<meta http-equiv="Content-Type" content="text/html;charset=utf-8" />
  <meta name='ocr-system' content='tesseract 3.04.00' />
  <meta name='ocr-capabilities' content='ocr_page ocr_carea ocr_par ocr_line ocrx_word'/>
</head>
<body>
  <div class='ocr_page' id='page_1' title='image "./codexdunensissiv00kervuoft/codexdunensissiv00kervuoft_0251.png"; bbox 0 0 2184 3074; ppageno 0'>
   <div class='ocr_carea' id='block_1_1' title="bbox 741 292 1727 334">
    <p class='ocr_par' dir='ltr' id='par_1_1' title="bbox 741 292 1727 334">
     <span class='ocr_line' id='line_1_1' title="bbox 741 292 1727 334; baseline -0.003 -2"><span class='ocrx_word' id='word_1_1' title='bbox 741 295 902 334; x_wconf 81' lang='lat' dir='ltr'><strong>CODEx</strong></span> <span class='ocrx_word' id='word_1_2' title='bbox 932 294 1177 333; x_wconf 82' lang='lat' dir='ltr'>DUNENSIS.</span> <span class='ocrx_word' id='word_1_3' title='bbox 1654 292 1727 329; x_wconf 66' lang='lat'><strong>209</strong></span> 
     </span>
    </p>
   </div>
   <div class='ocr_carea' id='block_1_2' title="bbox 882 460 1041 498">
    <p class='ocr_par' dir='ltr' id='par_1_2' title="bbox 882 460 1041 498">
     <span class='ocr_line' id='line_1_2' title="bbox 882 460 1041 498; baseline -0.006 0"><span class='ocrx_word' id='word_1_4' title='bbox 882 460 1041 498; x_wconf 72' lang='lat' dir='ltr'><strong>cxxlx.</strong></span> 
     </span>
    </p>
   </div>
   <div class='ocr_carea' id='block_1_3' title="bbox 194 577 1730 686">
    <p class='ocr_par' dir='ltr' id='par_1_3' title="bbox 194 577 1730 686">
     <span class='ocr_line' id='line_1_3' title="bbox 194 577 1730 634; baseline -0.005 -12"><span class='ocrx_word' id='word_1_5' title='bbox 194 583 313 634; x_wconf 83' lang='lat' dir='ltr'><strong>Appel</strong></span> <span class='ocrx_word' id='word_1_6' title='bbox 334 583 384 620; x_wconf 84' lang='lat' dir='ltr'><strong>du</strong></span> <span class='ocrx_word' id='word_1_7' title='bbox 406 593 614 632; x_wconf 80' lang='lat' dir='ltr'><strong>procureur</strong></span> <span class='ocrx_word' id='word_1_8' title='bbox 631 580 682 617; x_wconf 85' lang='lat' dir='ltr'><strong>du</strong></span> <span class='ocrx_word' id='word_1_9' title='bbox 705 581 907 617; x_wconf 66' lang='lat' dir='ltr'><strong>monastere</strong></span> <span class='ocrx_word' id='word_1_10' title='bbox 929 579 972 615; x_wconf 81' lang='lat' dir='ltr'><strong>de</strong></span> <span class='ocrx_word' id='word_1_11' title='bbox 996 578 1214 617; x_wconf 81' lang='lat' dir='ltr'><strong>Zcetendale</strong></span> <span class='ocrx_word' id='word_1_12' title='bbox 1232 591 1281 615; x_wconf 83' lang='lat' dir='ltr'><strong>au</strong></span> <span class='ocrx_word' id='word_1_13' title='bbox 1298 577 1532 628; x_wconf 65' lang='lat' dir='ltr'><strong>Sciat-Sieqe</strong></span> <span class='ocrx_word' id='word_1_14' title='bbox 1549 583 1674 615; x_wconf 75' lang='lat' dir='ltr'><strong>contre</strong></span> <span class='ocrx_word' id='word_1_15' title='bbox 1693 577 1730 615; x_wconf 84' lang='lat' dir='ltr'><strong>la</strong></span> 
     </span>
     <span class='ocr_line' id='line_1_4' title="bbox 459 637 1466 686; baseline -0.004 -8"><span class='ocrx_word' id='word_1_16' title='bbox 459 640 550 678; x_wconf 82' lang='lat' dir='ltr'><strong>leve¹e</strong></span> <span class='ocrx_word' id='word_1_17' title='bbox 575 639 619 677; x_wconf 82' lang='lat' dir='ltr'><strong>de</strong></span> <span class='ocrx_word' id='word_1_18' title='bbox 636 639 674 677; x_wconf 84' lang='lat' dir='ltr'><strong>la</strong></span> <span class='ocrx_word' id='word_1_19' title='bbox 691 637 902 686; x_wconf 65' lang='lat' dir='ltr'><strong>subvention</strong></span> <span class='ocrx_word' id='word_1_20' title='bbox 921 637 1090 675; x_wconf 79' lang='lat' dir='ltr'><strong>accorde&#39;e</strong></span> <span class='ocrx_word' id='word_1_21' title='bbox 1106 651 1155 675; x_wconf 84' lang='lat' dir='ltr'><strong>au</strong></span> <span class='ocrx_word' id='word_1_22' title='bbox 1176 638 1234 675; x_wconf 83' lang='lat' dir='ltr'><strong>roi</strong></span> <span class='ocrx_word' id='word_1_23' title='bbox 1251 637 1294 675; x_wconf 82' lang='lat' dir='ltr'><strong>de</strong></span> <span class='ocrx_word' id='word_1_24' title='bbox 1311 637 1466 674; x_wconf 81' lang='lat' dir='ltr'><strong>France.</strong></span> 
     </span>
    </p>
   </div>
   <div class='ocr_carea' id='block_1_4' title="bbox 199 834 1746 2351">
    <p class='ocr_par' dir='ltr' id='par_1_4' title="bbox 199 834 1746 2351">
     <span class='ocr_line' id='line_1_5' title="bbox 246 834 1679 885; baseline -0.001 -11"><span class='ocrx_word' id='word_1_25' title='bbox 246 836 339 873; x_wconf 88' lang='lat' dir='ltr'><strong>Cum</strong></span> <span class='ocrx_word' id='word_1_26' title='bbox 364 849 445 882; x_wconf 87' lang='lat' dir='ltr'><strong>vos,</strong></span> <span class='ocrx_word' id='word_1_27' title='bbox 471 836 609 874; x_wconf 83' lang='lat' dir='ltr'><strong>decane</strong></span> <span class='ocrx_word' id='word_1_28' title='bbox 631 835 910 873; x_wconf 78' lang='lat' dir='ltr'><strong>christianitatis</strong></span> <span class='ocrx_word' id='word_1_29' title='bbox 937 834 1195 885; x_wconf 75' lang='lat' dir='ltr'><strong>Ardenburgi,</strong></span> <span class='ocrx_word' id='word_1_30' title='bbox 1214 835 1432 872; x_wconf 88' lang='lat' dir='ltr'><strong>auctoritate</strong></span> <span class='ocrx_word' id='word_1_31' title='bbox 1453 835 1622 872; x_wconf 70' lang='lat' dir='ltr'><strong>caufridi</strong></span> <span class='ocrx_word' id='word_1_32' title='bbox 1648 865 1679 872; x_wconf 89' lang='lat'><strong>..</strong></span> 
     </span>
     <span class='ocr_line' id='line_1_6' title="bbox 199 892 1732 945; baseline 0.001 -15"><span class='ocrx_word' id='word_1_33' title='bbox 199 923 206 930; x_wconf 96' lang='lat'>.</span> <span class='ocrx_word' id='word_1_34' title='bbox 226 924 232 930; x_wconf 93' lang='lat'><em>.</em></span> <span class='ocrx_word' id='word_1_35' title='bbox 249 922 258 931; x_wconf 91' lang='lat'><strong>.</strong></span> <span class='ocrx_word' id='word_1_36' title='bbox 273 924 281 931; x_wconf 92' lang='lat'>.</span> <span class='ocrx_word' id='word_1_37' title='bbox 296 895 521 941; x_wconf 78' lang='lat' dir='ltr'><strong>executoris,</strong></span> <span class='ocrx_word' id='word_1_38' title='bbox 540 899 582 932; x_wconf 94' lang='lat' dir='ltr'><strong>ut</strong></span> <span class='ocrx_word' id='word_1_39' title='bbox 604 894 754 941; x_wconf 88' lang='lat' dir='ltr'><strong>dicitur,</strong></span> <span class='ocrx_word' id='word_1_40' title='bbox 773 893 938 943; x_wconf 87' lang='lat' dir='ltr'><strong>deputati</strong></span> <span class='ocrx_word' id='word_1_41' title='bbox 963 906 982 929; x_wconf 90' lang='lat' dir='ltr'><strong>a</strong></span> <span class='ocrx_word' id='word_1_42' title='bbox 1001 892 1203 930; x_wconf 87' lang='lat' dir='ltr'><strong>reverendo</strong></span> <span class='ocrx_word' id='word_1_43' title='bbox 1228 898 1332 943; x_wconf 88' lang='lat' dir='ltr'><strong>patre</strong></span> <span class='ocrx_word' id='word_1_44' title='bbox 1357 893 1638 945; x_wconf 81' lang='lat' dir='ltr'><strong>archiepiscopo</strong></span> <span class='ocrx_word' id='word_1_45' title='bbox 1656 895 1732 932; x_wconf 80' lang='lat' dir='ltr'><strong>Ro-</strong></span> 
     </span>
     <span class='ocr_line' id='line_1_7' title="bbox 199 952 1733 1005; baseline -0.001 -13"><span class='ocrx_word' id='word_1_46' title='bbox 199 954 429 1005; x_wconf 81' lang='lat' dir='ltr'><strong>thomagensi</strong></span> <span class='ocrx_word' id='word_1_47' title='bbox 455 957 650 990; x_wconf 77' lang='lat' dir='ltr'><strong>executore</strong></span> <span class='ocrx_word' id='word_1_48' title='bbox 673 953 760 989; x_wconf 90' lang='lat' dir='ltr'><strong>dato</strong></span> <span class='ocrx_word' id='word_1_49' title='bbox 787 965 859 989; x_wconf 89' lang='lat' dir='ltr'><strong>una</strong></span> <span class='ocrx_word' id='word_1_50' title='bbox 886 965 971 988; x_wconf 89' lang='lat' dir='ltr'><strong>cum</strong></span> <span class='ocrx_word' id='word_1_51' title='bbox 998 952 1200 989; x_wconf 79' lang='lat' dir='ltr'><strong>venerabili</strong></span> <span class='ocrx_word' id='word_1_52' title='bbox 1220 955 1227 972; x_wconf 84' lang='lat'>¹</span> <span class='ocrx_word' id='word_1_53' title='bbox 1242 981 1471 989; x_wconf 90' lang='grc'><strong>..........</strong></span> <span class='ocrx_word' id='word_1_54' title='bbox 1498 953 1613 1002; x_wconf 86' lang='lat' dir='ltr'><strong>gratia</strong></span> <span class='ocrx_word' id='word_1_55' title='bbox 1633 954 1733 1004; x_wconf 89' lang='lat' dir='ltr'><strong>epis-</strong></span> 
     </span>
     <span class='ocr_line' id='line_1_8' title="bbox 199 1010 1734 1063; baseline -0.001 -13"><span class='ocrx_word' id='word_1_56' title='bbox 199 1025 292 1063; x_wconf 88' lang='lat' dir='ltr'><strong>copo</strong></span> <span class='ocrx_word' id='word_1_57' title='bbox 318 1011 601 1049; x_wconf 82' lang='lat' dir='ltr'><strong>Altisiodorensi</strong></span> <span class='ocrx_word' id='word_1_58' title='bbox 625 1015 661 1048; x_wconf 90' lang='lat' dir='ltr'><strong>et</strong></span> <span class='ocrx_word' id='word_1_59' title='bbox 684 1010 857 1061; x_wconf 81' lang='lat' dir='ltr'><strong>religioso</strong></span> <span class='ocrx_word' id='word_1_60' title='bbox 884 1010 965 1047; x_wconf 86' lang='lat' dir='ltr'><strong>viro</strong></span> <span class='ocrx_word' id='word_1_61' title='bbox 991 1010 1125 1047; x_wconf 80' lang='lat' dir='ltr'><strong>abbate</strong></span> <span class='ocrx_word' id='word_1_62' title='bbox 1148 1010 1359 1047; x_wconf 87' lang='lat' dir='ltr'><strong>monasterii</strong></span> <span class='ocrx_word' id='word_1_63' title='bbox 1386 1011 1545 1048; x_wconf 90' lang='lat' dir='ltr'><strong>Sancti..</strong></span> <span class='ocrx_word' id='word_1_64' title='bbox 1564 1041 1571 1048; x_wconf 94' lang='lat'><em>.</em></span> <span class='ocrx_word' id='word_1_65' title='bbox 1587 1041 1595 1047; x_wconf 89' lang='lat'><strong>.</strong></span> <span class='ocrx_word' id='word_1_66' title='bbox 1612 1041 1620 1048; x_wconf 90' lang='lat'><strong>.</strong></span> <span class='ocrx_word' id='word_1_67' title='bbox 1638 1041 1645 1048; x_wconf 95' lang='lat'>.</span> <span class='ocrx_word' id='word_1_68' title='bbox 1661 1042 1669 1057; x_wconf 73' lang='lat'><strong>,</strong></span> <span class='ocrx_word' id='word_1_69' title='bbox 1696 1012 1734 1048; x_wconf 89' lang='lat' dir='ltr'><strong>in</strong></span> 
     </span>
     <span class='ocr_line' id='line_1_9' title="bbox 200 1066 1734 1117; baseline -0.001 -8"><span class='ocrx_word' id='word_1_70' title='bbox 200 1071 374 1117; x_wconf 81' lang='lat' dir='ltr'><strong>Francia,</strong></span> <span class='ocrx_word' id='word_1_71' title='bbox 389 1075 431 1108; x_wconf 86' lang='lat' dir='ltr'><strong>ut</strong></span> <span class='ocrx_word' id='word_1_72' title='bbox 447 1070 604 1116; x_wconf 86' lang='lat' dir='ltr'><strong>dicitur,</strong></span> <span class='ocrx_word' id='word_1_73' title='bbox 622 1083 707 1107; x_wconf 93' lang='lat' dir='ltr'><strong>cum</strong></span> <span class='ocrx_word' id='word_1_74' title='bbox 727 1069 789 1107; x_wconf 91' lang='lat' dir='ltr'><strong>illa</strong></span> <span class='ocrx_word' id='word_1_75' title='bbox 807 1070 972 1107; x_wconf 80' lang='lat' dir='ltr'><strong>clausula</strong></span> <span class='ocrx_word' id='word_1_76' title='bbox 988 1082 1053 1106; x_wconf 92' lang='lat' dir='ltr'><strong>vos</strong></span> <span class='ocrx_word' id='word_1_77' title='bbox 1070 1069 1126 1106; x_wconf 90' lang='lat' dir='ltr'><strong>vel</strong></span> <span class='ocrx_word' id='word_1_78' title='bbox 1147 1069 1222 1106; x_wconf 91' lang='lat' dir='ltr'><strong>duo</strong></span> <span class='ocrx_word' id='word_1_79' title='bbox 1241 1074 1305 1106; x_wconf 90' lang='lat' dir='ltr'><strong>aut</strong></span> <span class='ocrx_word' id='word_1_80' title='bbox 1324 1082 1441 1106; x_wconf 89' lang='lat' dir='ltr'><strong>unum</strong></span> <span class='ocrx_word' id='word_1_81' title='bbox 1461 1066 1643 1116; x_wconf 80' lang='lat' dir='ltr'><strong>vestrum&#39;,</strong></span> <span class='ocrx_word' id='word_1_82' title='bbox 1662 1070 1734 1107; x_wconf 92' lang='lat' dir='ltr'><strong>sub</strong></span> 
     </span>
     <span class='ocr_line' id='line_1_10' title="bbox 201 1129 1735 1180; baseline -0.001 -12"><span class='ocrx_word' id='word_1_83' title='bbox 201 1135 298 1168; x_wconf 83' lang='lat' dir='ltr'><strong>certa</strong></span> <span class='ocrx_word' id='word_1_84' title='bbox 314 1131 431 1167; x_wconf 80' lang='lat' dir='ltr'><strong>forma</strong></span> <span class='ocrx_word' id='word_1_85' title='bbox 450 1143 470 1166; x_wconf 86' lang='lat' dir='ltr'><strong>a</strong></span> <span class='ocrx_word' id='word_1_86' title='bbox 496 1129 589 1168; x_wconf 85' lang='lat' dir='ltr'><strong>Sede</strong></span> <span class='ocrx_word' id='word_1_87' title='bbox 606 1129 1047 1180; x_wconf 79' lang='lat' dir='ltr'><strong>Apostolicadeputatis,</strong></span> <span class='ocrx_word' id='word_1_88' title='bbox 1077 1142 1189 1179; x_wconf 92' lang='lat' dir='ltr'><strong>super</strong></span> <span class='ocrx_word' id='word_1_89' title='bbox 1221 1129 1467 1166; x_wconf 84' lang='lat' dir='ltr'><strong>subventione</strong></span> <span class='ocrx_word' id='word_1_90' title='bbox 1496 1130 1662 1167; x_wconf 80' lang='lat' dir='ltr'><strong>facienda</strong></span> <span class='ocrx_word' id='word_1_91' title='bbox 1689 1130 1735 1167; x_wconf 91' lang='lat' dir='ltr'><strong>de</strong></span> 
     </span>
     <span class='ocr_line' id='line_1_11' title="bbox 201 1187 1733 1238; baseline -0.001 -12"><span class='ocrx_word' id='word_1_92' title='bbox 201 1189 310 1227; x_wconf 89' lang='lat' dir='ltr'><strong>bonis</strong></span> <span class='ocrx_word' id='word_1_93' title='bbox 340 1187 595 1225; x_wconf 88' lang='lat' dir='ltr'><strong>ecclesiasticis</strong></span> <span class='ocrx_word' id='word_1_94' title='bbox 623 1188 756 1224; x_wconf 88' lang='lat' dir='ltr'><strong>illustri</strong></span> <span class='ocrx_word' id='word_1_95' title='bbox 788 1187 949 1238; x_wconf 86' lang='lat' dir='ltr'><strong>principi</strong></span> <span class='ocrx_word' id='word_1_96' title='bbox 978 1188 1053 1237; x_wconf 82' lang='lat' dir='ltr'><strong>regi</strong></span> <span class='ocrx_word' id='word_1_97' title='bbox 1086 1187 1332 1233; x_wconf 86' lang='lat' dir='ltr'><strong>Francorum,</strong></span> <span class='ocrx_word' id='word_1_98' title='bbox 1364 1187 1486 1224; x_wconf 87' lang='lat' dir='ltr'><strong>virum</strong></span> <span class='ocrx_word' id='word_1_99' title='bbox 1519 1188 1733 1238; x_wconf 83' lang='lat' dir='ltr'><strong>religiosum</strong></span> 
     </span>
     <span class='ocr_line' id='line_1_12' title="bbox 202 1245 1737 1296; baseline -0.001 -11"><span class='ocrx_word' id='word_1_100' title='bbox 202 1247 373 1285; x_wconf 88' lang='lat' dir='ltr'><strong>abbatem</strong></span> <span class='ocrx_word' id='word_1_101' title='bbox 404 1246 451 1283; x_wconf 91' lang='lat' dir='ltr'><strong>de</strong></span> <span class='ocrx_word' id='word_1_102' title='bbox 473 1245 588 1294; x_wconf 61' lang='lat' dir='ltr'><strong>⁸Dulci</strong></span> <span class='ocrx_word' id='word_1_103' title='bbox 618 1245 739 1292; x_wconf 83' lang='lat' dir='ltr'><strong>Valle,</strong></span> <span class='ocrx_word' id='word_1_104' title='bbox 770 1245 1007 1296; x_wconf 86' lang='lat' dir='ltr'><strong>presbyteros</strong></span> <span class='ocrx_word' id='word_1_105' title='bbox 1035 1245 1082 1282; x_wconf 90' lang='lat' dir='ltr'><strong>de</strong></span> <span class='ocrx_word' id='word_1_106' title='bbox 1113 1245 1351 1295; x_wconf 80' lang='lat' dir='ltr'><strong>Ardemburg</strong></span> <span class='ocrx_word' id='word_1_107' title='bbox 1376 1250 1412 1282; x_wconf 90' lang='lat' dir='ltr'><strong>et</strong></span> <span class='ocrx_word' id='word_1_108' title='bbox 1436 1246 1618 1296; x_wconf 84' lang='lat' dir='ltr'><strong>quosdam</strong></span> <span class='ocrx_word' id='word_1_109' title='bbox 1645 1246 1737 1283; x_wconf 89' lang='lat' dir='ltr'><strong>alios</strong></span> 
     </span>
     <span class='ocr_line' id='line_1_13' title="bbox 203 1304 1738 1354; baseline 0.001 -12"><span class='ocrx_word' id='word_1_110' title='bbox 203 1305 313 1343; x_wconf 88' lang='lat' dir='ltr'><strong>vestri</strong></span> <span class='ocrx_word' id='word_1_111' title='bbox 329 1304 546 1350; x_wconf 88' lang='lat' dir='ltr'><strong>decanatus,</strong></span> <span class='ocrx_word' id='word_1_112' title='bbox 562 1316 707 1341; x_wconf 87' lang='lat' dir='ltr'><strong>necnon</strong></span> <span class='ocrx_word' id='word_1_113' title='bbox 721 1316 850 1341; x_wconf 89' lang='lat' dir='ltr'><strong>omnes</strong></span> <span class='ocrx_word' id='word_1_114' title='bbox 865 1309 900 1340; x_wconf 90' lang='lat' dir='ltr'><strong>et</strong></span> <span class='ocrx_word' id='word_1_115' title='bbox 917 1304 1084 1354; x_wconf 85' lang='lat' dir='ltr'><strong>singulos</strong></span> <span class='ocrx_word' id='word_1_116' title='bbox 1098 1304 1335 1354; x_wconf 85' lang='lat' dir='ltr'><strong>presbyteros</strong></span> <span class='ocrx_word' id='word_1_117' title='bbox 1349 1308 1385 1340; x_wconf 89' lang='lat' dir='ltr'><strong>et</strong></span> <span class='ocrx_word' id='word_1_118' title='bbox 1397 1305 1738 1354; x_wconf 78' lang='lat' dir='ltr'><strong>capellanos,alias-</strong></span> 
     </span>
     <span class='ocr_line' id='line_1_14' title="bbox 203 1361 1739 1413; baseline 0.001 -14"><span class='ocrx_word' id='word_1_119' title='bbox 203 1375 277 1413; x_wconf 85' lang='lat' dir='ltr'><strong>que</strong></span> <span class='ocrx_word' id='word_1_120' title='bbox 302 1361 566 1399; x_wconf 87' lang='lat' dir='ltr'><strong>ecclesiasticas</strong></span> <span class='ocrx_word' id='word_1_121' title='bbox 592 1374 771 1412; x_wconf 80' lang='lat' dir='ltr'><strong>personas</strong></span> <span class='ocrx_word' id='word_1_122' title='bbox 796 1361 908 1398; x_wconf 87' lang='lat' dir='ltr'><strong>vestri</strong></span> <span class='ocrx_word' id='word_1_123' title='bbox 929 1361 1146 1407; x_wconf 83' lang='lat' dir='ltr'><strong>decanatus,</strong></span> <span class='ocrx_word' id='word_1_124' title='bbox 1165 1361 1361 1398; x_wconf 82' lang='lat' dir='ltr'><strong>comitatus</strong></span> <span class='ocrx_word' id='word_1_125' title='bbox 1387 1361 1637 1409; x_wconf 83' lang='lat' dir='ltr'><strong>Flandrensis,</strong></span> <span class='ocrx_word' id='word_1_126' title='bbox 1658 1376 1739 1400; x_wconf 91' lang='lat' dir='ltr'><strong>mo-</strong></span> 
     </span>
     <span class='ocr_line' id='line_1_15' title="bbox 205 1420 1738 1460; baseline 0.001 -2"><span class='ocrx_word' id='word_1_127' title='bbox 205 1421 359 1458; x_wconf 89' lang='lat' dir='ltr'><strong>nueritis</strong></span> <span class='ocrx_word' id='word_1_128' title='bbox 382 1434 447 1459; x_wconf 89' lang='lat' dir='ltr'><strong>seu</strong></span> <span class='ocrx_word' id='word_1_129' title='bbox 471 1420 615 1458; x_wconf 89' lang='lat' dir='ltr'><strong>moneri</strong></span> <span class='ocrx_word' id='word_1_130' title='bbox 641 1420 800 1457; x_wconf 78' lang='lat' dir='ltr'><strong>feceritis</strong></span> <span class='ocrx_word' id='word_1_131' title='bbox 823 1424 858 1457; x_wconf 91' lang='lat' dir='ltr'><strong>et</strong></span> <span class='ocrx_word' id='word_1_132' title='bbox 879 1420 1082 1458; x_wconf 88' lang='lat' dir='ltr'><strong>mandastis</strong></span> <span class='ocrx_word' id='word_1_133' title='bbox 1114 1420 1256 1457; x_wconf 88' lang='lat' dir='ltr'><strong>moneri</strong></span> <span class='ocrx_word' id='word_1_134' title='bbox 1283 1425 1326 1458; x_wconf 90' lang='lat' dir='ltr'><strong>ut</strong></span> <span class='ocrx_word' id='word_1_135' title='bbox 1348 1421 1442 1458; x_wconf 81' lang='lat' dir='ltr'><strong>infra</strong></span> <span class='ocrx_word' id='word_1_136' title='bbox 1467 1421 1592 1458; x_wconf 88' lang='lat' dir='ltr'><strong>decem</strong></span> <span class='ocrx_word' id='word_1_137' title='bbox 1616 1422 1694 1460; x_wconf 89' lang='lat' dir='ltr'><strong>dies</strong></span> <span class='ocrx_word' id='word_1_138' title='bbox 1719 1437 1738 1460; x_wconf 85' lang='lat' dir='ltr'><strong>a</strong></span> 
     </span>
     <span class='ocr_line' id='line_1_16' title="bbox 205 1479 1740 1530; baseline 0.001 -13"><span class='ocrx_word' id='word_1_139' title='bbox 205 1484 371 1530; x_wconf 87' lang='lat' dir='ltr'><strong>tempore</strong></span> <span class='ocrx_word' id='word_1_140' title='bbox 388 1479 604 1516; x_wconf 89' lang='lat' dir='ltr'><strong>monitionis</strong></span> <span class='ocrx_word' id='word_1_141' title='bbox 623 1479 896 1529; x_wconf 84' lang='lat' dir='ltr'><strong>computandos</strong></span> <span class='ocrx_word' id='word_1_142' title='bbox 917 1479 1071 1516; x_wconf 88' lang='lat' dir='ltr'><strong>solvant·</strong></span> <span class='ocrx_word' id='word_1_143' title='bbox 1086 1479 1227 1530; x_wconf 80' lang='lat' dir='ltr'><strong>integre</strong></span> <span class='ocrx_word' id='word_1_144' title='bbox 1251 1485 1286 1516; x_wconf 90' lang='lat' dir='ltr'><strong>et</strong></span> <span class='ocrx_word' id='word_1_145' title='bbox 1302 1481 1462 1529; x_wconf 84' lang='lat' dir='ltr'><strong>perfecte</strong></span> <span class='ocrx_word' id='word_1_146' title='bbox 1480 1481 1740 1518; x_wconf 88' lang='lat' dir='ltr'><strong>collectoribus</strong></span> 
     </span>
     <span class='ocr_line' id='line_1_17' title="bbox 204 1538 1740 1590; baseline 0.001 -14"><span class='ocrx_word' id='word_1_147' title='bbox 204 1538 502 1576; x_wconf 73' lang='lat' dir='ltr'><strong>&#39;romanensibus</strong></span> <span class='ocrx_word' id='word_1_148' title='bbox 523 1544 560 1576; x_wconf 87' lang='lat' dir='ltr'><strong>et</strong></span> <span class='ocrx_word' id='word_1_149' title='bbox 589 1539 701 1576; x_wconf 91' lang='lat' dir='ltr'><strong>nullis</strong></span> <span class='ocrx_word' id='word_1_150' title='bbox 731 1538 813 1575; x_wconf 89' lang='lat' dir='ltr'><strong>aliis</strong></span> <span class='ocrx_word' id='word_1_151' title='bbox 843 1551 948 1575; x_wconf 89' lang='lat' dir='ltr'><strong>suam</strong></span> <span class='ocrx_word' id='word_1_152' title='bbox 979 1539 1162 1575; x_wconf 83' lang='lat' dir='ltr'><strong>decimam</strong></span> <span class='ocrx_word' id='word_1_153' title='bbox 1185 1538 1399 1576; x_wconf 86' lang='lat' dir='ltr'><strong>reddituum</strong></span> <span class='ocrx_word' id='word_1_154' title='bbox 1428 1544 1464 1576; x_wconf 88' lang='lat' dir='ltr'><strong>et</strong></span> <span class='ocrx_word' id='word_1_155' title='bbox 1492 1545 1740 1590; x_wconf 81' lang='lat' dir='ltr'><strong>proventuum</strong></span> 
     </span>
     <span class='ocr_line' id='line_1_18' title="bbox 206 1597 1742 1649; baseline 0.001 -15"><span class='ocrx_word' id='word_1_156' title='bbox 206 1598 318 1641; x_wconf 87' lang='lat' dir='ltr'><strong>unius</strong></span> <span class='ocrx_word' id='word_1_157' title='bbox 331 1597 419 1634; x_wconf 88' lang='lat' dir='ltr'><strong>anni</strong></span> <span class='ocrx_word' id='word_1_158' title='bbox 440 1597 544 1635; x_wconf 85' lang='lat' dir='ltr'><strong>istius</strong></span> <span class='ocrx_word' id='word_1_159' title='bbox 560 1597 704 1634; x_wconf 84' lang='lat' dir='ltr'><strong>mediae</strong></span> <span class='ocrx_word' id='word_1_160' title='bbox 721 1597 1026 1648; x_wconf 80' lang='lat' dir='ltr'><strong>quadragesimae</strong></span> <span class='ocrx_word' id='word_1_161' title='bbox 1045 1610 1165 1648; x_wconf 90' lang='lat' dir='ltr'><strong>nuper</strong></span> <span class='ocrx_word' id='word_1_162' title='bbox 1182 1597 1418 1648; x_wconf 88' lang='lat' dir='ltr'><strong>praeteritae,</strong></span> <span class='ocrx_word' id='word_1_163' title='bbox 1433 1598 1503 1635; x_wconf 91' lang='lat' dir='ltr'><strong>sub</strong></span> <span class='ocrx_word' id='word_1_164' title='bbox 1522 1612 1639 1649; x_wconf 89' lang='lat' dir='ltr'><strong>poena</strong></span> <span class='ocrx_word' id='word_1_165' title='bbox 1658 1613 1742 1636; x_wconf 88' lang='lat' dir='ltr'><strong>sus-</strong></span> 
     </span>
     <span class='ocr_line' id='line_1_19' title="bbox 207 1655 1743 1708; baseline 0.001 -15"><span class='ocrx_word' id='word_1_166' title='bbox 207 1655 396 1707; x_wconf 88' lang='lat' dir='ltr'><strong>pensionis</strong></span> <span class='ocrx_word' id='word_1_167' title='bbox 418 1660 454 1693; x_wconf 90' lang='lat' dir='ltr'><strong>et</strong></span> <span class='ocrx_word' id='word_1_168' title='bbox 476 1655 891 1702; x_wconf 78' lang='lat' dir='ltr'><strong>excommunicationis,</strong></span> <span class='ocrx_word' id='word_1_169' title='bbox 915 1656 1041 1706; x_wconf 90' lang='lat' dir='ltr'><strong>quoad</strong></span> <span class='ocrx_word' id='word_1_170' title='bbox 1066 1656 1303 1706; x_wconf 81' lang='lat' dir='ltr'><strong>presbyteros</strong></span> <span class='ocrx_word' id='word_1_171' title='bbox 1330 1657 1510 1694; x_wconf 88' lang='lat' dir='ltr'><strong>seculares</strong></span> <span class='ocrx_word' id='word_1_172' title='bbox 1528 1662 1564 1694; x_wconf 87' lang='lat' dir='ltr'><strong>et</strong></span> <span class='ocrx_word' id='word_1_173' title='bbox 1584 1659 1743 1708; x_wconf 84' lang='lat' dir='ltr'><strong>capella-</strong></span> 
     </span>
     <span class='ocr_line' id='line_1_20' title="bbox 208 1714 1744 1765; baseline 0.001 -13"><span class='ocrx_word' id='word_1_174' title='bbox 208 1728 275 1752; x_wconf 91' lang='lat' dir='ltr'><strong>nos</strong></span> <span class='ocrx_word' id='word_1_175' title='bbox 307 1728 371 1752; x_wconf 91' lang='lat' dir='ltr'><strong>seu</strong></span> <span class='ocrx_word' id='word_1_176' title='bbox 407 1714 652 1752; x_wconf 84' lang='lat' dir='ltr'><strong>ecclesiastica</strong></span> <span class='ocrx_word' id='word_1_177' title='bbox 676 1714 773 1751; x_wconf 87' lang='lat' dir='ltr'><strong>bona</strong></span> <span class='ocrx_word' id='word_1_178' title='bbox 802 1714 1051 1764; x_wconf 88' lang='lat' dir='ltr'><strong>possidentes,</strong></span> <span class='ocrx_word' id='word_1_179' title='bbox 1075 1727 1118 1751; x_wconf 91' lang='lat' dir='ltr'><strong>ac</strong></span> <span class='ocrx_word' id='word_1_180' title='bbox 1148 1714 1218 1752; x_wconf 91' lang='lat' dir='ltr'><strong>sub</strong></span> <span class='ocrx_word' id='word_1_181' title='bbox 1245 1727 1365 1765; x_wconf 85' lang='lat' dir='ltr'><strong>poena</strong></span> <span class='ocrx_word' id='word_1_182' title='bbox 1396 1719 1432 1752; x_wconf 92' lang='lat' dir='ltr'><strong>et</strong></span> <span class='ocrx_word' id='word_1_183' title='bbox 1455 1716 1744 1754; x_wconf 85' lang='lat' dir='ltr'><strong>comminatione</strong></span> 
     </span>
     <span class='ocr_line' id='line_1_21' title="bbox 208 1772 1744 1825; baseline 0.001 -15"><span class='ocrx_word' id='word_1_184' title='bbox 208 1773 393 1810; x_wconf 87' lang='lat' dir='ltr'><strong>interdicti</strong></span> <span class='ocrx_word' id='word_1_185' title='bbox 412 1772 536 1824; x_wconf 88' lang='lat' dir='ltr'><strong>quoad</strong></span> <span class='ocrx_word' id='word_1_186' title='bbox 554 1772 716 1823; x_wconf 87' lang='lat' dir='ltr'><strong>capitula</strong></span> <span class='ocrx_word' id='word_1_187' title='bbox 733 1777 770 1809; x_wconf 90' lang='lat' dir='ltr'><strong>et</strong></span> <span class='ocrx_word' id='word_1_188' title='bbox 787 1777 992 1810; x_wconf 87' lang='lat' dir='ltr'><strong>conventus</strong></span> <span class='ocrx_word' id='word_1_189' title='bbox 1008 1788 1014 1808; x_wconf 93' lang='lat'>:</span> <span class='ocrx_word' id='word_1_190' title='bbox 1036 1786 1103 1823; x_wconf 84' lang='lat' dir='ltr'><strong>ego</strong></span> <span class='ocrx_word' id='word_1_191' title='bbox 1126 1778 1348 1823; x_wconf 80' lang='lat' dir='ltr'><strong>procurator</strong></span> <span class='ocrx_word' id='word_1_192' title='bbox 1364 1773 1622 1825; x_wconf 81' lang='lat' dir='ltr'><strong>religiosorum</strong></span> <span class='ocrx_word' id='word_1_193' title='bbox 1642 1776 1744 1813; x_wconf 77' lang='lat' dir='ltr'><strong>viro-</strong></span> 
     </span>
     <span class='ocr_line' id='line_1_22' title="bbox 208 1830 1742 1883; baseline 0.001 -14"><span class='ocrx_word' id='word_1_194' title='bbox 208 1845 289 1869; x_wconf 87' lang='lat' dir='ltr'><strong>rum</strong></span> <span class='ocrx_word' id='word_1_195' title='bbox 308 1831 452 1868; x_wconf 90' lang='lat' dir='ltr'><strong>abbatis</strong></span> <span class='ocrx_word' id='word_1_196' title='bbox 470 1836 506 1868; x_wconf 87' lang='lat' dir='ltr'><strong>et</strong></span> <span class='ocrx_word' id='word_1_197' title='bbox 521 1835 724 1868; x_wconf 89' lang='lat' dir='ltr'><strong>conventus</strong></span> <span class='ocrx_word' id='word_1_198' title='bbox 742 1830 788 1868; x_wconf 85' lang='lat' dir='ltr'><strong>de</strong></span> <span class='ocrx_word' id='word_1_199' title='bbox 807 1831 915 1867; x_wconf 91' lang='lat' dir='ltr'><strong>Dulci</strong></span> <span class='ocrx_word' id='word_1_200' title='bbox 935 1831 1036 1868; x_wconf 89' lang='lat' dir='ltr'><strong>Valle</strong></span> <span class='ocrx_word' id='word_1_201' title='bbox 1056 1836 1092 1868; x_wconf 92' lang='lat' dir='ltr'><strong>et</strong></span> <span class='ocrx_word' id='word_1_202' title='bbox 1104 1831 1407 1882; x_wconf 89' lang='lat' dir='ltr'><strong>presbyterorum</strong></span> <span class='ocrx_word' id='word_1_203' title='bbox 1418 1837 1453 1869; x_wconf 91' lang='lat' dir='ltr'><strong>et</strong></span> <span class='ocrx_word' id='word_1_204' title='bbox 1467 1834 1742 1883; x_wconf 86' lang='lat' dir='ltr'><strong>capellanorum</strong></span> 
     </span>
     <span class='ocr_line' id='line_1_23' title="bbox 208 1889 1744 1944; baseline 0.002 -17"><span class='ocrx_word' id='word_1_205' title='bbox 208 1890 296 1928; x_wconf 87' lang='lat' dir='ltr'><strong>dicti</strong></span> <span class='ocrx_word' id='word_1_206' title='bbox 316 1890 516 1927; x_wconf 85' lang='lat' dir='ltr'><strong>decanatus</strong></span> <span class='ocrx_word' id='word_1_207' title='bbox 541 1889 820 1927; x_wconf 86' lang='lat' dir='ltr'><strong>christianitatis</strong></span> <span class='ocrx_word' id='word_1_208' title='bbox 844 1890 1114 1940; x_wconf 81' lang='lat' dir='ltr'><strong>Ardemburgi,</strong></span> <span class='ocrx_word' id='word_1_209' title='bbox 1138 1891 1289 1927; x_wconf 91' lang='lat' dir='ltr'><strong>nomine</strong></span> <span class='ocrx_word' id='word_1_210' title='bbox 1312 1891 1478 1941; x_wconf 91' lang='lat' dir='ltr'><strong>ipsorum</strong></span> <span class='ocrx_word' id='word_1_211' title='bbox 1506 1897 1541 1928; x_wconf 90' lang='lat' dir='ltr'><strong>et</strong></span> <span class='ocrx_word' id='word_1_212' title='bbox 1564 1906 1631 1943; x_wconf 89' lang='lat' dir='ltr'><strong>pro</strong></span> <span class='ocrx_word' id='word_1_213' title='bbox 1655 1893 1744 1944; x_wconf 89' lang='lat' dir='ltr'><strong>ipsis</strong></span> 
     </span>
     <span class='ocr_line' id='line_1_24' title="bbox 209 1949 1742 2000; baseline 0.002 -13"><span class='ocrx_word' id='word_1_214' title='bbox 209 1954 244 1987; x_wconf 85' lang='lat' dir='ltr'><strong>et</strong></span> <span class='ocrx_word' id='word_1_215' title='bbox 261 1949 331 1987; x_wconf 86' lang='lat' dir='ltr'><strong>sibi</strong></span> <span class='ocrx_word' id='word_1_216' title='bbox 350 1949 636 1987; x_wconf 88' lang='lat' dir='ltr'><strong>adhaerentibus</strong></span> <span class='ocrx_word' id='word_1_217' title='bbox 655 1954 690 1986; x_wconf 92' lang='lat' dir='ltr'><strong>et</strong></span> <span class='ocrx_word' id='word_1_218' title='bbox 703 1949 902 1986; x_wconf 86' lang='lat' dir='ltr'><strong>adhaerere</strong></span> <span class='ocrx_word' id='word_1_219' title='bbox 919 1949 1147 1995; x_wconf 90' lang='lat' dir='ltr'><strong>volentibus,</strong></span> <span class='ocrx_word' id='word_1_220' title='bbox 1166 1951 1326 1987; x_wconf 89' lang='lat' dir='ltr'><strong>sentiens</strong></span> <span class='ocrx_word' id='word_1_221' title='bbox 1346 1949 1551 2000; x_wconf 83' lang='lat' dir='ltr'><strong>praedictos</strong></span> <span class='ocrx_word' id='word_1_222' title='bbox 1569 1951 1742 1990; x_wconf 84' lang='lat' dir='ltr'><strong>dominos</strong></span> 
     </span>
     <span class='ocr_line' id='line_1_25' title="bbox 211 2007 1744 2059; baseline 0.002 -14"><span class='ocrx_word' id='word_1_223' title='bbox 211 2021 311 2046; x_wconf 86' lang='lat' dir='ltr'><strong>meos</strong></span> <span class='ocrx_word' id='word_1_224' title='bbox 329 2007 368 2045; x_wconf 89' lang='lat' dir='ltr'><strong>in</strong></span> <span class='ocrx_word' id='word_1_225' title='bbox 386 2007 597 2058; x_wconf 83' lang='lat' dir='ltr'><strong>praemissis</strong></span> <span class='ocrx_word' id='word_1_226' title='bbox 617 2007 761 2058; x_wconf 85' lang='lat' dir='ltr'><strong>gravari</strong></span> <span class='ocrx_word' id='word_1_227' title='bbox 781 2013 816 2044; x_wconf 92' lang='lat' dir='ltr'><strong>et</strong></span> <span class='ocrx_word' id='word_1_228' title='bbox 834 2021 942 2058; x_wconf 90' lang='lat' dir='ltr'><strong>posse</strong></span> <span class='ocrx_word' id='word_1_229' title='bbox 959 2008 1148 2059; x_wconf 82' lang='lat' dir='ltr'><strong>aggravari</strong></span> <span class='ocrx_word' id='word_1_230' title='bbox 1170 2009 1207 2045; x_wconf 93' lang='lat' dir='ltr'><strong>in</strong></span> <span class='ocrx_word' id='word_1_231' title='bbox 1228 2008 1395 2045; x_wconf 81' lang='lat' dir='ltr'><strong>futurum</strong></span> <span class='ocrx_word' id='word_1_232' title='bbox 1414 2022 1460 2045; x_wconf 87' lang='lat' dir='ltr'><strong>ex</strong></span> <span class='ocrx_word' id='word_1_233' title='bbox 1478 2009 1744 2048; x_wconf 87' lang='lat' dir='ltr'><strong>verisimilibus</strong></span> 
     </span>
     <span class='ocr_line' id='line_1_26' title="bbox 211 2065 1745 2116; baseline 0.002 -14"><span class='ocrx_word' id='word_1_234' title='bbox 211 2066 448 2115; x_wconf 79' lang='lat' dir='ltr'><strong>conjecturis,</strong></span> <span class='ocrx_word' id='word_1_235' title='bbox 466 2079 509 2103; x_wconf 92' lang='lat' dir='ltr'><strong>eo</strong></span> <span class='ocrx_word' id='word_1_236' title='bbox 527 2065 630 2116; x_wconf 91' lang='lat' dir='ltr'><strong>quod</strong></span> <span class='ocrx_word' id='word_1_237' title='bbox 647 2066 835 2116; x_wconf 87' lang='lat' dir='ltr'><strong>praedicta</strong></span> <span class='ocrx_word' id='word_1_238' title='bbox 854 2066 1011 2103; x_wconf 89' lang='lat' dir='ltr'><strong>monitio</strong></span> <span class='ocrx_word' id='word_1_239' title='bbox 1040 2067 1141 2103; x_wconf 87' lang='lat' dir='ltr'><strong>nulla</strong></span> <span class='ocrx_word' id='word_1_240' title='bbox 1167 2067 1214 2103; x_wconf 89' lang='lat' dir='ltr'><strong>sit</strong></span> <span class='ocrx_word' id='word_1_241' title='bbox 1236 2066 1316 2116; x_wconf 89' lang='lat' dir='ltr'><strong>ipso</strong></span> <span class='ocrx_word' id='word_1_242' title='bbox 1332 2066 1417 2116; x_wconf 86' lang='lat' dir='ltr'><strong>jure</strong></span> <span class='ocrx_word' id='word_1_243' title='bbox 1435 2066 1662 2104; x_wconf 86' lang='lat' dir='ltr'><strong>adnullanda</strong></span> <span class='ocrx_word' id='word_1_244' title='bbox 1680 2081 1745 2106; x_wconf 89' lang='lat' dir='ltr'><strong>seu</strong></span> 
     </span>
     <span class='ocr_line' id='line_1_27' title="bbox 213 2123 1746 2175; baseline 0.003 -15"><span class='ocrx_word' id='word_1_245' title='bbox 213 2124 337 2161; x_wconf 89' lang='lat' dir='ltr'><strong>minus</strong></span> <span class='ocrx_word' id='word_1_246' title='bbox 359 2123 477 2173; x_wconf 88' lang='lat' dir='ltr'><strong>justa,</strong></span> <span class='ocrx_word' id='word_1_247' title='bbox 501 2137 568 2161; x_wconf 91' lang='lat' dir='ltr'><strong>nec</strong></span> <span class='ocrx_word' id='word_1_248' title='bbox 592 2124 770 2175; x_wconf 88' lang='lat' dir='ltr'><strong>praedicti</strong></span> <span class='ocrx_word' id='word_1_249' title='bbox 793 2124 935 2161; x_wconf 90' lang='lat' dir='ltr'><strong>domini</strong></span> <span class='ocrx_word' id='word_1_250' title='bbox 962 2125 1034 2161; x_wconf 90' lang='lat' dir='ltr'><strong>mei</strong></span> <span class='ocrx_word' id='word_1_251' title='bbox 1061 2125 1181 2162; x_wconf 87' lang='lat' dir='ltr'><strong>eidem</strong></span> <span class='ocrx_word' id='word_1_252' title='bbox 1209 2124 1405 2162; x_wconf 90' lang='lat' dir='ltr'><strong>monitioni</strong></span> <span class='ocrx_word' id='word_1_253' title='bbox 1427 2138 1556 2175; x_wconf 86' lang='lat' dir='ltr'><strong>parere</strong></span> <span class='ocrx_word' id='word_1_254' title='bbox 1574 2130 1746 2164; x_wconf 89' lang='lat' dir='ltr'><strong>tenentur</strong></span> 
     </span>
     <span class='ocr_line' id='line_1_28' title="bbox 213 2181 1744 2234; baseline 0.003 -16"><span class='ocrx_word' id='word_1_255' title='bbox 213 2181 385 2232; x_wconf 88' lang='lat' dir='ltr'><strong>pluribus</strong></span> <span class='ocrx_word' id='word_1_256' title='bbox 415 2181 622 2220; x_wconf 89' lang='lat' dir='ltr'><strong>rationibus</strong></span> <span class='ocrx_word' id='word_1_257' title='bbox 651 2195 746 2233; x_wconf 90' lang='lat' dir='ltr'><strong>quae</strong></span> <span class='ocrx_word' id='word_1_258' title='bbox 771 2187 1005 2233; x_wconf 89' lang='lat' dir='ltr'><strong>sequuntur:</strong></span> <span class='ocrx_word' id='word_1_259' title='bbox 1026 2183 1203 2234; x_wconf 90' lang='lat' dir='ltr'><strong>quoniam</strong></span> <span class='ocrx_word' id='word_1_260' title='bbox 1235 2183 1354 2219; x_wconf 86' lang='lat' dir='ltr'><strong>littera</strong></span> <span class='ocrx_word' id='word_1_261' title='bbox 1373 2183 1572 2233; x_wconf 85' lang='lat' dir='ltr'><strong>apostolica</strong></span> <span class='ocrx_word' id='word_1_262' title='bbox 1608 2184 1744 2222; x_wconf 88' lang='lat' dir='ltr'><strong>virtute</strong></span> 
     </span>
     <span class='ocr_line' id='line_1_29' title="bbox 215 2240 1743 2294; baseline 0.003 -17"><span class='ocrx_word' id='word_1_263' title='bbox 215 2253 375 2291; x_wconf 88' lang='lat' dir='ltr'><strong>quarum</strong></span> <span class='ocrx_word' id='word_1_264' title='bbox 398 2240 495 2277; x_wconf 83' lang='lat' dir='ltr'><strong>dicta</strong></span> <span class='ocrx_word' id='word_1_265' title='bbox 521 2241 676 2278; x_wconf 90' lang='lat' dir='ltr'><strong>monitio</strong></span> <span class='ocrx_word' id='word_1_266' title='bbox 694 2242 804 2279; x_wconf 88' lang='lat' dir='ltr'><strong>debet</strong></span> <span class='ocrx_word' id='word_1_267' title='bbox 825 2255 1029 2287; x_wconf 87' lang='lat' dir='ltr'><strong>emanasse,</strong></span> <span class='ocrx_word' id='word_1_268' title='bbox 1053 2255 1094 2279; x_wconf 89' lang='lat' dir='ltr'><strong>ac</strong></span> <span class='ocrx_word' id='word_1_269' title='bbox 1120 2242 1235 2293; x_wconf 83' lang='lat' dir='ltr'><strong>gratia</strong></span> <span class='ocrx_word' id='word_1_270' title='bbox 1254 2255 1318 2279; x_wconf 90' lang='lat' dir='ltr'><strong>seu</strong></span> <span class='ocrx_word' id='word_1_271' title='bbox 1337 2243 1526 2280; x_wconf 87' lang='lat' dir='ltr'><strong>concessio</strong></span> <span class='ocrx_word' id='word_1_272' title='bbox 1549 2243 1595 2280; x_wconf 90' lang='lat' dir='ltr'><strong>de</strong></span> <span class='ocrx_word' id='word_1_273' title='bbox 1612 2257 1685 2294; x_wconf 84' lang='lat' dir='ltr'><strong>qua</strong></span> <span class='ocrx_word' id='word_1_274' title='bbox 1706 2245 1743 2282; x_wconf 88' lang='lat' dir='ltr'><strong>in</strong></span> 
     </span>
     <span class='ocr_line' id='line_1_30' title="bbox 217 2299 1743 2351; baseline 0.004 -16"><span class='ocrx_word' id='word_1_275' title='bbox 217 2299 306 2349; x_wconf 90' lang='lat' dir='ltr'><strong>ipsis</strong></span> <span class='ocrx_word' id='word_1_276' title='bbox 325 2299 453 2336; x_wconf 87' lang='lat' dir='ltr'><strong>litteris</strong></span> <span class='ocrx_word' id='word_1_277' title='bbox 472 2299 513 2336; x_wconf 82' lang='lat' dir='ltr'><strong>fit</strong></span> <span class='ocrx_word' id='word_1_278' title='bbox 531 2300 686 2346; x_wconf 85' lang='lat' dir='ltr'><strong>mentio,</strong></span> <span class='ocrx_word' id='word_1_279' title='bbox 705 2300 973 2338; x_wconf 89' lang='lat' dir='ltr'><strong>conditionales</strong></span> <span class='ocrx_word' id='word_1_280' title='bbox 991 2313 1055 2337; x_wconf 89' lang='lat' dir='ltr'><strong>seu</strong></span> <span class='ocrx_word' id='word_1_281' title='bbox 1074 2300 1237 2337; x_wconf 87' lang='lat' dir='ltr'><strong>causales</strong></span> <span class='ocrx_word' id='word_1_282' title='bbox 1251 2304 1349 2346; x_wconf 84' lang='lat' dir='ltr'><strong>sunt,</strong></span> <span class='ocrx_word' id='word_1_283' title='bbox 1363 2306 1399 2338; x_wconf 91' lang='lat' dir='ltr'><strong>et</strong></span> <span class='ocrx_word' id='word_1_284' title='bbox 1408 2313 1534 2338; x_wconf 88' lang='lat' dir='ltr'><strong>earum</strong></span> <span class='ocrx_word' id='word_1_285' title='bbox 1552 2306 1743 2351; x_wconf 81' lang='lat' dir='ltr'><strong>praetextu</strong></span> 
     </span>
    </p>
   </div>
   <div class='ocr_carea' id='block_1_5' title="bbox 257 2416 1182 2454">
    <p class='ocr_par' dir='ltr' id='par_1_5' title="bbox 257 2416 1182 2454">
     <span class='ocr_line' id='line_1_31' title="bbox 257 2416 1182 2454; baseline 0.002 -11"><span class='ocrx_word' id='word_1_286' title='bbox 257 2416 264 2432; x_wconf 88' lang='lat'>¹</span> <span class='ocrx_word' id='word_1_287' title='bbox 287 2417 321 2443; x_wconf 88' lang='lat' dir='ltr'><strong>Cc</strong></span> <span class='ocrx_word' id='word_1_288' title='bbox 337 2417 436 2444; x_wconf 70' lang='lat' dir='ltr'><strong>reuinci</strong></span> <span class='ocrx_word' id='word_1_289' title='bbox 447 2422 486 2444; x_wconf 84' lang='lat' dir='ltr'><strong>est</strong></span> <span class='ocrx_word' id='word_1_290' title='bbox 497 2426 529 2444; x_wconf 90' lang='lat' dir='ltr'><strong>cn</strong></span> <span class='ocrx_word' id='word_1_291' title='bbox 541 2426 613 2444; x_wconf 83' lang='lat' dir='ltr'><strong>assez</strong></span> <span class='ocrx_word' id='word_1_292' title='bbox 626 2418 746 2444; x_wconf 79' lang='lat' dir='ltr'><strong>mauvais</strong></span> <span class='ocrx_word' id='word_1_293' title='bbox 759 2417 813 2444; x_wconf 72' lang='lat' dir='ltr'><strong>ctat</strong></span> <span class='ocrx_word' id='word_1_294' title='bbox 825 2427 831 2444; x_wconf 92' lang='lat'>:</span> <span class='ocrx_word' id='word_1_295' title='bbox 843 2418 876 2444; x_wconf 86' lang='lat' dir='ltr'><strong>dc</strong></span> <span class='ocrx_word' id='word_1_296' title='bbox 887 2417 911 2445; x_wconf 64' lang='lat'><strong>131</strong></span> <span class='ocrx_word' id='word_1_297' title='bbox 922 2419 1052 2454; x_wconf 84' lang='lat' dir='ltr'><strong>quelques</strong></span> <span class='ocrx_word' id='word_1_298' title='bbox 1066 2419 1182 2445; x_wconf 76' lang='lat' dir='ltr'><strong>lacunos-</strong></span> 
     </span>
    </p>
   </div>
   <div class='ocr_carea' id='block_1_6' title="bbox 1552 2465 1599 2502">
    <p class='ocr_par' dir='ltr' id='par_1_6' title="bbox 1552 2465 1599 2502">
     <span class='ocr_line' id='line_1_32' title="bbox 1552 2465 1599 2502; baseline 0 0"><span class='ocrx_word' id='word_1_299' title='bbox 1552 2465 1599 2502; x_wconf 74' lang='lat'><strong>27</strong></span> 
     </span>
    </p>
   </div>
  </div>
 </body>
</html>
