2184 3074
730 326 893 364 CODEX
920 325 1165 364 DUNENSlS.
1644 325 1710 361 2¹1

180 447 327 498 sibique
357 445 600 483 adhaerentes
626 448 662 481 et
687 443 719 481 ei
748 442 935 492 subjectos
959 442 1089 489 initur,
1113 455 1188 480 non
1212 447 1364 493 propter
1392 442 1463 480 hoc
1486 455 1619 493 guerra
1642 441 1715 479 dici

180 504 315 556 poterit
336 503 456 554 sopita
477 503 535 540 vel
558 502 698 547 sedata,
725 501 938 552 quinimmo
958 506 1041 552 post
1063 501 1179 552 ipsius
1198 501 1397 539 decursum
1419 501 1596 552 temporis
1616 500 1717 551 peri-

177 562 340 600 culosius
358 562 496 600 instare
512 561 661 598 videtur
674 560 724 606 ei,
744 573 831 611 ergo
842 559 1036 610 providius
1047 560 1195 597 obstare
1211 573 1358 598 necesse
1371 564 1426 598 est
1438 565 1474 597 et
1488 559 1715 597 munitiones

180 622 337 672 majores
359 621 730 672 solitovpraepararffi
754 624 905 671 propter
929 633 1025 671 quae
1051 620 1301 657 verisimiliter
1329 620 1514 670 praesumi
1540 623 1660 670 potest
1681 623 1718 655 et

177 680 287 718 debet
306 679 408 730 quod
433 679 590 716 intentio
617 678 759 716 domini
784 692 900 729 papae
923 678 989 729 qui
1020 683 1166 716 tenetur
1184 678 1409 717 Universalis
1428 678 1612 716 Ecclesiae
1631 677 1716 727 jura

179 739 290 785 tueri,
309 751 385 776 non
410 738 464 777 sic
488 739 553 776 uni
574 738 813 775 concedendo
839 738 958 775 faveat
989 738 1091 788 quod
1121 738 1202 776 aliis
1225 751 1336 776 onera
1364 736 1616 788 importabilia
1641 749 1716 773 non

179 798 363 848 imponat,
389 803 425 835 et
442 802 484 835 ut
505 798 695 844 ecclesiae,
720 797 1064 847 ecclesiasticaeque
1093 811 1272 848 personae
1293 797 1471 848 praedicti
1503 796 1717 840 comitatus,

180 856 266 894 licet
281 856 327 893 de
345 869 460 907 regno
478 855 668 906 praedicto
693 856 894 893 existerent
919 860 960 892 ut
991 855 1122 892 asserit
1139 856 1324 905 praefatus
1342 868 1422 900 rex‚
1443 855 1480 891 in
1498 854 1556 892 sui
1574 857 1610 890 et
1627 865 1717 899 ⁵⁰⁰¹:

179 926 263 951 rum
294 913 583 952 destructionem
613 919 650 952 et
681 914 1001 965 impugnationem
1033 913 1133 950 dicto
1165 915 1240 965 regi
1267 914 1314 951 de
1343 913 1452 951 honis
1482 913 1558 950 suis
1587 915 1717 948 contra

178 972 318 1023 seipsos
339 977 374 1010 et
396 973 604 1024 principem
629 972 845 1010 earumdem
870 972 1015 1022 aliquid
1046 974 1214 1010 conferre
1234 973 1394 1010 debeant
1411 973 1465 1009 vel
1484 971 1530 1008 ad
1554 970 1590 1008 id
1614 983 1718 1007 com-

178 1031 266 1082 pelli
283 1032 430 1069 valeant
445 1031 579 1082 quovis
598 1032 710 1069 modo
728 1031 864 1074 virtute
882 1031 1088 1069 litterarum
1109 1036 1145 1068 et
1161 1032 1299 1081 gratiae
1321 1031 1611 1083 praedictarum,
1630 1041 1716 1066 cum

178 1089 316 1126 afflicto
341 1102 418 1127 non
442 1090 490 1127 sit
513 1090 666 1127 afflictio
693 1089 924 1135 adhibenda,
943 1089 1177 1140 dignumque
1198 1090 1246 1127 sit
1262 1094 1304 1127 ut
1321 1090 1386 1141 qui
1404 1090 1525 1127 varios
1544 1087 1718 1125 inimico-

179 1162 263 1187 rum
280 1162 435 1186 suorum
453 1149 626 1187 incursus
644 1162 686 1186 ac
704 1149 869 1186 diversas
890 1148 1047 1198 injurias
1074 1154 1148 1186 tam
1169 1149 1207 1186 in
1231 1149 1399 1201 personis
1416 1162 1529 1199 quam
1548 1148 1586 1184 in
1606 1146 1718 1184 rebus

178 1220 306 1258 passae
322 1212 410 1251 sunt
427 1207 610 1254 indebite,
625 1207 878 1258 respirationis
893 1207 1066 1245 solatium
1087 1208 1362 1258 aliquantulum
1385 1207 1566 1258 recipiant
1590 1218 1632 1242 ac
1652 1217 1719 1254 per

181 1265 360 1316 temporis
380 1266 617 1303 intervallum
635 1266 799 1316 quietem
819 1265 978 1303 habeant
997 1270 1081 1316 post
1099 1266 1284 1310 laborem3
1305 1279 1372 1303 nec
1389 1265 1589 1316 quisquam
1608 1275 1718 1300 sanae

179 1323 312 1361 mentis
330 1324 514 1374 intelligat
531 1337 590 1361 me
607 1324 665 1362 vel
685 1324 858 1361 dominos
879 1337 993 1369 meos,
1008 1324 1256 1374 proponendo
1274 1324 1488 1374 praemissa,
1509 1322 1602 1359 velle
1620 1319 1718 1358 ordi-

177 1381 392 1420 nationibus
423 1388 459 1419 et
484 1382 670 1419 mandatis
701 1382 915 1433 apostolicis
947 1395 1014 1432 per
1043 1382 1334 1419 inobedientiam
1358 1382 1540 1426 resistere,
1561 1380 1717 1431 quibus,

176 1439 266 1477 dum
282 1440 371 1478 certi
391 1440 542 1486 fuerint,
558 1440 738 1491 praedicti
753 1440 896 1478 domini
912 1440 983 1477 mei
998 1441 1130 1477 volunt
1147 1445 1183 1478 et
1208 1441 1405 1478 intendunt
1426 1439 1616 1477 humiliter
1633 1437 1718 1474 obe·

176 1498 256 1536 dire
273 1503 309 1537 et
331 1513 372 1537 ea
394 1512 464 1550 pro
489 1499 634 1537 viribus
655 1499 878 1551 adimplere,
906 1513 1003 1550 quae
1025 1500 1224 1550 praemissa
1250 1504 1374 1537 notata
1399 1504 1487 1537 sunt
1508 1512 1571 1536 seu
1597 1495 1719 1534 mani-

177 1559 278 1606 festa,
292 1563 328 1597 et
345 1573 386 1597 ea
402 1573 498 1611 quae
517 1560 611 1597 facta
631 1564 719 1598 sunt
735 1560 783 1597 de
801 1560 1013 1611 praemissis
1031 1560 1087 1596 vel
1106 1574 1151 1597 ex
1168 1560 1220 1598 eis
1239 1560 1341 1611 quod
1360 1561 1528 1598 sufficere
1545 1563 1665 1610 potest
1682 1563 1718 1595 et

177 1617 286 1655 debet
303 1617 350 1655 ad
369 1618 586 1655 canonicam
605 1618 1029 1671 appellationein,otl'ero
1045 1631 1103 1655 me
1122 1619 1273 1655 nomine
1291 1618 1530 1655 dominorum
1546 1629 1715 1654 meorum

178 1675 450 1726 praedictorum
479 1677 560 1714 loco
591 1682 627 1714 et
652 1682 818 1727 tempore
847 1690 972 1714 coram
998 1677 1296 1727 competentibus
1322 1676 1515 1726 judicibus
1544 1676 1716 1713 decenter

179 1733 436 1784 probaturum.

890 1792 1006 1802 ⁸⁴0—

877 1915 1021 1953 CXXX.

202 2024 253 2061 Le
277 2035 488 2073 procureur
511 2023 573 2060 des
604 2022 814 2073 reliqieuses
845 2023 895 2059 du
924 2024 1126 2060 manascere
1150 2022 1194 2059 de
1227 2022 1263 2058 la
1286 2018 1688 2058 mavelle-Jerusalem

277 2081 526 2131 (Sper-manue
541 2082 570 2130 ¹)
583 2081 738 2118 re'clame
753 2080 803 2118 les
811 2080 1009 2131 privile'qes
1023 2081 1192 2118 accorde's
1205 2081 1228 2116 ἀ
1241 2079 1378 2117 l’ordre
1390 2079 1435 2115 de
1449 2079 1612 2115 Citeauoe.

226 2254 304 2304 Ego
332 2253 414 2298 talis
445 2255 482 2292 in
515 2255 738 2293 monasterio
769 2256 831 2292 tali
865 2260 1092 2306 procurator,
1124 2254 1264 2291 habens
1293 2253 1340 2290 ab
1371 2253 1424 2290 eis
1453 2253 1640 2290 sufficiens
1666 2251 1713 2289 ad

180 2312 412 2364 infrascripta
431 2314 666 2361 mandatum,
686 2327 855 2366 propono
879 2315 982 2365 quod
1010 2315 1094 2352 licet
1113 2314 1281 2351 executio
1301 2312 1576 2350 constitutionis
1596 2325 1715 2362 nuper

219 2412 227 2426 ¹
250 2411 297 2438 Les
321 2412 476 2446 religieuses
499 2413 687 2439 cisterciennes
708 2413 740 2439 dr
765 2413 946 2440 Nicuw·Land
970 2413 1090 2440 s‘etaicnt
1114 2412 1236 2440 ctnblics.
1257 2411 1394 2442 0111241,
1409 2410 1571 2445 aSysseelc.
1596 2411 1662 2437 dans
1689 2412 1713 2437 lc

181 2457 329 2485 monastero
343 2459 377 2485 dc
390 2458 566 2494 Spcrmaitlic.
