2184 3074
739 311 901 351 CODEX
926 309 1168 348 DUNENSIS.
1669 312 1716 349 55

181 435 386 473 Dominum
406 438 441 470 et
457 445 584 484 preces
602 444 701 468 meas
720 429 917 481 praedictis
935 428 1122 466 licentiam
1140 427 1349 465 concedatis
1367 428 1512 465 emendi
1541 429 1578 466 in
1606 429 1716 466 Flan-

183 494 264 531 dria
292 493 458 530 redditus
481 505 600 542 usque
623 490 670 527 ad
691 502 874 527 summam
894 487 1044 538 triginta
1065 487 1244 524 librarum
1271 487 1482 533 annuatim,
1506 488 1562 524 vel
1588 493 1713 535 terras,

180 553 282 590 unde
297 553 404 589 annis
421 550 577 601 singulis
592 551 712 587 levare
730 553 906 599 poterunt
923 560 1106 584 summam
1125 546 1339 584 reddituum
1358 546 1651 597 praedictorum,
1666 547 1714 585 ita

181 610 284 662 quod
304 610 452 647 licentia
469 613 589 646 vestra
607 607 654 644 ad
673 607 744 644 hoc
763 605 985 651 extendatur
1001 604 1105 656 quod
1124 604 1332 655 praedictos
1354 605 1521 642 redditus
1543 605 1622 642 sive
1640 610 1715 642 ter—

181 683 240 707 ras
259 669 298 706 in
316 673 434 706 morte
451 680 515 705 sua
537 666 689 703 nomine
707 664 914 702 testamenti
932 664 1076 714 possint
1094 663 1210 700 libere
1231 663 1341 700 alicui
1364 663 1535 714 religioso
1559 664 1714 714 collegio

181 727 384 778 assignare,
402 729 439 763 et
454 738 566 776 super
583 724 652 761 hac
670 723 817 760 lieentia
835 726 955 759 vestra
969 722 1014 758 ad
1029 735 1123 772 opus
1137 721 1411 771 praedictorum
1426 721 1563 758 litteras
1577 726 1714 759 vestras

180 776 346 837 patentes
365 784 454 821 dare
470 782 676 834 dignemini
697 781 830 818 nuntio
847 793 930 817 meo
949 779 1198 830 praesentium
1218 779 1399 830 portitori.

889 903 996 915 -οο-Φ-

885 1045 1010 1084 XLIII.

176 1166 433 1204 Autorisalion
451 1164 589 1202 donnee
606 1164 628 1200 οὶ
649 1176 702 1200 un
718 1165 844 1213 pretre
860 1163 926 1212 qui
946 1175 970 1199 a
984 1163 1070 1212 pris
1094 1162 1130 1199 la
1152 1163 1257 1199 croix
1273 1175 1374 1212 pour
1394 1175 1432 1199 se
1456 1162 1590 1199 rendre
1608 1163 1631 1199 ἀ
1647 1163 1712 1199 Je'-

280 1223 462 1268 rusalem,
481 1222 524 1259 de
541 1235 578 1260 se
593 1222 692 1272 faire
709 1221 914 1271 remplacer
926 1220 1093 1270 pendant
1112 1222 1202 1258 trois
1219 1233 1288 1258 ans
1302 1233 1379 1270 par
1396 1233 1449 1257 tm
1466 1221 1612 1257 vicaire.

224 1420 408 1459 Noveritis
422 1418 524 1470 quod
543 1417 765 1455 constitutus
786 1430 909 1454 coram
931 1417 1039 1454 nobis
1054 1417 1229 1454 dominus
1246 1421 1394 1454 curatus
1410 1446 1565 1463 .....
1580 1431 1709 1455 cruce-

174 1479 340 1530 signatus
365 1482 401 1515 et
421 1483 556 1515 terram
578 1477 943 1515 Jherosolimitanam
969 1476 1117 1514 visitare
1140 1480 1308 1527 paratus,
1340 1489 1424 1513 cum
1457 1490 1477 1514 a
1506 1477 1707 1514 venerabili

173 1537 255 1575 viro
283 1536 437 1574 domino
462 1535 686 1585 Trajectensi
710 1535 825 1571 electo
853 1535 1007 1571 liberam
1036 1534 1188 1571 haberet
1210 1534 1419 1571 facultatem
1447 1548 1467 1571 a
1496 1535 1586 1571 festo
1612 1535 1707 1572 beati

174 1595 333 1646 Remigii
351 1594 440 1630 anni
454 1593 606 1630 Domini
623 1592 827 1630 MLXXXII
845 1606 911 1643 per
925 1605 1082 1642 sequens
1101 1592 1303 1629 triennium
1321 1593 1509 1642 ydoneum
1528 1593 1708 1630 vicarium

174 1653 214 1690 in
236 1652 390 1690 ecelesia
408 1665 473 1689 sua
490 1650 740 1688 constituendi
759 1655 796 1688 et
817 1650 862 1687 de
881 1650 1124 1701 proventibus
1146 1651 1320 1688 ecclesiae
1341 1664 1428 1688 suae
1447 1651 1562 1688 libere
1580 1651 1710 1702 dispo-

175 1711 307 1758 nendi,
326 1711 425 1748 idem
440 1710 473 1748 J.
493 1709 690 1747 dominum
710 1737 816 1746 .....
823 1737 842 1746 ,.
859 1713 1028 1746 curatum
1047 1709 1128 1745 loco
1146 1721 1215 1746 suo
1229 1709 1438 1754 constituit,
1458 1714 1500 1747 ut
1516 1723 1576 1747 xvi
1595 1710 1709 1747 libras

175 1765 441 1815 Lovan'ienseffi
464 1781 557 1819 quas
574 1768 766 1807 annuatim
787 1767 833 1804 de
851 1767 1094 1818 proventibus
1112 1767 1286 1804 ecclesiae
1303 1781 1392 1804 suae
1410 1768 1530 1805 levare
1551 1768 1710 1806 debebat

173 1841 242 1878 pro
259 1827 394 1865 debitis
412 1827 489 1864 suis
507 1827 692 1864 solvendis
711 1840 753 1864 ac
770 1827 847 1864 suis
865 1826 1076 1863 elemosinis
1095 1826 1272 1864 faciendis
1292 1839 1358 1864 seu
1376 1827 1458 1867 aliis
1482 1827 1612 1864 usibus
1631 1827 1708 1864 suis

172 1885 405 1933 necessariis,
427 1886 606 1936 reciperet
622 1890 658 1922 et
675 1885 714 1922 in
733 1885 814 1922 loco
833 1884 895 1922 tali
913 1884 983 1922 sub
1002 1883 1170 1922 custodia
1189 1884 1271 1921 talis
1289 1884 1505 1935 deponeret,
1522 1890 1558 1922 et
1574 1898 1708 1922 secun-

171 1945 262 1983 dum
277 1945 550 1983 ordinationem
563 1959 629 1983 seu
641 1945 925 1996 dispositionem
941 1943 1132 1981 memorati
1147 1943 1179 1981 J.
1195 1943 1424 1994 disponeret,
1438 1944 1706 1995 quamquidem

171 2004 454 2055 dispositionem
477 2004 556 2055 ipse
579 2003 755 2041 dominus
777 2004 811 2042 J.
831 2007 915 2041 ante
939 2015 1152 2054 aggressum
1174 2002 1232 2039 sui
1257 2002 1401 2040 itineris
1427 2002 1639 2040 declarabit.
1666 2002 1706 2039 ln

171 2063 278 2113 cujus
289 2092 298 2110 ‚
325 2068 393 2101 etc.
