2184 3074
741 323 903 362 conssx
931 325 1171 365 DUNENSIS.
1650 341 1719 379 ¹77

181 444 393 498 praemissis
409 443 465 480 vel
484 443 612 494 aliquo
629 442 937 494 praemissorum,
954 443 1258 495 quandocunque
1278 460 1424 487 necesse
1442 452 1568 499 fuerit,
1587 459 1717 491 aucto-

180 503 289 543 ritate
306 502 477 554 supplent
490 514 556 539 seu
573 504 751 552 potestate
769 500 980 552 principali.
995 502 1069 539 Nos
1082 516 1175 541 *vero
1190 503 1360 544 homines
1374 507 1519 547 domini
1535 511 1582 549 de
1595 511 1719 551 Vorne

179 574 244 600 seu
275 560 484 612 cognitores
506 558 686 611 praedicti
713 559 847 598 harum
873 559 1079 598 litterarum
1110 561 1147 599 in
1172 563 1311 613 quibus
1338 579 1406 616 pro
1433 569 1569 607 nostris
1587 570 1718 621 sigillis

179 619 323 658 domiui
341 618 488 657 comitis
506 617 725 656 Hollandiae
744 617 798 656 uti
812 618 935 670 sigillo
950 619 1124 658 volumus
1137 625 1172 657 ct
1191 620 1284 658 illud
1303 624 1453 662 nomine
1469 631 1595 665 nostro
1608 628 1717 667 nobis

179 676 348 720 sufficere
365 681 617 728 competenter
634 675 840 723 credimus,
857 677 1069 715 testimonio
1091 682 1307 717 attestamur
1319 694 1386 719 nos
1402 683 1603 731 antedicto,
1618 699 1715 737 quae

181 736 365 787 pertinere
383 735 431 772 ad
451 739 621 772 nostrum
635 733 822 784 judicium
839 748 904 773 seu
919 736 1169 786 cognitionem
1192 737 1451 787 dinoscuntur,
1474 741 1602 780 secisse
1622 743 1715 795 legi-

141 836 146 839 *
180 795 270 833 time
286 798 399 846 prout
415 798 470 832 est
486 797 625 831 tactum
642 793 830 845 superius,
845 798 882 831 et
894 806 962 832 nos
977 799 1147 832 nostrum
1168 801 1280 846 prout
1296 797 1367 835 fuit
1380 811 1587 850 congruum
1601 815 1715 853 super

179 853 381 906 praemisso
403 851 686 904 permutationis
707 865 772 890 seu
795 852 1029 890 alienationis
1056 853 1204 905 negotio
1231 855 1495 907 interposuisse
1512 858 1713 897 decretum.

228 911 303 950 Nos
320 923 472 963 quoque
489 910 719 958 Florentius,
733 923 856 948 comes
874 911 1093 949 Hollnndiae
1106 912 1329 961 antedictus,
1344 915 1596 965 promittimus
1609 919 1712 969 quod

180 972 379 1024 praemissa
394 970 520 1008 omnia
539 974 576 1007 et
593 970 759 1020 singula,
777 974 952 1021 tanquam
972 969 1148 1008 dominus
1167 975 1283 1008 terrae
1301 973 1488 1023 superior,
1512 988 1578 1026 per
1596 989 1663 1013 nos
1681 982 1717 1013 et

179 1035 325 1069 nostros
347 1041 575 1068 successores
599 1033 780 1079 perpetuo
804 1028 981 1066 faciemus
1004 1029 1270 1067 inviolabiliter
1290 1031 1495 1077 observari3
1518 1038 1553 1070 et
1577 1034 1606 1071 si
1632 1035 1717 1085 quis

178 1089 342 1128 defectus
367 1087 540 1125 inventus
562 1085 733 1124 fueritin
760 1087 948 1133 futurum,
976 1087 1081 1124 illum
1109 1088 1368 1138 supplebimus
1395 1091 1611 1128 auctoritate
1642 1106 1715 1143 qua

180 1146 373 1198 fungimur
389 1145 599 1196 principali.

228 1206 270 1243 ln
297 1204 404 1255 cujus
426 1203 478 1241 rei
496 1203 751 1241 testimonium
776 1215 843 1240 nos
870 1204 984 1240 tutrix
1012 1203 1198 1254 praedicta
1226 1210 1352 1242 nostro
1372 1205 1493 1256 sigillo
1519 1202 1564 1243 ad
1584 1221 1717 1259 perpe-

180 1269 282 1302 tuam
308 1263 360 1301 rei
387 1261 603 1300 memoriam
627 1266 738 1312 etque
760 1261 871 1298 fidem
898 1266 1108 1312 praesentes
1136 1262 1274 1300 litteras
1299 1263 1453 1301 fecimus
1480 1266 1715 1303 communiri.

180 1323 255 1361 Nos
279 1322 388 1360 etiam
414 1333 538 1359 comes
561 1319 773 1371 praedictus
801 1320 838 1356 in
868 1320 1122 1357 testimonium
1149 1325 1184 1357 et
1210 1321 1402 1358 munimen
1431 1322 1662 1372 singulorum
1683 1330 1715 1360 et

178 1381 349 1419 omnium
373 1379 661 1431 praemissorum
693 1378 948 1428 praesentibus
981 1379 1110 1416 litteris
1144 1385 1311 1416 nostruin
1346 1380 1507 1429 sigillum
1539 1381 1716 1419 duximus

178 1438 458 1490 apponendum.

230 1499 363 1535 Actum
381 1501 417 1534 et
434 1496 562 1533 datum
574 1525 582 1541 ,
602 1499 672 1532 etc.

891 1580 1002 1590 7-0—

890 1724 996 1761 CXll.

180 1844 298 1880 Leltre
314 1842 358 1880 de
375 1843 490 1887 Jean,
509 1843 640 1892 eve'que
659 1842 702 1879 de
724 1842 920 1891 Tournay,
940 1854 983 1878 en
1005 1842 1139 1891 savem·
1156 1842 1200 1878 de
1218 1841 1336 1878 l'ecole
1353 1842 1414 1879 des
1434 1842 1715 1891 Bous-Enl'mns

443 1901 574 1950 fondee
589 1900 685 1938 dans
703 1906 786 1938 cette
803 1900 889 1938 ville
902 1913 982 1949 par
997 1900 1180 1938 Gauthier
1197 1901 1241 1938 de
1266 1901 1407 1938 marvis
1423 1905 1443 1936 ¹.

228 2097 418 2135 lohannes
450 2095 516 2133 Dei
548 2095 663 2146 gratia
676 2125 684 2141 ,
716 2101 801 2142 etc„
837 2096 918 2146 piae
949 2096 1214 2133 recordationis
1245 2095 1420 2132 dominus
1437 2123 1593 2131 .......
1623 2095 1711 2131 olim

181 2161 305 2194 noster
321 2154 595 2205 praedecessor,
612 2154 857 2192 Tornacensis
875 2154 1089 2205 episcopus,
1110 2154 1206 2191 inter
1224 2153 1382 2204 plurima
1398 2166 1492 2203 quat·
1508 2153 1590 2190 l’ecit
1605 2167 1713 2204 opera

180 2213 361 2259 caritatis,
378 2212 533 2250 domum
551 2212 590 2249 in
608 2212 776 2250 Tornaco
795 2212 840 2250 ad
860 2226 954 2263 opus
972 2226 1177 2264 pauperum
1197 2212 1395 2249 scolarium
1411 2211 1474 2262 qui
1491 2212 1585 2249 Boni
1606 2212 1712 2248 Pueri

181 2275 458 2321 nuncupantur,
477 2269 655 2317 instituit,
679 2269 718 2307 in
742 2284 816 2321 qua
836 2270 942 2307 multi
963 2270 1069 2307 bonis
1092 2269 1258 2306 moribus
1278 2273 1314 2307 et
1331 2269 1482 2306 scientia
1509 2269 1711 2306 litterarum

218 2390 226 2405 ¹
250 2388 402 2424 L'cpitaphc
413 2388 447 2414 de
459 2387 578 2422 l'echue
595 2388 627 2414 de
644 2388 772 2422 Tournuy
792 2389 922 2415 Guuthim-
972 2389 1005 2415 «le
1018 2392 1086 2415 cette
1099 2388 1180 2416 ecole.

181 2437 213 2463 de
230 2436 328 2463 Marx-is
344 2435 429 2470 (mort
440 2442 472 2460 cn
486 2432 578 2468 1251>
595 2435 726 2469 rnppelait
742 2435 764 2461 la
786 2435 922 2461 fondation-
