2184 3074
424 343 473 381 22
970 339 1131 377 CODEX
1156 338 1403 377 DUNENSIS.

428 459 598 503 notoriis,
617 457 806 495 evidenter
828 461 1003 507 appareat
1025 456 1178 493 cuilibet
1198 455 1355 492 intuenti
1381 455 1593 506 supradicta
1620 456 1762 493 dictum
1787 456 1959 494 abbatem

426 515 747 568 quamplurimum
761 527 899 551 errasse
913 514 951 551 in
965 513 1194 565 praemissis,
1211 518 1246 550 et
1263 513 1435 550 eumdem
1450 513 1710 552 defendentem
1724 513 1760 551 et
1773 513 1960 551 foventem

427 575 565 612 dictam
582 573 804 611 abbatissam
823 573 1181 610 excommunicatam
1197 586 1217 609 a
1235 585 1376 609 canone
1393 585 1457 609 seu
1472 571 1737 608 constitutione
1749 572 1961 622 supradicta

427 633 594 670 eamdem
614 631 1009 668 excommunicationis
1027 630 1245 668 sententiam
1267 630 1456 666 incurrere
1476 643 1517 666 ac
1534 630 1643 666 etiam
1658 630 1876 676 incurrisse,
1895 630 1962 667 de-

430 691 576 728 nuntiet
593 690 701 726 etiam
722 693 757 725 et
774 689 984 725 denuntiari
1005 688 1128 733 faciat,
1147 692 1189 724 ut
1205 687 1460 737 supradictum
1480 691 1551 732 est,
1570 687 1706 725 dictam
1726 688 1962 726 constitutio-

430 763 530 795 nem,
550 760 694 784 necnon
712 747 1032 783 denuntiationem
1050 759 1163 795 quam
1183 746 1337 782 fecimus
1360 750 1395 782 et
1413 746 1673 783 mandavimus
1695 746 1774 783 fieri
1797 746 1843 783 de
1865 746 1962 784 dicta

429 807 614 845 abbatissa
634 805 840 842 nuntianda
858 804 1177 841 excommunicata
1192 817 1211 840 a
1226 817 1368 840 canone
1381 817 1446 840 seu
1460 805 1724 842 constitutione
1737 805 1962 856 supradicta,

428 866 547 916 culpis
562 864 727 914 ejusdem
742 863 948 900 abbatissae
961 863 1196 913 exigentibus
1211 863 1366 899 notoriis
1380 876 1422 900 ac
1436 863 1545 900 etiam
1566 857 1768 902 manifestis
1778 894 1788 911 ‚
1803 865 1883 902 fieri
1897 865 1963 902 de-

429 924 516 960 bere
534 922 613 959 fieri
632 926 667 958 et
685 921 815 958 valere.
839 921 1015 972 Alioquin
1034 921 1175 958 dictum
1194 921 1367 957 abbatem
1385 921 1509 958 Sancti
1529 921 1713 969 Nicholai,
1731 922 1762 960 si
1782 923 1964 960 mandatis

430 982 565 1019 nostris
580 980 834 1030 obtemperare
848 980 1129 1026 contradixerit,
1145 980 1247 1030 quod
1263 980 1452 1017 notorium
1471 980 1519 1017 sit
1536 994 1578 1018 ac
1596 981 1706 1018 etiam
1726 982 1963 1020 manifestum

430 1055 496 1092 per
504 1053 544 1077 ea
553 1053 647 1090 quae
662 1039 748 1076 fecit
760 1043 796 1075 et
808 1039 998 1076 mandavit
1008 1039 1086 1076 fieri
1099 1045 1262 1076 nostram
1273 1039 1571 1088 jurisdictionem
1583 1044 1619 1077 et
1628 1045 1844 1091 potestatem
1857 1041 1964 1079 nobis

428 1100 551 1137 datam
571 1103 606 1135 et
623 1111 833 1135 concessam
852 1099 1068 1135 auctoritate
1085 1099 1204 1136 dictae
1225 1099 1501 1136 constitutionis
1521 1100 1712 1150 impediri,
1730 1100 1966 1151 contempni-

428 1172 502 1210 que
520 1158 821 1195 constitutionem
841 1157 1111 1208 supradictam,
1131 1172 1242 1208 quem
1262 1158 1300 1194 in
1318 1158 1389 1195 hiis
1410 1158 1556 1208 scriptis
1581 1159 1861 1208 suspendimus,
1885 1172 1966 1196 mo-

429 1217 571 1254 nitione
589 1216 805 1266 praemissa,
822 1216 868 1253 ab
895 1217 1062 1267 ingressu
1089 1217 1263 1253 ecclesiae
1287 1221 1322 1252 et
1346 1216 1393 1253 ab
1419 1216 1542 1253 officio
1569 1230 1791 1267 suspensum
1814 1230 1834 1254 a
1858 1217 1966 1254 nobis

430 1276 579 1326 publice
598 1275 791 1320 nuntietis,
807 1280 842 1311 et
856 1275 885 1312 si
901 1276 1037 1312 dictam
1052 1275 1333 1326 suspensionem
1348 1277 1467 1325 spatio
1480 1275 1606 1312 decem
1621 1276 1767 1312 die-rum
1782 1276 1966 1314 obstinata

428 1333 587 1370 elatione
605 1337 640 1369 et
657 1334 749 1370 elata
768 1333 1016 1370 obstinatione
1035 1335 1216 1371 sustinere
1232 1347 1306 1370 non
1322 1333 1596 1379 formidaverit,
1611 1334 1734 1384 ipsum
1750 1347 1862 1384 quem
1878 1338 1966 1371 tunc

428 1391 529 1428 dicto
549 1391 706 1428 termino
725 1404 792 1442 pro
811 1389 1079 1428 ammonitione
1097 1392 1168 1429 sibi
1188 1392 1372 1442 assignato
1392 1392 1430 1428 in
1450 1391 1520 1428 hiis
1538 1391 1685 1442 scriptis
1708 1391 1967 1429 excommuni-

429 1450 606 1496 cavimus,
617 1450 981 1487 excommunicatum
996 1464 1015 1487 a
1031 1451 1138 1487 nobis
1153 1451 1302 1501 publice
1318 1450 1513 1487 nuntietis:
1530 1450 1682 1488 citantes
1699 1451 1966 1488 nichilominus

429 1508 571 1544 dictum
597 1508 769 1545 abbatem
797 1509 920 1546 Sancti
946 1509 1113 1547 Nicliolai
1140 1509 1387 1559 peremptorie
1412 1522 1536 1545 coram
1564 1509 1672 1546 nobis
1702 1510 1759 1546 vel
1792 1510 1965 1547 mandato

430 1571 556 1603 nostro
574 1567 834 1617 personaliter,
852 1581 963 1617 super
984 1568 1276 1618 interrogatoriis
1301 1567 1421 1604 eidem
1442 1567 1619 1605 faciendis
1637 1581 1656 1604 a
1677 1568 1785 1606 nobis
1803 1574 1839 1606 et
1855 1582 1967 1619 super

430 1629 531 1662 tanto
549 1637 720 1670 excessu,
737 1625 783 1661 ad
801 1626 961 1676 primam
985 1627 1083 1663 diem
1102 1626 1303 1676 juridicam
1330 1631 1412 1676 post
1439 1631 1604 1663 octavam
1631 1626 1863 1677 Epiphaniae
1887 1628 1966 1664 Do-

430 1683 538 1729 mini,
556 1697 698 1720 necnon
714 1684 1003 1722 contradictores
1017 1689 1052 1721 et
1066 1685 1218 1721 rebelles
1234 1685 1476 1734 impedientes
1492 1689 1653 1721 nostram
1665 1685 1964 1734 jurisdictionem

429 1742 645 1778 auctoritate
662 1742 780 1779 dictae
799 1743 1074 1780 constitutionis
1099 1744 1207 1780 nobis
1232 1743 1356 1780 datam
1382 1747 1417 1780 et
1442 1756 1670 1790 concessam,
1690 1743 1720 1780 si
1743 1757 1838 1795 quos
1861 1738 1967 1781 inve·-

431 1801 572 1837 nieritis
591 1801 648 1837 vel
666 1801 863 1849 sciveritis,
881 1803 989 1840 nobis
1010 1803 1200 1840 Chatalani
1224 1816 1468 1853 responsuros
1487 1807 1522 1839 et
1544 1803 1648 1853 quod
1668 1802 1813 1852 justum
1835 1803 1965 1850 fuerit,

430 1863 654 1910 recepturos.

480 1918 523 1955 ln
539 1918 610 1955 hiis
625 1922 747 1955 autem
763 1920 989 1969 exequendis
1004 1934 1101 1958 unus
1117 1925 1278 1957 vestrum
1297 1919 1389 1956 alios
1411 1933 1485 1956 non
1502 1924 1706 1970 exspectet,
1722 1923 1757 1957 et
1770 1919 1863 1970 quid
1878 1919 1965 1957 inde

430 1977 587 2014 feceritis
606 1978 714 2014 nobis
734 1991 798 2027 per
816 1978 952 2016 litteras
971 1984 1108 2017 vestras
1127 1985 1291 2030 patentes
1313 1979 1470 2016 fideliter
1486 1979 1706 2016 rescribatis.

479 2035 521 2072 ln
544 2036 650 2085 cujus
675 2036 726 2072 rei
752 2036 1004 2075 testimonium
1028 2039 1085 2076 vel
1106 2039 1269 2076 mandati
1298 2038 1491 2074 munimen
1521 2038 1643 2088 sigillo
1670 2037 1794 2074 curiae
1819 2041 1964 2074 nostrae

429 2094 722 2140 Chatalanensis,
750 2108 825 2145 quo
851 2096 908 2133 usi
932 2110 1060 2134 sumus
1084 2099 1122 2134 in
1144 2097 1212 2134 hac
1236 2102 1356 2148 parte,
1376 2097 1632 2147 praesentibus
1654 2096 1785 2134 litteris
1810 2096 1964 2134 fecimus

430 2153 594 2203 sigillari.
618 2154 772 2198 Datum,
801 2159 867 2191 etc.
