2184 3074
468 323 516 360 78
1020 319 1180 357 CODEX
1208 319 1454 358 DUNENSIS.

464 440 541 489 jam
563 451 638 475 non
662 438 747 475 estis
766 437 837 474 sub
855 437 933 488 lege
951 437 1016 474 sed
1034 437 1105 474 suh
1128 437 1262 487 gratia,
1286 437 1336 474 ita
1352 437 1557 474 secundum
1577 450 1742 476 severam
1761 440 1873 477 vestri
1890 439 2005 477 disci-

468 498 608 549 plinam
634 496 881 545 dijudicantes
911 509 978 533 vos
1009 496 1108 546 ipsos
1139 500 1181 532 ut
1210 496 1274 532 vix
1306 496 1455 546 possitis
1485 496 1532 533 ab
1563 496 1636 532 alio
1667 497 1747 534 sine
1775 498 2006 548 praejudicio

465 555 644 606 judicari,
661 554 857 591 faveamini
876 554 1130 591 favorabiliter
1148 554 1186 590 in
1201 559 1343 591 vestrae
1365 554 1599 591 innocentiae
1613 555 1774 605 puritate
1787 569 1883 606 quae
1896 569 2008 593 accu-

469 615 584 651 ratius
603 613 786 650 custodita
806 617 908 649 tanto
925 617 967 649 ut
985 626 1176 663 speramus
1194 613 1232 649 in
1253 616 1379 649 monte
1397 613 1718 660 sanctificationis,
1735 614 1801 651 ubi
1827 614 2009 665 plantavit

468 686 533 710 vos
548 672 730 708 Dominus
745 676 780 707 et
794 669 996 707 vivificavit
1010 670 1048 706 in
1064 683 1146 706 rore
1158 670 1353 716 virtutum,
1368 670 1514 706 clariori
1531 670 1612 707 luce
1626 671 1784 722 fulgebit
1796 672 2007 710 minoribus

469 745 535 781 per
554 730 766 779 exemplum
782 732 923 778 quanto
938 728 1062 764 minus
1078 728 1266 764 molestiae
1284 728 1446 764 exterius
1464 728 1692 766 formidabit.
1709 730 1807 767 Hinc
1822 735 1877 768 est
1892 730 2007 782 quod,

469 803 553 826 cum
580 788 776 825 obtineatis
802 801 846 824 ex
874 787 1070 837 privilegio
1094 786 1200 823 Sedis
1228 787 1463 837 Apostolicae
1488 787 1639 837 speciali
1666 792 1708 825 ut
1732 789 1826 825 nulli
1853 789 2008 827 omnino

470 848 668 885 hominum
689 846 774 883 licet
788 846 826 882 in
842 859 906 883 vos
924 846 982 882 vel
997 846 1035 882 in
1054 846 1277 882 monasteria
1296 850 1416 883 vestra
1435 850 1499 883 aut
1520 847 1649 884 fratres
1672 847 1767 885 inibi
1788 848 2009 886 constitutos

470 912 596 945 contra
612 906 649 942 id
663 905 766 956 quod
778 906 825 942 ab
836 905 980 955 origine
994 905 1137 942 ordinis
1153 906 1321 942 noscitur
1333 906 1570 943 observatum
1581 935 1590 952 ,
1600 906 2009 953 excommunicationis,

470 964 724 1016 suspensionis
740 964 796 1000 vel
813 963 1000 1000 interdicti
1016 964 1216 1000 sententias
1231 964 1479 1014 promulgare,
1490 977 1558 1002 nos
1572 964 1689 1015 quieti
1703 969 1845 1003 vestrae
1857 969 2010 1016 paterna

470 1025 634 1061 volentes
647 1022 838 1073 diligentia
853 1022 1061 1072 providere,
1076 1021 1274 1071 adjicimus
1288 1021 1334 1059 de
1347 1022 1464 1072 gratia
1475 1022 1620 1073 potiore
1633 1023 1889 1060 auctoritatem
1903 1022 2010 1060 vobis

470 1081 719 1133 praesentium
742 1080 972 1130 indulgendo
992 1084 1033 1117 ut
1053 1093 1127 1117 non
1146 1080 1268 1118 solum
1289 1080 1388 1127 aliis,
1409 1094 1540 1118 verum
1562 1081 1672 1118 etiam
1694 1094 1762 1118 nec
1775 1080 2012 1136 Apostolicae

471 1141 574 1179 Sedis
607 1140 733 1190 legatis
765 1139 964 1176 sententias
989 1139 1410 1185 excommunicationis,
1434 1139 1708 1189 suspensionis,
1733 1139 1920 1177 interdicti
1950 1139 2009 1176 vel

471 1199 581 1236 etiam
602 1227 608 1235 .
631 1227 637 1234 .
659 1227 667 1234 .
684 1227 691 1234 .
709 1213 716 1234 ;
734 1227 742 1234 .
763 1197 801 1233 in
819 1210 885 1234 vos
903 1197 959 1233 vel
980 1197 1018 1234 in
1038 1197 1260 1234 monasteria
1279 1201 1399 1234 vestra
1418 1197 1498 1234 sine
1516 1201 1643 1235 nostro
1662 1198 1812 1248 speciali
1835 1197 2010 1235 mandato

472 1258 706 1307 aliquatenus
725 1255 859 1292 audeat
877 1256 1133 1306 promulgare,
1151 1269 1245 1306 quas
1265 1255 1294 1292 si
1313 1255 1542 1307 promulgari
1566 1256 1775 1307 contingat,
1797 1256 1920 1294 irritas
1944 1255 2012 1293 de-

471 1317 658 1354 cernimus
676 1320 712 1351 et
730 1315 869 1352 inanes.
889 1315 946 1352 Ad
971 1315 1080 1361 haec,
1103 1328 1189 1351 cum
1213 1328 1280 1365 per
1299 1315 1368 1352 Dei
1391 1315 1547 1366 gratiam
1566 1315 1703 1352 ostium
1721 1319 1885 1353 vestrum
1907 1315 2011 1352 omni

471 1379 594 1425 pateat
618 1374 843 1419 transeunti,
871 1373 1115 1424 prohibemus
1140 1374 1294 1426 omnino
1320 1387 1367 1410 ne
1390 1374 1625 1424 Apostolicae
1641 1373 1745 1411 Sedis
1771 1374 1900 1424 legatis
1922 1386 2012 1425 pro—

472 1433 681 1470 curationes
707 1431 941 1482 pecuniarias
967 1445 987 1467 a
1013 1431 1120 1468 vobis
1151 1432 1297 1482 exigere
1327 1432 1385 1468 vel
1413 1435 1634 1482 extorquere
1663 1436 1920 1482 praesumant,
1945 1431 2011 1469 sed

472 1505 557 1528 cum
580 1490 626 1526 ad
646 1490 757 1526 vestri
777 1489 920 1526 ordinis
939 1489 1070 1526 domos
1089 1490 1326 1536 accesserint,
1345 1490 1425 1526 sine
1442 1489 1612 1526 carnium
1631 1503 1696 1527 esu
1714 1490 1808 1528 cibis
1829 1490 2011 1542 regulari—

470 1550 540 1586 bus
560 1549 635 1585 sint
657 1548 832 1585 contenti.
853 1548 952 1584 Nulli
982 1561 1084 1598 ergo,
1111 1552 1195 1594 etc.,
1223 1548 1320 1585 hanc
1343 1548 1516 1599 paginam
1541 1553 1687 1586 nostrae
1709 1549 1957 1587 concessionis
1975 1553 2011 1586 et

472 1607 708 1644 inhibitionis
727 1606 943 1657 infringere,
962 1611 1029 1643 etc.
1798 1643 1800 1645 ,

521 1667 657 1703 Datum
678 1666 846 1702 Laterani
866 1680 886 1702 x
906 1666 1080 1703 kalendas
1100 1665 1307 1703 decembris
1326 1666 1564 1716 pontificatus
1584 1666 1699 1703 nostri
1718 1679 1817 1703 anno
1835 1667 1954 1703 tertio.

1187 1790 1307 1799 qen-—

1185 1932 1309 1969 LVIIl.

473 2051 542 2086 Les
560 2050 781 2086 monasteres
798 2049 842 2086 de
861 2049 1000 2086 l'ordre
1017 2050 1060 2086 de
1079 2050 1233 2087 Citeauae
1250 2063 1294 2087 ne
1310 2057 1394 2088 som
1403 2052 1512 2100 point
1526 2051 1678 2095 soumis,
1692 2062 1736 2087 en
1753 2050 1903 2086 matiere
1919 2049 2009 2086 d’in-

714 2107 825 2145 terdit
842 2114 875 2144 et
891 2108 1298 2154 d'eoecommunicalion,
1317 2110 1339 2146 ἀ
1358 2109 1541 2146 l'autorite'
1557 2108 1767 2158 episcopale.

519 2310 655 2347 Lucius
674 2311 887 2361 episcopus,
902 2325 1030 2350 servus
1048 2326 1239 2350 servorum
1259 2313 1346 2360 Dei,
1362 2313 1507 2350 dilectis
1525 2313 1612 2350 filiis
1630 2313 1755 2351 abbati
1774 2312 2007 2350 cisterciensi

468 2371 504 2404 et
522 2367 706 2405 universis
725 2370 969 2408 coabbatibus
988 2372 1067 2420 ejus
1087 2372 1157 2409 sub
1176 2372 1306 2409 eodem
1321 2372 1453 2409 ordine
1466 2372 1629 2410 Domino
1644 2371 1890 2410 servientibus
1905 2372 2006 2409 salu-

469 2430 542 2462 tem
562 2430 597 2463 et
615 2428 853 2477 apostolicam
873 2428 1182 2468 benedictionem.
