2184 3074
454 313 525 350 150
1001 310 1163 347 CODEX
1189 310 1436 348 DUNENSIS.

452 431 649 468 mediatam
669 429 725 464 vel
746 427 996 464 immediatam
1018 426 1242 463 habentibus
1261 430 1297 462 et
1315 439 1390 463 non
1410 426 1650 471 habentibus,
1668 429 1825 466 salutem
1841 433 1878 466 et
1889 442 1993 479 apos-

451 490 599 527 tolicam
618 485 928 524 benedictionem.

503 548 673 598 Legimus
691 546 811 582 Deum
830 557 934 580 suam
954 543 1173 580 sententiam
1193 543 1418 580 immutasse.
1439 543 1628 582 Sententia
1652 550 1688 582 et
1713 545 1900 582 ordinatio
1917 545 1994 583 sive

452 606 640 645 concessio
659 606 847 642 Romanae
862 602 967 639 Sedis
978 631 987 648 ,
1003 615 1089 638 cum
1105 601 1143 638 in
1157 615 1198 638 ea
1216 606 1429 652 surreptum
1445 602 1589 653 aliquid
1603 602 1730 650 suerit,
1751 608 1814 640 aut
1832 604 1912 654 ipsa
1926 615 1995 654 pro

453 663 748 703 consideratione
767 667 976 712 temporum
996 674 1060 697 seu
1080 660 1339 697 necessitatum
1359 661 1562 711 quicquam
1581 661 1785 699 decreverit
1801 662 1994 708 ordinare,

454 738 529 762 non
546 727 701 774 negatur
713 721 876 772 possein
893 720 1026 756 melius
1043 720 1276 756 commutari.
1292 720 1385 756 Cum
1400 725 1436 757 et
1449 721 1638 771 egregium
1653 721 1864 772 apostolum
1877 733 1995 772 quae-

453 784 538 820 dam
567 781 693 818 fecisse
720 780 900 829 legamus.
929 791 1026 828 quae
1053 783 1178 828 postea
1204 778 1437 828 reprobavit,
1465 791 1552 815 sane
1577 778 1722 816 dudum
1752 779 1888 816 dilecto
1914 779 1994 816 filio

452 841 569 879 nobili
588 840 669 876 viro
688 838 868 882 Roberto,
888 836 1013 874 comiti
1035 837 1247 883 Flandriae,
1263 851 1308 874 ex
1322 838 1432 874 certis
1447 837 1568 875 causis
1582 838 1869 876 rationabilibus
1883 842 1995 889 atque

451 900 522 951 piis
549 899 656 936 nobis
685 897 883 948 suggestis,
911 888 1162 933 concessimus
1189 901 1230 932 ut
1256 897 1392 948 aliquis
1412 897 1459 933 de
1480 897 1658 934 comitatu
1685 895 1876 947 praedicto
1899 896 1996 933 infra

452 958 668 996 comitatum
689 957 825 1006 degens
845 955 1017 991 eumdem
1036 959 1138 991 extra
1164 955 1382 992 comitatum
1411 956 1534 1005 ipsum
1559 955 1598 992 in
1627 968 1777 993 causam
1805 968 1925 1007 usque
1949 953 1996 992 ad

451 1017 655 1055 triennium
679 1015 772 1052 trahi
792 1014 1009 1051 auctoritate
1027 1013 1303 1051 ordinariorum
1327 1027 1480 1052 suorum
1513 1015 1848 1052 ecclesiasticorum
1871 1014 1931 1052 vel
1949 1013 1996 1051 ad

450 1076 636 1127 judicium
655 1073 799 1110 evocari
820 1085 894 1109 non
914 1072 1031 1123 possit
1055 1072 1212 1118 invitus,
1240 1072 1447 1110 dummodo
1466 1077 1616 1123 paratus
1635 1073 1748 1110 fuerit
1765 1073 1812 1110 de
1830 1085 1997 1124 conque-

454 1135 622 1172 rentibus
649 1133 744 1169 infra
771 1131 988 1168 comitatum
1019 1131 1208 1177 eumdem,
1238 1143 1362 1167 coram
1390 1132 1614 1182 competenti
1630 1131 1774 1181 judice,
1795 1130 1997 1181 deJ'ustitia

453 1193 688 1244 respondere.
715 1191 830 1228 Vobis
853 1204 1006 1241 quoque
1027 1190 1247 1227 mandamus
1276 1191 1379 1241 quod
1402 1203 1531 1228 omnes
1558 1203 1687 1228 causas
1715 1195 1751 1228 et
1776 1191 1857 1228 lites
1883 1202 1998 1241 quas-

452 1265 602 1302 cunque
615 1264 700 1287 cum
715 1250 1008 1300 quibuscunque
1026 1249 1071 1286 de
1088 1249 1266 1286 comitatu
1286 1249 1476 1299 praedicto
1490 1249 1568 1299 jam
1589 1253 1688 1286 ortas
1707 1249 1764 1286 vel
1783 1252 1867 1286 ante
1882 1247 1999 1285 trien-

454 1311 559 1347 nium
579 1309 812 1360 praedictum
832 1309 1007 1354 oritur-as,
1031 1309 1078 1344 ad
1097 1308 1348 1358 cognitionem
1375 1312 1534 1344 vestram
1555 1308 1698 1344 ratione
1717 1307 1786 1344 fori
1806 1306 1998 1344 ecclesius-

454 1370 516 1406 tici
549 1368 775 1419 pertinentes
806 1368 902 1404 infra
934 1368 1141 1417 praefatum
1174 1367 1413 1413 comitatum,
1446 1367 1484 1403 in
1515 1367 1605 1403 locis
1642 1366 1745 1412 tutis,
1777 1365 1934 1416 ydoneis
1964 1369 2000 1402 et

455 1427 747 1466 Flandrcnsibus
767 1439 842 1462 non
861 1426 1041 1476 suspectis
1059 1426 1206 1472 audire,
1231 1426 1288 1462 vel
1312 1426 1481 1476 personis
1505 1425 1662 1475 ydoneis
1691 1420 1801 1462 etiam
1821 1437 1898 1461 non
1917 1437 2001 1461 sus—

455 1487 570 1538 pectis
589 1487 626 1523 in
648 1486 736 1522 locis
751 1485 937 1522 similibus
953 1484 1184 1522 committere
1199 1485 1377 1521 curaretis
1388 1514 1396 1530 ,
1411 1484 1520 1521 certis
1537 1484 1800 1521 executoribus
1813 1482 2000 1534 deputatis

455 1546 520 1596 qui
541 1544 818 1582 concessionem
844 1544 1072 1594 praedictam
1098 1544 1234 1580 faciant
1256 1557 1323 1594 per
1347 1556 1544 1580 censuram
1568 1541 1854 1580 ecclesiasticam
1877 1540 2000 1578 invio-

457 1604 617 1641 labiliter
647 1602 852 1647 observari,
886 1607 921 1638 et
950 1602 1216 1638 nichilominus
1247 1615 1312 1638 vos
1337 1601 1384 1638 ad
1412 1601 1620 1652 parendum
1653 1599 1837 1637 mandatis
1864 1599 2000 1636 nostris

458 1662 674 1712 hujusmodi
694 1661 911 1698 auctoritate
929 1665 1052 1698 nostra
1070 1661 1313 1711 compellant,
1333 1660 1583 1711 appellatione
1601 1664 1753 1696 remota.

507 1721 765 1758 Concessimus
791 1733 943 1771 quoque
970 1720 1096 1756 comiti
1116 1719 1331 1770 supradicto
1356 1724 1392 1756 et
1413 1719 1490 1756 suis
1518 1718 1641 1769 quod,
1664 1721 1818 1769 urgente
1840 1716 2002 1754 necessi-

459 1786 530 1817 tate
556 1792 669 1830 quam
695 1778 834 1815 habent
855 1778 901 1814 dc
927 1778 1114 1815 solvendis
1141 1778 1314 1814 maximis
1338 1777 1583 1828 pecuniarum
1611 1776 1767 1813 summis
1796 1789 1863 1826 per
1880 1779 1998 1812 certos

460 1839 636 1876 terminos
651 1837 846 1873 karissimo
861 1837 898 1873 in
913 1836 1060 1873 Christo
1075 1837 1151 1873 lilio
1168 1842 1294 1874 nostro
1307 1837 1484 1887 Philippo
1506 1836 1581 1886 regi
1598 1836 1827 1872 Francorum
1842 1832 1998 1878 illustri,

457 1897 620 1946 recipere
638 1895 781 1946 possint
797 1895 1007 1932 subsidium
1029 1896 1261 1932 moderatum
1279 1909 1298 1932 a
1317 1895 1459 1932 clericis
1477 1899 1550 1931 tam
1566 1894 1747 1945 religiosis
1762 1906 1875 1944 quam
1891 1905 1999 1929 secu-

457 1955 616 2001 laribus,
638 1954 810 2005 praelatis
829 1954 1002 1990 videlicet
1023 1967 1064 1991 ac
1080 1954 1287 1991 rectoribus
1301 1954 1484 1991 universis
1501 1953 1740 1990 ecelesiarum
1759 1956 1795 1988 et
1812 1954 2000 1987 monaste-

457 2015 617 2058 riorum,
637 2012 871 2063 aliorumque
889 2013 1055 2050 locorum
1074 2013 1407 2050 ecclesiasticorum
1427 2017 1686 2062 exemplorum
1705 2015 1740 2047 et
1756 2023 1830 2047 non
1847 2022 2001 2060 exemp-

458 2079 597 2118 torum,
614 2077 791 2108 eteorum
809 2072 1054 2109 conventibus
1073 2077 1109 2109 et
1126 2072 1298 2123 capitulis
1320 2073 1356 2108 in
1376 2072 1541 2122 praefato
1560 2071 1737 2107 comitatu
1755 2068 2000 2106 ecclesiastica

459 2133 557 2169 bona
576 2131 809 2175 tenentibus,-
826 2131 1043 2181 ubicunque
1062 2131 1194 2182 degere
1213 2136 1431 2177 noscantur,
1451 2130 1658 2167 dummodo
1678 2128 1790 2165 nullis
1810 2140 1878 2178 pro
1897 2130 2002 2178 parte

460 2190 644 2226 dictorum
665 2189 810 2226 comitis
829 2194 865 2225 et
882 2202 1036 2228 suorum
1056 2203 1169 2240 super
1185 2190 1256 2227 boc
1275 2190 1409 2227 modus
1427 2188 1629 2227 coactionis
1647 2188 1808 2224 directae
1825 2186 1883 2222 vel
1901 2185 2003 2222 indi-

461 2253 580 2285 rectae
598 2247 853 2294 adhiberetur,
874 2248 1114 2285 interveniret
1132 2249 1189 2285 vel
1215 2250 1422 2295 interesset,
1442 2248 1608 2299 ipsisque
1625 2246 1793 2298 personis
1812 2245 2003 2282 ecelesias-

458 2307 540 2343 ticis
562 2306 784 2356 supradictis
803 2306 977 2344 dedimus
992 2307 1148 2344 liberam
1164 2308 1354 2344 licentiam
1366 2307 1469 2358 quod
1489 2307 1635 2358 possint
1653 2305 1742 2342 dare
1763 2316 1804 2341 ac
1818 2307 2003 2354 praestare

457 2365 582 2402 comiti
601 2364 805 2414 praelibato
824 2370 859 2402 et
875 2366 950 2403 suis
965 2367 1178 2404 subsidium
1197 2367 1443 2412 antedictum,
1463 2365 1572 2403 certis
1590 2364 1710 2402 eidem
1725 2361 1852 2400 comiti
1871 2365 1908 2398 et
1925 2361 2002 2398 suis

456 2437 569 2474 super
597 2423 667 2459 hoc
697 2424 958 2461 executoribus
981 2425 1181 2475 deputatis,
1210 2426 1275 2476 qui
1298 2425 1506 2463 secundum
1538 2434 1798 2475 personarum,
1817 2420 2002 2465 locorum,
