2184 3074
463 289 535 327 450
1016 282 1179 320 CODEX
1204 282 1446 321 DUNENSIS.

464 402 708 442 suffulcientis
728 404 878 438 mutuae
908 397 1145 448 compellitur
1171 396 1459 440 contributionis
1485 396 1715 434 adminiculo
1742 398 1930 436 confoveri
1955 403 1991 436 et

402 494 406 497 .
463 464 624 501 alternae
647 457 904 497 subventionis
930 455 1115 506 praesidio
1140 453 1377 492 communiri.
1403 453 1548 491 Idcirco
1571 455 1742 505 generale
1767 455 1990 506 capitulum,

462 521 550 558 huic
567 522 669 556 tanto
682 516 820 568 quibus
838 515 935 551 valet
953 513 1127 551 remediis
1145 511 1341 550 intendens
1357 511 1510 549 obviare
1526 511 1752 559 discrimini,
1765 523 1879 565 *W
1891 526 1992 564 pree-

461 578 569 615 ‹lictis
588 575 754 617 'decrevit
774 573 976 610 necessaria
1003 571 1128 621 aliqua
1154 570 1347 615 ordinare,
1364 573 1476 620 prout
1497 569 1537 607 in
1565 569 1855 608 diffinitionibus
1879 583 1992 621 gene-

463 637 548 676 ralis
565 634 716 686 capituli
735 633 958 677 continetur,
976 644 1072 681 quae
1090 630 1172 667 talis
1186 634 1241 667 est
1257 633 1324 666 etc.
1344 629 1437 666 Cum
1464 628 1579 679 igitur
1597 629 1644 667 de
1661 642 1807 667 summa
1830 629 1939 667 nobis
1957 633 1992 667 et

462 693 688 745 generationi
706 695 852 729 nostrae
882 689 1054 740 imposita
1071 688 1178 726 vobis
1197 691 1233 725 et
1248 686 1424 724 domibus
1450 687 1580 725 vestris
1598 687 1648 742 de
1671 687 1878 738 proborum
1901 700 1992 726 eon-

463 755 564 799 silio,
579 753 741 790 dictante
759 749 999 795 conscientia,
1019 752 1130 799 prout
1151 747 1315 793 fidelius,
1333 746 1466 784 melius
1485 750 1596 797 atque
1615 746 1770 797 aequius
1785 746 1991 798 potuimus,

462 817 577 850 certas
602 823 765 848 summas
795 808 982 858 sigillatim
1008 807 1226 844 duxerimus
1254 804 1498 856 imponendas
1528 809 1566 842 et
1594 804 1656 842 hic
1687 805 1842 843 inferius
1865 804 1992 856 expri-

462 870 625 915 mendas,
639 868 746 905 vobis
765 867 948 904 universis
966 870 1002 903 et
1018 865 1189 916 singulis,
1207 864 1424 902 auctoritate
1438 862 1528 900 dicti
1542 863 1695 914 capituli
1713 867 1750 900 et
1765 867 1906 910 nostra,
1919 863 1992 902 sub

460 941 577 980 poena
592 928 663 964 lata
678 940 699 962 a
717 925 816 962 dicto
831 924 994 975 capitulo
1007 924 1139 960 damus
1152 922 1308 959 firmiter
1321 921 1359 958 in
1374 920 1558 958 mandatis
1571 924 1754 972 quatenus
1773 921 1820 958 de
1837 921 1991 959 summis

461 987 566 1025 vobis
584 989 619 1023 et
636 984 811 1022 domibus
829 982 960 1020 vestris
973 982 1157 1033 impositis
1175 986 1211 1018 et
1228 981 1290 1018 hic
1307 979 1462 1017 inferius
1477 979 1663 1017 annotatis
1679 979 1789 1017 nobis
1807 979 1865 1016 vel
1883 991 1992 1017 man-

460 1045 546 1082 ‹lato
565 1048 690 1080 nostro
709 1041 809 1092 apud
826 1041 1026 1077 Divionem
1055 1040 1092 1077 in
1112 1039 1262 1077 instanti
1280 1038 1444 1089 capitulo
1464 1038 1627 1089 generali
1655 1038 1867 1076 satisfacere
1885 1037 1990 1075 nullo

462 1102 648 1140 omittatis.

1159 1173 1275 1184 ..εσυ-

1101 1283 1108 1286 -
1126 1316 1325 1355 CCXCVII.

478 1437 689 1474 Concession
704 1437 725 1473 ἁ
741 1436 777 1473 la
792 1435 1019 1486 bienfaitrice
1044 1434 1135 1471 d'un
1153 1436 1355 1472 monastero
1372 1435 1423 1472 du
1441 1416 1539 1472 droit
1558 1434 1670 1472 d'etre
1687 1435 1859 1473 ensevelie
1876 1435 1971 1473 dans

987 1493 1018 1530 le
1034 1494 1214 1530 cimetihre
1231 1491 1274 1530 de
1293 1492 1464 1543 l'abbaye.

507 1691 600 1727 Cum
624 1690 706 1727 talis
725 1702 790 1727 sua
811 1702 911 1726 mera
929 1688 1147 1725 liberalitate
1168 1687 1218 1725 ob
1236 1687 1443 1725 remedium
1461 1687 1608 1724 animae
1625 1700 1713 1724 suae
1733 1699 1776 1724 ac
1791 1691 1988 1738 parentum

458 1762 611 1786 suorum
630 1761 722 1799 pure
740 1752 776 1784 et
793 1746 1012 1797 simpliciter
1026 1746 1124 1784 inter
1139 1745 1244 1783 vivos
1262 1745 1302 1784 in
1315 1745 1557 1783 elemosinam
1575 1742 1893 1783 donaverit'nobis
1906 1749 1990 1783 tan-

458 1812 547 1854 tum,
567 1820 634 1844 nos
648 1806 876 1849 attendentes
895 1806 1000 1856 pium
1019 1804 1186 1855 ejusdem
1199 1817 1286 1856 erga
1300 1817 1368 1841 nos
1385 1804 1558 1841 affectum
1578 1807 1615 1841 et
1630 1804 1842 1841 benivolam
1860 1804 1989 1840 volun-

456 1869 566 1902 tatem
597 1865 646 1902 ob
680 1864 846 1901 divinam
885 1863 1221 1901 remunerationem
1257 1875 1299 1899 ac
1331 1862 1370 1898 in
1402 1862 1694 1913 praemissorum
1728 1874 1989 1912 recompensa-

456 1924 591 1960 tionem
604 1953 613 1968 ,
631 1923 800 1960 unanimi
817 1935 1000 1959 consensu
1018 1921 1137 1958 eidem
1159 1920 1266 1958 annis
1280 1919 1599 1972 singuliafiquibus
1617 1920 1753 1957 vixerit
1766 1919 1987 1957 donavimus

457 1982 526 2018 hoc
553 1986 588 2018 et
610 1981 692 2018 hoc.
711 1980 969 2017 Concessimus
994 1979 1102 2016 etiam
1130 1979 1250 2016 eidem
1273 1978 1335 2028 jus
1361 1978 1573 2029 sepulturae
1591 1978 1629 2015 in
1649 1978 1842 2028 cymiterio
1861 1982 1988 2015 nostro

454 2054 495 2077 ac
520 2041 668 2091 plenam
693 2038 1013 2090 participationem
1033 2037 1202 2074 omnium
1220 2037 1408 2074 bonorum
1429 2037 1680 2087 spiritualium
1698 2050 1794 2087 quae
1817 2036 1854 2073 in
1874 2036 1986 2074 domo

457 2102 580 2135 nostra
606 2098 759 2143 suerint,
779 2110 821 2134 ac
843 2097 889 2133 de
920 2100 1079 2142 caetero,
1106 2096 1184 2132 Deo
1209 2095 1338 2141 dante,
1365 2094 1543 2132 faciemus
1571 2095 1609 2131 in
1633 2095 1708 2132 vita
1731 2095 1870 2145 pariter
1888 2099 1924 2131 et
1948 2094 1987 2131 in

458 2161 590 2202 morte3
609 2161 647 2192 et
662 2156 750 2206 quia
768 2156 866 2192 dicta
885 2155 968 2192 talis
986 2169 1031 2192 ex
1052 2155 1134 2205 piae
1159 2154 1367 2192 devotionis
1385 2153 1518 2191 affectu
1539 2154 1696 2205 singulis
1715 2152 1882 2192 nostrum
1900 2154 1988 2206 qui-

457 2215 525 2251 bus
539 2214 754 2251 humanitus
773 2213 981 2264 contigerit,
996 2214 1181 2263 persolvet
1198 2213 1404 2259 servitium,
1422 2212 1717 2249 vicissitudinem
1735 2213 1901 2263 ejusdem
1918 2225 1984 2250 ser.

456 2272 534 2308 vitii
554 2272 674 2309 eidem
692 2273 788 2310 sicut
805 2273 870 2309 uni
891 2276 1076 2318 nostrum,
1095 2285 1179 2309 cum
1200 2272 1246 2309 de
1264 2272 1333 2309 hac
1345 2272 1421 2309 vita
1438 2272 1670 2323 migraverit,
1689 2272 1945 2323 rependemus.

1158 2408 1281 2419 —000—
