2184 3074
455 339 503 377 52
1006 337 1066 374 CO
1072 337 1166 374 DEX
1194 336 1438 374 DUNENSIS.

1138 500 1307 538 XXXIX.

454 609 587 648 L’abbe'
612 609 673 646 des
699 609 827 645 Dunes
853 619 889 644 se
906 607 1032 657 plaint
1051 607 1102 644 du
1121 620 1290 644 receveur
1306 608 1359 645 du
1376 609 1436 646 roi
1451 608 1494 645 de
1510 609 1656 646 France
1674 610 1742 660 qui
1758 609 1813 647 lm·
1831 623 1854 648 a
1870 610 1991 648 enleve

933 666 968 703 la
982 667 1188 716 possession
1207 666 1318 704 d’une
1331 667 1508 717 pecherie.

501 853 633 890 Coram
651 853 758 890 vobis
777 853 1052 890 venerabilibus
1070 852 1160 890 viris
1177 853 1340 890 dominis
1365 882 1489 891 .....
1512 853 1667 892 illustris
1693 854 1789 904 regis
1810 853 1988 895 Franciae

450 911 670 948 consiliariis
689 915 725 947 et
742 911 926 961 magistris
947 911 1122 961 proponit
1140 915 1359 961 procurator
1375 912 1490 949 abbas
1509 917 1545 949 et
1563 916 1768 950 conventus
1789 911 1836 948 de
1849 911 1987 958 Dunis,

449 970 701 1023 Cistereiensis
719 970 876 1016 ordinis,
895 970 998 1020 quod
1017 970 1191 1020 magister
1204 970 1408 1008 Gausridus
1422 971 1468 1008 de
1483 971 1646 1018 Boscho,
1661 975 1830 1022 receptor
1843 969 1986 1008 domini

447 1028 543 1078 regis
563 1028 601 1065 in
620 1028 797 1066 comitatu
815 1029 843 1065 F
846 1029 1030 1076 landriae,
1052 1029 1152 1080 ipsos
1175 1043 1195 1066 a
1216 1031 1450 1080 possessione
1466 1030 1646 1081 piscariae
1665 1043 1753 1081 suae
1767 1029 1924 1080 jacentis
1946 1028 1985 1066 in

446 1087 528 1123 loco
546 1087 611 1137 qui
634 1087 772 1123 dicitur
799 1115 806 1123 .
835 1116 842 1123 .
860 1116 869 1132 ,
896 1086 1031 1136 dejecit
1046 1100 1111 1124 seu
1129 1088 1320 1125 mandavit
1337 1088 1464 1138 dejici,
1485 1102 1550 1126 seu
1568 1088 1812 1138 dejectionem
1831 1087 1984 1125 nomine

445 1158 513 1181 suo
531 1145 664 1182 factam
682 1150 798 1182 ratam
818 1145 967 1192 habuit,
992 1150 1028 1182 et
1050 1145 1294 1183 instrumenta
1314 1147 1433 1184 dictae
1450 1147 1629 1198 piscariae
1647 1160 1744 1198 quae
1760 1146 1849 1184 dicti
1868 1145 1984 1183 abhas

445 1207 481 1239 et
499 1207 702 1240 conventus
733 1203 771 1239 in
801 1203 899 1240 dieta
928 1203 1085 1254 piscaria
1112 1203 1320 1242 habuerant
1341 1209 1376 1242 et
1402 1208 1620 1255 posuerant,
1649 1204 1768 1255 frangi
1796 1208 1832 1241 et
1856 1203 1983 1254 rumpi

445 1261 655 1308 mandavit,
674 1275 739 1298 seu
757 1275 798 1298 ea
818 1262 911 1298 sacta
931 1262 1082 1299 nomine
1099 1275 1169 1299 suo
1186 1267 1263 1299 rata
1281 1262 1425 1300 habuit.

493 1319 615 1367 Quare
631 1321 817 1371 supplicat
832 1321 929 1358 idem
946 1326 1168 1372 procurator
1185 1322 1303 1359 dictos
1321 1322 1492 1359 abbatem
1516 1326 1552 1359 et
1574 1324 1799 1359 conventum
1824 1320 1871 1358 ad
1894 1333 1984 1372 pos-

443 1378 643 1415 sessionem
671 1379 896 1429 praedictam
923 1380 1066 1417 restitui
1093 1385 1129 1417 et
1155 1385 1197 1417 ut
1222 1380 1350 1417 eadem
1377 1380 1611 1431 possessione
1639 1379 1801 1430 gaudere
1829 1378 1983 1430 pacifice

442 1436 717 1486 permittantur,
736 1437 774 1474 in
794 1438 900 1487 cujus
918 1438 1096 1488 piscariae
1114 1439 1345 1490 possessione
1363 1443 1399 1476 et
1416 1438 1510 1475 mori
1529 1436 1809 1489 praeexistentis
1833 1436 1880 1473 de
1905 1449 1981 1488 quo
2047 1488 2052 1494 .

444 1507 549 1531 moro
569 1494 700 1532 effosso
719 1497 813 1532 saeta
832 1500 885 1533 est
901 1497 1057 1546 piscaria
1082 1502 1246 1547 tempore
1268 1496 1485 1547 dejectionis
1503 1497 1674 1542 suerunt,
1693 1500 1729 1533 et
1746 1509 1808 1533 eos
1827 1494 1981 1533 comites

441 1552 637 1590 Flandriae
651 1554 716 1604 qui
731 1569 799 1605 pro
814 1559 978 1605 tempore
993 1557 1154 1603 suerunt,
1168 1557 1416 1594 defenderunt
1428 1556 1478 1593 ob
1492 1555 1710 1593 donationes
1725 1555 1864 1593 eisdem
1881 1555 1981 1592 inre-

442 1610 686 1648 mitabiliter
673 1626 757 1662 Jure
775 1613 997 1651 hereditario
1015 1615 1128 1652 factas
1151 1614 1197 1651 de
1219 1628 1325 1652 moro
1349 1613 1540 1665 praedicto
1558 1614 1604 1650 de
1621 1627 1697 1664 quo
1716 1613 1811 1651 facta
1831 1618 1886 1652 est
1901 1613 1980 1665 pis-

443 1668 540 1705 ca1ia
558 1670 762 1719 praedicta,
780 1672 937 1709 offerens
955 1672 1053 1709 idem
1073 1678 1291 1724 procurator
1307 1686 1373 1710 vos
1394 1672 1596 1710 informare
1614 1671 1661 1709 de
1678 1672 1890 1723 praemissis
1905 1677 1978 1740 tam

443 1740 510 1778 per
528 1732 645 1765 cartas
663 1729 782 1766 bonae
800 1731 1000 1767 memoriae
1017 1745 1131 1782 quam
1150 1745 1217 1782 per
1234 1736 1352 1769 testes.

1146 1859 1257 1866 q·—

1169 1980 1245 2018 XL.

577 2086 746 2123 Sentence
771 2085 1154 2124 d’excommunication
1178 2087 1356 2137 fulmine'e
1377 2099 1454 2137 par
1479 2088 1620 2124 Martin
1646 2086 1707 2125 IV
1728 2091 1851 2123 contre

897 2144 1114 2194 l’empereur
1138 2144 1272 2182 Michel
1293 2145 1525 2196 Pale'oloyue.

491 2328 671 2365 Martinus
689 2329 903 2380 episcopus,
918 2343 1045 2368 servus
1066 2344 1257 2368 servorum
1277 2331 1366 2378 Dei,
1379 2331 1425 2367 ad
1445 2329 1704 2367 certitudinem
1723 2327 1974 2379 praesentium

443 2391 478 2422 et
495 2387 711 2423 memoriam
730 2388 951 2424 futurorum.

493 2445 707 2482 Michaelem
730 2446 979 2497 Pallealogum
1001 2448 1066 2497 qui
1089 2448 1315 2485 Graecorum
1336 2448 1537 2498 imperator
1554 2447 1779 2492 nominatur,
1797 2450 1974 2496 tanquam
