2184 3074
764 300 926 341 conssx
950 302 1193 343 DUNENSlS.
1669 307 1740 345 485

857 476 1090 515 CCCXXXV.

207 590 328 628 Latere
344 589 389 628 de
411 589 578 628 l'abbesse
599 590 643 628 de
656 619 807 628 .......
827 592 910 630 Eue
930 592 1109 631 demands
1131 607 1200 645 qus
1220 607 1287 632 son
1313 597 1516 632 monastero
1533 596 1600 632 soil
1626 596 1694 632 uni
1708 597 1730 632 ἁ

794 651 808 687 l
811 651 931 689 ’ordre
945 653 990 690 de
1003 653 1166 690 Cileauoe.

251 844 478 883 Reverendis
506 849 543 882 et
572 845 610 882 in
641 845 788 884 Christo
814 846 1017 885 karissimis
1042 847 1211 898 patribus
1239 848 1394 886 domino
1397 877 1552 885 .......
1585 848 1736 900 Cyster-

202 904 335 950 ciensi,
356 903 585 954 caeterisque
605 903 805 943 abbatibus
826 904 866 942 in
890 909 1018 946 saneto
1034 906 1278 956 Cysterciensi
1307 907 1470 958 capitulo
1494 907 1734 958 congregatis,

205 975 310 1002 soror
311 990 441 1000 ......
468 961 654 1000 abbatissa
658 991 791 1000 ......
818 963 973 1001 salutem
995 968 1032 1001 et
1050 964 1103 1001 sic
1121 977 1343 1015 congregare
1362 964 1567 1016 disgregata
1590 969 1632 1002 ut
1650 965 1735 1015 spi,-

203 1021 277 1060 rivu
290 1021 426 1060 Sancto
440 1019 651 1071 probemini
670 1020 895 1072 congregati.
1579 1062 1587 1067 ,

249 1080 346 1118 Cum
365 1092 432 1117 nos
453 1083 583 1117 natura
607 1082 644 1116 et
663 1092 755 1117 sexu
772 1079 920 1130 fragiles
938 1078 1087 1116 divinae
1102 1079 1329 1131 dignationis
1360 1081 1476 1131 grstia
1503 1081 1732 1128 convocarit,

200 1143 246 1176 et·
260 1137 522 1175 defectibilitas
540 1149 608 1175 nos
626 1137 776 1187 instiget
799 1136 847 1174 ad
870 1137 1056 1175 desectum
1079 1138 1204 1188 potius
1230 1151 1343 1189 quam
1362 1140 1586 1190 perfectum,
1605 1139 1732 1191 sieque

202 1196 360 1234 defectio
386 1195 502 1233 immo
527 1195 688 1246 perditio
715 1195 824 1234 nobis
852 1200 889 1232 et
906 1195 1035 1234 domui
1062 1200 1209 1233 nostrae
1232 1196 1439 1243 immineat,
1467 1197 1537 1235 nisi
1567 1197 1733 1236 visitato·

200 1269 304 1303 rum,
323 1259 579 1293 correctorum
602 1254 925 1293 et'instructorum
946 1255 1103 1306 remigio
1122 1255 1300 1293 fuerimus
1322 1255 1563 1306 gubernatae,
1583 1256 1735 1308 insuper

201 1326 296 1351 cum*
319 1313 368 1351 ab
397 1313 581 1364 episcopis
611 1317 646 1350 et
677 1313 792 1350 nostri
819 1312 962 1350 ordinis
986 1313 1185 1351 abbatibus
1203 1318 1347 1351 tantum
1380 1314 1598 1364 elongemur
1629 1315 1731 1365 quod

200 1372 348 1411 nullum
381 1371 630 1411 desideratum
656 1375 693 1408 et
715 1371 952 1409 devotissime
975 1371 1204 1422 postulatum
1229 1371 1413 1422 possimus
1443 1373 1663 1410 visitationis
1698 1378 1734 1410 et

200 1429 512 1483 incorporationis
540 1428 764 1466 beneficium
792 1429 977 1479 optinere,
1009 1429 1055 1466 ad
1085 1433 1226 1467 vestrae
1257 1430 1507 1469 sanctissimae
1537 1431 1728 1469 vinculum

199 1488 361 1526 caritatis
385 1487 594 1535 unitivum,
619 1487 884 1537 Cysterciensis
910 1487 1081 1525 videlicet
1102 1487 1246 1525 ordinis
1270 1489 1464 1535 unitatem,
1488 1489 1718 1535 anhelantes,

196 1545 434 1597 singulariter
455 1550 492 1583 et
511 1546 683 1583 ardenter
708 1550 785 1583 toto
809 1545 1028 1583 humilitatis
1053 1550 1089 1582 et
1116 1546 1324 1584 devotionis
1348 1547 1480 1585 affectu
1506 1553 1727 1598 prostratae.v

199 1605 392 1642 humiliter
419 1604 662 1655 imploramus
684 1608 727 1641 ut
750 1604 896 1656 corpori
919 1609 1060 1642 vestrae
1086 1605 1274 1655 religionis
1303 1606 1555 1644 sanctissimae
1583 1607 1726 1644 adune-

196 1675 302 1709 mur,
319 1666 461 1701 vestrae
477 1662 703 1700 defensionis
721 1662 834 1713 pallio
852 1666 1090 1714 protegamur
1106 1668 1141 1700 et
1158 1664 1381 1701 correetivae
1397 1665 1618 1702 visitationis
1640 1666 1725 1703 lima

200 1726 379 1772 perpetue
391 1721 648 1767 emendemur,
666 1725 708 1758 ut
719 1734 765 1758 ex
780 1721 926 1767 multis,
940 1722 1219 1772 multorumque
1238 1736 1304 1773 per
1320 1735 1385 1760 vos
1403 1724 1610 1774 procuratis
1629 1725 1730 1761 salu·—

202 1779 302 1818 tibus
320 1784 356 1817 et
371 1780 625 1831 periculorum
649 1780 809 1831 demptis
831 1781 1028 1818 timoribus
1045 1781 1084 1818 in
1103 1781 1333 1819 aeternitates
1352 1787 1546 1833 perpetuas
1564 1783 1730 1833 praesul-

201 1842 326 1889 gentes
341 1839 556 1876 mereamini
572 1838 611 1876 in
625 1839 751 1877 futuro
765 1839 990 1889 pulerilicari
1005 1840 1165 1890 amplius
1183 1844 1219 1877 et
1231 1841 1458 1878 remunerari
1473 1841 1728 1892 multiplicius,

201 1897 320 1934 multo
351 1898 492 1935 lucrato
519 1897 666 1949 agmine
692 1897 902 1945 beatorum,
931 1898 1067 1936 Valete.
1091 1899 1239 1950 Nosque
1271 1900 1450 1950 protegite
1478 1913 1553 1950 quo
1581 1901 1728 1937 utimini

202 1955 315 2006 pallio
332 1955 513 2001 caritatis,
532 1969 593 2002 ne,
611 1956 713 2006 quod
731 1956 842 2001 absit,
862 1961 1007 1994 nostrae
1032 1957 1229 1994 imminens
1254 1958 1488 1995 manifestum
1508 1958 1727 2008 perditionis

198 2014 407 2064 periculum
433 2008 815 2063 Vestrae'Sanctitatis
841 2015 985 2052 tumulo
1011 2020 1160 2065 generet
1182 2015 1448 2053 offendiculum
1468 2017 1505 2053 in
1526 2021 1725 2067 conspectu

181 2071 300 2112 ..lllius
321 2072 386 2122 qui
410 2073 580 2123 exemplo
597 2078 632 2109 et
656 2072 770 2109 verbo
790 2073 976 2123 praecepit
992 2073 1135 2124 perdita
1157 2087 1349 2124 quaerere,
1373 2075 1531 2111 errantia
1550 2075 1724 2112 reducere

202 2134 236 2167 et
254 2130 405 2182 insuper
422 2131 558 2168 debilia
577 2131 746 2169 solidare.
770 2130 905 2169 Valete.
925 2133 1078 2179 Datum,
1098 2137 1164 2170 etc.

919 2305 1016 2315 ...ο-..-
