2184 3074
723 367 884 406 CODEX
910 368 1153 408 DUNENSlS.
1632 373 1699 411 541

222 482 405 522 Noveritis
430 482 532 533 quod
562 495 627 520 nos
653 484 842 520 communi
867 497 1050 522 consensu
1079 490 1114 521 et
1139 485 1217 535 pari
1251 487 1439 523 voluntate
1468 487 1704 525 vendidimus

171 543 346 593 magistro
369 541 409 578 P.
435 541 482 578 de
500 541 782 592 Zomergheem‚
806 543 956 579 nomine
980 543 1213 594 praebendae
1238 544 1284 581 ad
1311 545 1423 582 vitam
1453 558 1557 582 suam
1583 546 1704 596 perci-

170 600 343 652 piendae,
368 599 504 637 cotidie
521 600 615 654 duos
639 613 752 650 panes
775 602 1034 639 conventuales
1060 606 1096 638 et
1116 606 1188 639 tres
1218 616 1328 652 panes
1349 603 1537 654 hospitum
1557 609 1592 641 et
1609 603 1703 642 duos

169 663 302 713 scopos
326 660 498 699 servisiae
521 660 776 698 conventualis
798 665 833 698 et
855 661 949 698 duas
972 662 1142 700 scutellas
1167 663 1469 700 conventualium
1490 664 1703 714 pulmento—

117 731 123 738 ·
170 733 271 767 rum,
292 730 448 757 ·necnon
481 723 517 756 et
547 720 703 770 cespites
735 732 799 756 seu
826 719 1004 756 turbones
1027 720 1073 756 ad
1102 733 1210 758 usum
1234 731 1364 766 suum,
1392 726 1427 758 et
1455 722 1630 759 solarium
1663 722 1700 759 in

171 783 298 817 nostro
323 779 562 817 infirmitorio
589 780 811 817 secularium
839 779 957 816 eidem
988 780 1032 816 ad
1065 780 1350 818 inhabitandum
1375 782 1642 833 assignavimus
1668 788 1703 819 et

170 839 405 876 morandum.

219 896 449 948 Praescripta
475 897 629 948 inquam
653 896 923 933 deliberatione
946 910 988 933 ae
1013 897 1198 934 taxatione
1220 897 1446 947 praehabitis
1465 898 1700 936 vendidimus

169 955 269 993 dicto
296 955 332 992 P.
358 955 397 992 in
426 959 554 992 nostro
575 954 799 992 monasterio
827 954 896 1004 ipsi
925 954 1101 991 tradenda
1128 959 1164 990 et
1190 954 1431 991 ministranda
1459 969 1525 1006 pro
1551 961 1700 994 centum

169 1013 276 1052 libris
294 1014 323 1051 F
325 1013 587 1052 landrensibus
605 1013 652 1050 de
669 1012 810 1063 quibus
829 1013 937 1050 nobis
955 1012 1119 1063 plenarie
1133 1012 1309 1050 satisfecit
1323 1012 1419 1050 idem
1436 1013 1475 1050 P.
1491 1013 1528 1050 in
1544 1015 1699 1064 pecunia

169 1076 362 1109 numerata
379 1085 493 1122 quam
514 1071 552 1109 in
570 1070 767 1108 utilitatem
785 1071 958 1108 ecclesiae
977 1075 1121 1108 nostrae
1139 1083 1351 1107 conversam
1372 1084 1449 1108 esse
1469 1072 1700 1121 recognosci-

169 1143 252 1168 mus
282 1134 318 1167 et
348 1130 518 1167 fatemur.

218 1188 376 1239 Insuper
405 1187 696 1226 deliberabimus
722 1187 755 1224 ei
780 1186 971 1223 annuatim
998 1186 1191 1223 dimidiam
1219 1198 1360 1236 wagam
1381 1187 1506 1236 butyri
1531 1193 1566 1224 et
1587 1188 1700 1225 dimi·

169 1247 269 1285 diam
289 1248 383 1286 casei
394 1277 403 1293 .‚
416 1260 510 1298 quas
528 1247 646 1285 solvet
663 1250 775 1298 prout
792 1259 851 1283 eas
867 1245 1046 1283 taxabunt
1063 1245 1238 1283 dominus
1252 1246 1366 1283 abbas
1382 1252 1516 1292 noster,
1530 1247 1700 1284 cellarius

169 1311 205 1344 et
220 1310 414 1344 mercator.
462 1310 467 1318 “

198 1352 307 1404 ΙΡοει
333 1369 488 1403 mortem
513 1376 600 1401 vero
622 1363 711 1400 dicti
740 1363 778 1399 P.
798 1362 844 1398 de
863 1366 1061 1398 memorata
1089 1361 1298 1411 praebenda
1325 1362 1463 1399 nemini
1491 1363 1700 1400 tenebimur

169 1423 410 1475 respondere,
428 1423 492 1461 sed
510 1435 622 1473 penes
641 1435 708 1459 nos
727 1421 766 1458 in
785 1420 1079 1457 meliorationem
1099 1419 1213 1457 nostri
1233 1425 1410 1470 perpetuo
1429 1422 1642 1459 remanebit.

218 1481 431 1521 Notandum
457 1494 609 1532 quoque
631 1480 736 1530 quod
762 1479 791 1517 si
814 1479 937 1516 dictus
961 1478 998 1515 P.
1019 1478 1057 1515 in
1077 1482 1154 1515 arte
1172 1478 1312 1528 phisica
1336 1478 1374 1515 in
1396 1492 1469 1530 qua
1488 1479 1605 1517 lertur
1621 1494 1698 1518 esse

170 1541 332 1593 peritus,
361 1540 522 1577 voluerit
550 1539 775 1590 practizare,
802 1537 986 1575 neminem
1015 1536 1183 1574 admittet
1213 1537 1307 1574 iutra
1343 1542 1487 1574 nostrae
1515 1538 1697 1576 ambitum

170 1600 358 1646 abbatiae,
380 1598 444 1636 sed
465 1599 562 1635 foras
580 1610 707 1635 curam
724 1600 887 1647 apponet
906 1595 980 1632 illis
998 1594 1095 1632 eirca
1114 1608 1207 1645 quos
1224 1594 1425 1631 decreverit
1444 1596 1598 1645 operari.

221 1658 492 1698 Renuntiamus
516 1657 669 1707 insuper
693 1655 795 1693 omni
821 1654 1029 1704 exceptioni
1055 1666 1128 1690 non
1155 1658 1365 1690 numeratae
1390 1654 1589 1703 pecuniae,
1620 1654 1696 1692 doli

170 1716 274 1763 mali,
298 1715 490 1762 laesionis,
511 1714 761 1766 deceptionis,
780 1713 958 1764 omnique
974 1711 1071 1762 juris
1091 1711 1231 1748 auxilio
1251 1724 1316 1749 seu
1337 1711 1516 1748 beneficio
1536 1712 1592 1749 vel
1619 1713 1698 1763 pri-

170 1777 305 1829 vilegio
330 1791 396 1828 per
419 1790 515 1828 quae
541 1776 640 1813 dicta
666 1774 831 1817 venditio
854 1773 988 1824 poterit
1007 1771 1202 1816 infirmari,
1222 1771 1292 1808 lioc
1310 1783 1385 1808 uno
1405 1776 1525 1808 tamen
1543 1772 1590 1808 ad
1607 1785 1697 1810 cau-

170 1837 280 1874 telam
311 1841 438 1874 notato
461 1835 563 1887 quod
589 1835 714 1886 elapso
738 1834 860 1885 primo
886 1845 983 1869 anno
1008 1831 1038 1869 si
1068 1830 1175 1868 nobis
1201 1829 1289 1867 dicti
1317 1829 1355 1866 P.
1386 1829 1610 1867 cohabitatio
1639 1831 1695 1867 vel

171 1895 272 1933 dicto
294 1895 402 1933 Petro
428 1899 553 1932 nostra
575 1893 827 1945 displicuerit,
846 1891 975 1929 solutis
993 1889 1163 1941 expensis
1185 1888 1301 1939 ipsius
1320 1888 1407 1925 anni
1426 1901 1470 1925 ex
1489 1893 1592 1938 parte
1609 1887 1697 1925 dicti

173 1953 292 1998 Petri,
322 1953 438 1991 libere
467 1953 514 1990 ab
544 1953 703 1990 invicem
734 1951 937 2003 poterimus
967 1948 1146 1999 separari,
1177 1952 1211 1984 et
1236 1946 1443 1997 praedictae
1469 1946 1700 1983 conditiones

173 2016 283 2049 erunt
300 2011 425 2049 irritae
444 2015 480 2049 et
497 2011 636 2048 inanes.
723 2048 727 2054 x
847 2051 850 2055 ,

221 2070 263 2107 ln
288 2070 400 2120 hujus
423 2070 477 2111 rei
496 2068 750 2107 testimonium
776 2066 957 2118 praesenti
982 2065 1119 2115 scripto
1147 2064 1309 2115 sigillum
1335 2068 1500 2101 nostrum
1524 2062 1700 2099 duximus

172 2129 448 2180 apponendum.
468 2129 601 2167 Actum
614 2157 624 2174 ‚
642 2133 707 2166 etc.
