2184 3074
751 266 913 305 CODEX
938 266 1037 305 DUN
1041 266 1100 304 EN
1105 266 1184 304 SlS.
1662 266 1735 304 275

197 387 412 427 defensione
430 386 531 437 regni
551 385 698 431 subire,
717 385 817 422 dicto
836 384 991 423 domino
1009 384 1084 435 regi
1105 375 1316 429 concessos,
1342 389 1383 420 ut
1401 383 1636 434 praemittam
1655 381 1736 419 exi-

195 447 307 499 gatis,
326 445 452 484 levetis
471 451 507 483 et
524 444 710 496 recipiatis
731 457 798 495 per
816 456 881 480 vos
898 443 954 480 vel
977 456 1043 494 per
1059 442 1175 480 alium
1203 455 1268 479 seu
1293 442 1384 480 alios
1402 455 1444 479 ac
1462 454 1525 479 eos
1542 440 1736 492 deponatis

196 520 260 545 seu
277 504 576 557 deponi'l'aciatis
602 504 641 541 in
660 503 740 541 loco
757 516 822 540 seu
846 502 936 540 locis
957 502 1062 547 tutis.,
1088 502 1184 539 sicut
1207 501 1382 553 expedire
1405 500 1593 546 videritis,
1615 499 1735 536 eidem

196 565 352 603 domino
370 563 446 615 regi
465 563 522 600 vel
541 562 622 612 ejus
641 561 832 607 mandato,
855 574 940 598 cum
961 560 1171 611 specialiter
1188 559 1347 611 proinde
1365 559 1547 605 mittetur,
1562 562 1736 610 prompte

196 627 233 661 et
245 622 414 662 celeriter
425 620 683 677 assignandos,
702 619 992 657 contradictores
1010 619 1039 657 si
1060 619 1124 670 qui
1146 619 1300 665 suerint,
1320 632 1386 670 per
1403 631 1597 656 censuram
1616 617 1735 654 eccle-

197 681 380 720 siasticam
401 684 436 718 et
454 693 521 731 per
537 679 680 717 brachii
699 678 874 716 secularis
895 678 1165 716 invocationem
1177 707 1186 723 .,
1213 678 1242 715 si
1262 691 1408 715 necesse
1427 677 1551 723 suerit,
1570 675 1736 727 compel-

197 739 320 778 lendo.
341 739 384 777 Et
405 743 447 776 ut
464 737 597 776 melius
617 742 653 775 et
677 737 864 775 efficacius
888 737 1075 787 complere
1098 736 1315 786 hujusmodi
1342 736 1558 773 mandatum
1585 734 1735 772 valeatis

197 802 236 839 in
254 800 402 839 civitate
418 803 454 837 et
466 799 613 846 dyocesi
628 798 851 849 supradictis
873 798 910 834 in
934 797 1145 848 praemissis
1161 802 1234 834 tam
1253 797 1299 834 ad
1314 802 1506 848 exemptos
1526 808 1639 847 quam
1659 807 1734 832 non

197 864 389 912 exemptos
414 871 662 910 quoscunque
689 857 728 894 in
752 857 842 894 locis
867 856 1066 907 praedictis
1090 856 1196 894 vobis
1221 856 1377 893 decretis
1404 855 1610 893 secundum
1632 854 1734 906 quod

197 932 310 972 supra
326 918 435 956 nobis
449 917 496 954 ab
515 916 727 968 Apostolica
745 915 839 953 Sede
857 915 1010 952 facultas
1031 915 1219 959 tribuitur,
1232 915 1339 952 vobis
1357 914 1455 952 vices
1474 918 1616 951 nostras
1638 926 1736 950 com-

197 979 382 1017 mittimus
396 978 516 1014 donec
533 989 593 1013 eas
607 975 653 1013 ad
668 988 735 1012 nos
749 974 967 1012 duxerimus
986 974 1222 1012 revocandas.
1234 974 1575 1011 Praedictasautem
1587 973 1736 1023 papales

199 1038 339 1076 litteras
363 1049 456 1088 quas
476 1039 605 1086 utpote
630 1047 705 1072 non
732 1034 858 1085 plures
886 1033 1111 1084 recepimus,
1135 1033 1241 1070 vobis
1268 1037 1421 1084 propter
1437 1032 1582 1069 viarum
1601 1030 1735 1068 discri-

198 1096 300 1134 mina
320 1095 465 1132 mittere
484 1107 558 1131 non
577 1094 774 1139 audemus,
797 1106 966 1143 quasque
983 1106 1172 1130 servamus
1192 1092 1354 1130 l'arisius
1372 1091 1504 1128 facturi
1524 1090 1737 1141 petentibus

197 1164 360 1206 quorum
383 1153 549 1190 intererit
578 1152 737 1203 copiam,
763 1151 918 1188 fecimus
941 1151 987 1187 ad
1014 1151 1192 1200 majorem
1211 1155 1247 1187 et
1265 1151 1447 1187 veriorem
1471 1149 1651 1186 cautelam
1671 1161 1737 1199 per

198 1211 477 1262 infrascriptum
506 1210 692 1248 notarium
719 1210 915 1261 publicari.
940 1210 980 1246 ln
1001 1210 1108 1259 eujus
1126 1209 1178 1246 rei
1198 1208 1452 1246 testimonium
1478 1206 1735 1258 praesentibus

197 1272 361 1323 sigillum
381 1275 550 1308 nostrum
569 1270 746 1307 duximus
764 1270 1042 1321 apponendum.
1060 1270 1213 1315 Datum,
1231 1273 1299 1306 etc.

246 1331 291 1368 Et
308 1343 376 1381 ego
394 1331 455 1368 W.
474 1329 521 1366 de
539 1329 648 1382 Fino„
667 1329 823 1366 clericus
844 1328 1151 1379 Rothom‘agensis
1170 1327 1356 1377 dyocesis,
1382 1326 1556 1377 publicus
1574 1324 1737 1361 auctori-

197 1394 271 1428 tate
287 1388 489 1439 apostolica
509 1391 543 1425 et
561 1387 745 1438 imperiali
766 1387 947 1433 notarius,
973 1387 1038 1437 qui
1059 1387 1096 1423 in
1116 1386 1361 1423 discretorum
1384 1384 1551 1421 virorum
1572 1382 1735 1433 magistri

195 1448 277 1486 Car.
291 1447 362 1486 Ste.
383 1447 428 1484 de
449 1446 525 1484 Aeo
544 1444 579 1483 et
595 1445 780 1484 Guidonis
801 1445 847 1482 de
881 1447 987 1491 Rate,
1006 1445 1129 1483 Sancti
1146 1444 1304 1481 Amandi
1321 1442 1597 1481 Aurelianensis
1618 1441 1736 1479 eccle-

197 1508 272 1545 siae
289 1505 574 1550 canonicorum,
593 1504 799 1555 praesentia
818 1503 1001 1541 dictarum
1022 1503 1310 1553 apostolicarum
1331 1501 1535 1538 litterarum
1556 1500 1736 1551 originale

198 1565 301 1603 omni
324 1577 452 1601 carens
478 1563 690 1614 suspicione
708 1563 810 1600 tenui
837 1567 872 1599 et
893 1562 1060 1613 palpavi,
1080 1567 1116 1598 et
1136 1561 1183 1598 (le
1209 1561 1289 1611 ipso
1313 1574 1396 1597 cum
1425 1559 1735 1610 praescriptarum

197 1623 483 1676 apostolicarum
499 1627 625 1659 tenore
639 1623 875 1659 collat-ionem
890 1622 936 1658 de
950 1622 1063 1658 verbo
1078 1621 1123 1658 ad
1138 1620 1294 1657 verbum
1312 1619 1392 1665 feci,
1403 1617 1736 1669 praesentibusque

198 1684 249 1721 ad
262 1682 542 1734 requisitionem
558 1681 761 1732 supradicti
781 1681 946 1731 magistri
961 1679 1144 1718 Johannis
1161 1679 1269 1716 solito
1289 1691 1370 1715 meo
1386 1678 1491 1727 signo
1505 1676 1660 1727 signavi.

909 1794 1029 1805 4ο-

867 1918 1055 1956 CLXXVI.

352 2037 461 2074 Leve'e
478 2036 522 2074 de
540 2036 577 2074 Ia
594 2036 691 2073 <lime
708 2048 776 2073 sur
794 2035 844 2072 les
864 2047 1016 2072 revenus
1034 2033 1317 2084 ecclesiastiques
1335 2047 1383 2070 αιι
1398 2032 1513 2083 profit
1529 2033 1581 2069 du

716 2091 719 2093 ’
772 2096 827 2132 roi
844 2094 1018 2144 Philippa
1037 2094 1068 2130 Ie
1086 2093 1163 2131 Bel.

247 2282 355 2320 Acuti
388 2281 527 2318 doloris
554 2281 691 2318 aculeis
719 2281 756 2318 in
786 2280 926 2318 intimis
957 2279 1297 2324 consossiffcausam
1327 2278 1442 2315 immo
1463 2291 1589 2315 casum
1618 2277 1733 2315 nostri

198 2341 342 2380 ordinis
360 2340 612 2378 Cisterciensis
631 2344 666 2377 et
683 2339 796 2377 totius
814 2340 988 2376 ecclesiae
1005 2338 1206 2389 gallicanae
1225 2338 1459 2388 deplorantes
1479 2336 1735 2388 multiplieiter

199 2400 408 2453 aggravari,
436 2399 652 2436 intimamus
678 2399 779 2450 quod
810 2412 929 2450 nuper
956 2398 1117 2436 Parisius
1145 2397 1369 2435 reverendus
1397 2397 1433 2433 in
1458 2396 1605 2433 Christo
1632 2401 1736 2453 pater
