2184 3074
459 355 530 393 108
1005 357 1167 395 CODEX
1195 357 1439 396 DUNENSIS.

1148 521 1308 559 LXXIII.

681 638 856 688 Usufruit
880 638 923 675 de
949 638 1058 675 livres
1084 638 1186 688 Ie'que'
1210 639 1234 675 ὰ
1258 651 1310 675 un
1335 639 1503 676 etudiant
1525 652 1570 676 en
1596 638 1776 691 theoloqie.

508 823 697 862 Universis
714 826 925 874 praesentes
945 822 1103 868 litteras7
1122 827 1209 869 etc„
1223 822 1408 869 officialis,
1429 827 1496 859 etc.

506 881 658 919 Noverit
671 881 893 918 universitas
911 884 1029 917 vestra
1047 880 1149 931 quod
1170 880 1207 917 in
1228 885 1351 918 nostra
1372 881 1614 931 proptethoc
1631 881 1838 932 praesentia
1857 883 1998 921 consti-

456 945 556 978 tutus
576 941 706 977 Petrus
727 969 875 986 ......
894 940 1052 977 clericus
1071 940 1186 977 libros
1203 940 1274 978 sibi
1296 941 1433 991 legatos
1452 945 1636 991 quantum
1655 940 1702 978 ad
1720 941 1996 980 usumfructum

454 1012 604 1045 eorum,
630 998 668 1035 in
694 998 833 1049 quibus
859 998 1067 1048 proprietas
1089 1003 1144 1036 est
1169 999 1284 1049 legata
1312 999 1486 1036 ecclcsiae
1510 999 1557 1036 de
1578 999 1728 1037 Thosan
1750 1013 1770 1036 a
1791 999 1995 1037 venerabili

453 1057 535 1093 viro
553 1056 707 1093 domino
732 1086 738 1092 .
756 1086 763 1092 .
785 1085 792 1092 .
814 1085 821 1092 .
843 1085 851 1092 .
871 1086 879 1092 .
895 1085 904 1102 ‚
923 1056 1078 1093 afferens
1097 1061 1133 1093 et
1151 1057 1338 1094 allii-mans
1356 1057 1459 1107 quod
1478 1057 1712 1108 propositum
1731 1057 1844 1095 habet
1859 1062 1896 1096 et
1908 1058 1995 1096 ani-

455 1129 557 1152 mum
572 1115 721 1151 firmum
737 1119 774 1151 et
786 1115 904 1151 fixum
921 1115 958 1151 in
974 1115 1080 1152 libris
1100 1115 1297 1166 praedictis
1319 1116 1492 1153 studendi
1511 1120 1546 1152 et
1563 1116 1808 1153 continuandi
1826 1117 1994 1154 studium

454 1172 531 1209 sive
550 1173 667 1210 scolas
687 1173 725 1210 in
744 1173 886 1220 studio7
905 1178 947 1210 ut
965 1172 1126 1218 decebit,
1145 1174 1318 1210 videlicet
1336 1174 1400 1211 ubi
1419 1174 1585 1211 studium
1606 1173 1644 1211 in
1663 1174 1846 1225 theologia
1870 1175 1995 1226 vigere

453 1232 671 1280 dinoscitur7
703 1233 805 1284 quod
830 1246 950 1284 usque
977 1233 1195 1270 hodiernam
1222 1233 1320 1270 diem
1346 1233 1495 1270 Parisiis
1517 1246 1596 1270 esse
1618 1233 1762 1270 solebat
1777 1234 1994 1285 praecipue,

452 1292 575 1329 adhuc
594 1293 703 1329 etiam
722 1306 800 1330 esse
818 1293 911 1330 solet
932 1297 968 1329 et
992 1293 1091 1343 viget
1116 1293 1276 1343 amplius
1297 1305 1410 1343 quam
1437 1293 1475 1329 in
1503 1292 1594 1329 locis
1619 1292 1700 1329 aliis
1727 1292 1766 1330 in
1797 1292 1993 1344 theologia.

449 1350 580 1389 Dictus
605 1351 759 1402 quidem
788 1351 943 1388 clericus
972 1352 1203 1402 procuratori
1225 1351 1399 1388 ecclesiae
1416 1351 1623 1388 antedictae
1640 1351 1687 1387 de
1705 1351 1854 1388 Thosan
1877 1351 1994 1403 ipsius

450 1409 624 1446 ccclesiae
644 1411 796 1446 nomine
816 1409 1008 1460 stipulanti
1028 1409 1201 1460 promisit
1219 1409 1320 1459 quod
1341 1409 1419 1459 ipse
1437 1409 1618 1446 veraciter
1629 1413 1665 1446 et
1678 1409 1838 1447 fideliter
1853 1411 1995 1462 absque

450 1468 536 1504 dolo
555 1468 682 1518 aliquo
700 1468 807 1505 libris
825 1468 1022 1519 praedictis
1041 1472 1176 1514 utetur,
1195 1469 1339 1504 fruetur
1357 1472 1397 1504 ut
1413 1472 1610 1518 congruet,
1629 1472 1828 1518 postquam
1846 1482 1995 1519 posses-

450 1526 592 1564 sionem
612 1527 668 1563 vel
689 1527 795 1577 quasi
811 1527 994 1563 librorum
1012 1527 1179 1577 ipsorum
1195 1526 1368 1563 habuerit
1382 1531 1418 1563 et
1432 1527 1588 1577 adeptus
1606 1526 1717 1563 fuerit
1730 1531 1992 1578 competenter,

450 1588 575 1620 utetur
593 1585 745 1635 quidem
765 1589 800 1622 et
818 1586 962 1622 fruetur
979 1585 1134 1622 arbitrio
1151 1585 1240 1622 boni
1260 1585 1329 1621 viri
1349 1589 1391 1622 ut
1407 1585 1568 1635 quilibet
1585 1585 1766 1622 discretus
1779 1590 1815 1622 et
1828 1586 1993 1636 prudens

449 1643 507 1679 vir
533 1643 660 1680 volens
688 1644 868 1693 proficere
895 1644 932 1680 in
963 1643 1147 1694 theologia
1174 1648 1268 1680 esset
1284 1656 1439 1689 usurus,
1457 1643 1486 1680 si
1508 1643 1594 1680 libri
1613 1643 1651 1679 in
1669 1643 1895 1693 proprietate
1911 1645 1994 1695 ple-—

449 1701 600 1738 nissima
630 1707 750 1739 essent
774 1703 902 1754 ipsius.
928 1703 1106 1740 Promisit
1129 1703 1239 1740 etiam
1267 1703 1370 1753 quod
1396 1702 1569 1739 tractabit
1600 1707 1642 1739 ut
1671 1708 1852 1753 congruet
1877 1703 1993 1747 libros

448 1760 655 1810 praedictos
681 1762 719 1798 in
748 1762 943 1799 usufructu
973 1762 1162 1813 praedicto
1187 1762 1347 1799 fideliter
1373 1766 1409 1799 et
1430 1761 1614 1798 decenter.
1636 1761 1673 1799 Si
1697 1774 1848 1812 quoque
1865 1762 1993 1813 aliquo

449 1831 534 1854 casu
550 1819 606 1855 vel
621 1820 734 1856 modo
753 1821 968 1858 deteriorari
989 1822 1188 1872 contigerit
1206 1822 1326 1858 dictos
1346 1821 1460 1858 libros
1478 1835 1546 1871 per
1563 1821 1685 1871 ipsum
1704 1821 1763 1858 vel
1781 1821 1897 1858 alium
1912 1821 1994 1858 loco

449 1876 505 1913 sui
532 1877 588 1912 vel
613 1878 766 1915 forsitan
795 1893 862 1929 per
887 1893 1152 1930 quemcunque
1182 1879 1297 1916 alium
1326 1893 1479 1930 quoquo
1510 1879 1641 1925 modo,
1672 1892 1753 1920 eam
1779 1879 1994 1916 omnimode

450 1934 1012 1975 deteriorationem'emendabit
1036 1943 1072 1975 et
1093 1938 1139 1974 de
1162 1938 1327 1988 dampno
1351 1938 1436 1974 dato
1455 1938 1501 1974 ad
1520 1937 1716 1974 arbitrium
1736 1937 1826 1974 boni
1844 1938 1933 1983 viri.¹
1951 1943 1994 1975 ut

450 1999 647 2044 congruet,
666 1995 865 2033 satisfaciet
882 2001 1145 2047 competenter.
1167 1997 1343 2033 Promisit
1361 1998 1470 2034 etiam
1488 1995 1591 2047 quod
1607 1996 1638 2033 si
1657 1996 1784 2047 aliquo
1803 1997 1916 2034 modo
1933 1997 1991 2033 vel

450 2057 616 2103 tempore
639 2054 762 2104 ipsum
786 2056 1106 2092 usufructuarium
1130 2056 1357 2092 antedictum
1384 2061 1607 2106 postponere
1633 2055 1689 2092 vel
1715 2054 1993 2093 discontinuare

450 2111 614 2148 studium
640 2113 867 2150 antedictum
891 2115 948 2151 vel
971 2115 1088 2151 scolas
1114 2115 1151 2150 in
1179 2114 1304 2151 studio
1324 2114 1511 2151 antedicto
1540 2114 1661 2150 taliter
1681 2114 1784 2163 quod
1811 2113 1992 2151 disconti-

450 2169 577 2205 nuatio
595 2170 674 2220 ipsa
692 2171 830 2208 evideri
850 2173 988 2222 poterit
1005 2186 1051 2209 ex
1068 2173 1260 2210 voluntate
1278 2172 1452 2210 studendi
1472 2172 1673 2223 procedere
1690 2186 1755 2211 seu
1777 2173 1992 2222 contingere

451 2231 578 2263 contra
602 2228 806 2278 piissimam
834 2231 1062 2268 voluntatem
1089 2232 1190 2269 illius
1209 2231 1274 2281 qui
1293 2232 1572 2269 usumfructum
1589 2230 1991 2281 legavitpraedietum,

451 2289 540 2333 tupc
559 2287 699 2337 absque
716 2289 894 2327 dilatione
913 2304 1059 2329 morosa
1079 2296 1115 2328 et
1133 2291 1202 2342 ipsi
1222 2291 1397 2328 ecclesiae
1416 2290 1646 2340 saepedictae
1663 2290 1869 2340 dampnosa
1882 2288 1991 2327 resti-

451 2348 529 2380 tuet
547 2344 663 2382 dictos
684 2346 799 2384 libros
819 2348 888 2398 ipsi
908 2349 1084 2386 ecclesiae
1102 2349 1148 2386 de
1161 2349 1310 2386 'rhosan
1325 2348 1557 2399 plenissime7
1571 2352 1614 2384 ut
1627 2348 1783 2386 decebit.
1799 2347 1990 2384 Praedicta

451 2401 603 2453 quidem
621 2404 746 2441 omnia
765 2410 800 2442 et
818 2407 985 2456 singula,
1005 2408 1102 2445 sicut
1120 2412 1258 2445 tactum
1283 2412 1337 2444 est
1363 2420 1491 2457 supra,
1515 2406 1687 2457 promisit
1710 2409 1746 2443 et
1769 2405 1991 2443 satisfactio-

452 2474 535 2497 nem
562 2474 763 2511 congruam
788 2463 1028 2515 interposuit,
1047 2471 1089 2503 ut
1110 2467 1285 2512 debebat,
1303 2465 1476 2502 videlicet
1498 2465 1544 2502 de
1559 2465 1669 2502 bonis
1688 2464 1824 2501 talibus
1842 2469 1906 2501 aut
1923 2478 1990 2514 per
