2184 3074
466 364 539 402 554
1014 361 1177 423 CODEX
1202 361 1449 399 DUNENSIS.

471 481 534 525 tis,
567 479 833 516 deliberatione
863 491 976 529 super
1008 478 1080 515 hiis
1106 477 1143 514 in
1171 479 1252 528 ipso
1278 477 1438 514 concilio
1465 477 1590 515 habita
1617 479 1794 529 pleniori,
1821 481 1867 518 de
1890 480 2007 520 totius

468 539 617 575 concilii
642 537 876 588 providentia
902 537 1072 574 unanimi
1098 542 1134 574 et
1155 537 1332 586 concordi
1356 537 1463 586 juxta
1492 539 1724 588 negotiorum
1752 539 2006 591 ingruentium

467 602 502 634 et
518 598 696 648 temporis
712 597 942 647 qualitatem,
958 610 1068 644 super
1081 596 1220 634 eisdem
1238 597 1385 646 injuriis
1394 610 1463 648 pro
1473 597 1690 636 defensione
1707 597 1887 637 libertatis
1896 601 2010 638 eccle-

467 657 635 694 siasticae
655 656 834 693 adhibere
852 657 1067 693 curavimus
1081 662 1266 707 oportuna
1286 656 1447 693 remedia
1467 669 1565 707 quae
1582 662 1800 709 sequuntur.
1817 658 1858 696 ln
1876 658 2014 710 primis

469 715 580 764 igitur
614 715 811 752 statuimus
839 720 875 752 et
900 715 1134 752 decrevimus
1157 716 1376 752 auctoritate
1399 715 1548 753 concilii
1577 715 1743 766 ejusdem
1774 717 1936 768 quodsi
1967 718 2015 755 in-

469 775 593 826 aliqua
609 775 702 812 urbe
717 776 774 812 vel
791 776 827 812 in
844 775 971 826 aliquo
989 775 1071 812 loco
1086 779 1233 812 nostrae
1249 775 1441 813 Remensis
1455 775 1670 826 provinciae
1682 775 1873 828 contingat
1885 790 2009 829 quan-

469 835 594 884 doque
611 834 787 871 clericum
806 833 962 871 detineri
981 847 1048 885 per
1065 834 1243 883 laycalem
1258 833 1460 884 J‘ustitiam,
1484 830 1684 885 postquam
1704 835 1828 873 dictus
1850 836 2008 875 clericus

469 893 581 929 fuerit
598 892 646 929 ab
664 893 840 944 episcopo
862 893 981 938 illius,
1000 893 1057 930 vel
1075 892 1224 930 officiali
1242 898 1306 930 aut
1323 894 1463 930 decano
1481 893 1615 940 rurali,
1629 906 1693 931 seu
1708 907 1754 931 ex
1767 899 1872 945 parte
1889 895 2008 932 alicu·

464 952 526 1000 jus
545 964 674 987 eorum
695 951 858 1002 legitime
877 951 1102 1001 requisitus,
1121 955 1285 988 cessetur
1307 964 1325 988 a
1349 951 1488 989 divinis
1510 951 1548 989 in
1574 952 1656 989 loco
1678 953 1862 1003 captionis
1885 958 1922 991 et
1940 953 2008 991 de-

469 1009 645 1046 tentionis
671 1023 869 1060 quousque
893 1014 1146 1059 competenter
1169 1010 1281 1046 fuerit
1306 1010 1506 1047 restitutus.
1535 1010 1644 1057 ltem,
1669 1011 1772 1062 quod
1796 1012 1826 1049 si
1851 1012 2008 1051 clericus

470 1082 535 1120 per
546 1069 730 1118 justitiam
751 1069 929 1119 laycalem
949 1070 1117 1120 capiatur
1137 1069 1174 1106 in
1197 1069 1321 1120 aliqua
1340 1069 1489 1120 dyocesi
1506 1074 1542 1107 et
1554 1070 1771 1108 extrahatur
1787 1071 1835 1108 ab
1852 1084 1893 1109 ea
1912 1070 2009 1110 etad

469 1127 578 1164 aliam
598 1127 774 1172 ducatur,
794 1132 957 1165 cessetur
981 1127 1152 1165 similiter
1175 1127 1222 1165 ad
1244 1128 1370 1165 minus
1396 1128 1433 1165 in
1458 1129 1539 1165 loco
1566 1129 1604 1165 in
1627 1141 1703 1180 quo
1727 1129 1798 1166 suit
1822 1134 1952 1181 captus
1973 1134 2010 1168 et

471 1187 509 1240 {¹¹
527 1186 618 1223 locis
639 1186 756 1237 ipsius
778 1186 958 1237 capientis
978 1200 1044 1237 per
1061 1199 1157 1237 quae
1176 1186 1247 1223 suit
1263 1185 1465 1230 deductus,
1484 1199 1683 1238 quousque
1703 1187 1749 1224 ad
1774 1187 1892 1239 ipsam
1911 1187 2009 1239 dyo-

470 1246 581 1284 cesim
613 1246 725 1283 fuerit
755 1246 930 1283 reductus
957 1251 992 1283 et
1018 1246 1246 1283 sufficienter
1273 1246 1474 1283 restitutus.
1506 1246 1595 1283 Item
1623 1258 1708 1283 cum
1736 1259 1802 1297 per
1823 1246 2007 1296 justitiam

470 1305 647 1352 laycalem
667 1317 742 1341 non
761 1305 920 1342 debeant
935 1305 1059 1355 puniri
1079 1318 1250 1342 excessus
1265 1304 1502 1351 clericorum,
1516 1318 1583 1341 nec
1598 1305 1645 1342 ab
1659 1305 1711 1342 eis
1726 1305 1838 1342 levari
1853 1305 2008 1343 emenda

470 1363 516 1399 de
534 1363 671 1400 eisdem
684 1393 693 1407 ,
713 1377 797 1400 cum
819 1363 908 1400 haec
927 1364 973 1400 ad
992 1364 1090 1401 solos
1105 1363 1251 1414 judices
1271 1363 1551 1402 ecclesiasticos.
1576 1377 1651 1400 non
1675 1364 1876 1410 seculares,
1894 1363 2009 1416 perti-

471 1436 558 1459 nere
577 1428 790 1469 noscantur,
811 1437 1006 1460 monemus
1025 1423 1242 1460 auctoritate
1260 1423 1447 1474 praedicta
1466 1436 1595 1461 omnes
1616 1428 1651 1460 et
1674 1423 1840 1475 singulos
1863 1428 2010 1461 nostrae

472 1481 685 1530 provinciae
706 1495 751 1518 ne
769 1495 838 1533 pro
856 1482 1055 1533 praedictis
1074 1495 1139 1519 seu
1157 1482 1350 1519 occasione
1368 1481 1583 1518 eorumdem
1603 1481 1724 1518 levent
1742 1481 1901 1532 aliquid,
1914 1482 2010 1520 reci-

472 1541 577 1590 piant
593 1554 656 1578 seu
676 1541 825 1591 exigant
841 1541 1131 1592 quoquomodo,
1151 1541 1319 1591 alioquin
1338 1541 1566 1578 contrarium
1592 1541 1766 1578 facientes
1791 1554 2010 1578 excommu-

473 1599 669 1636 nicationis
687 1599 866 1637 sententia
886 1600 1102 1637 auctoritate
1121 1599 1310 1650 praedicta
1336 1598 1570 1636 innodamus.
1597 1599 1708 1645 Item,
1732 1611 1817 1636 cum
1837 1599 2009 1636 nonnulli

473 1658 633 1704 scabini,
657 1663 829 1705 rectores,
856 1651 1143 1710 gubernatores,
1169 1651 1412 1708 judicatores,
1439 1657 1724 1695 communitates
1751 1658 1917 1695 locorum
1945 1671 2009 1697 seu

471 1717 743 1754 territoriorum
762 1722 908 1754 nostrae
927 1717 1118 1755 Rcmensis
1140 1716 1373 1768 provinciae,
1391 1721 1504 1767 prout
1529 1717 1799 1764 intelleximus,
1817 1717 2011 1769 conspira-

471 1775 609 1812 tionem
630 1789 694 1812 seu
713 1777 1008 1826 conjurationem
1030 1776 1183 1813 fecerint
1200 1781 1264 1813 aut
1282 1776 1400 1813 facere
1422 1775 1600 1822 nitantur,
1618 1775 1722 1826 quod
1748 1775 1778 1812 si
1803 1775 1940 1826 aliquis
1965 1776 2011 1813 de

472 1847 538 1871 sua
557 1835 824 1872 communitate
842 1836 897 1872 vel
917 1836 964 1872 de
981 1836 1059 1873 suis
1076 1835 1238 1873 subditis
1257 1848 1321 1872 seu
1345 1835 1393 1871 de
1414 1847 1492 1874 suo,
1505 1834 1690 1872 territorio
1711 1834 1955 1872 conveniatur
1971 1835 2010 1872 in

474 1893 555 1930 foro
580 1893 846 1939 ecclesiastico,
867 1899 931 1931 aut
951 1899 1079 1931 contra
1104 1907 1190 1931 eum
1216 1894 1443 1944 procedatur
1468 1893 1507 1930 in
1534 1905 1622 1931 casu
1651 1893 1688 1930 in
1716 1905 1794 1944 quo
1819 1898 1940 1944 potest
1965 1894 2012 1931 de

470 1952 556 2001 jure
574 1953 630 1989 vel
650 1954 920 1991 consuetudine
939 1955 1077 1991 ibidem
1099 1954 1308 2000 conveniri,
1328 1954 1430 2005 quod
1448 1967 1531 1991 eum
1549 1954 1596 1991 ad
1610 1958 1780 2004 sumptus
1794 1966 2012 1992 communes

475 2011 691 2058 defendent,
716 2017 868 2064 propter
891 2014 994 2064 quod
1017 2013 1318 2063 jurisdictionem
1350 2013 1633 2051 ecclesiasticam
1663 2026 1737 2050 non
1767 2018 1822 2050 est
1851 2013 2011 2052 dubium

476 2071 667 2121 impediri,
686 2072 906 2110 mandamus
927 2086 1056 2110 omnes
1075 2078 1109 2110 et
1123 2073 1288 2124 singulos
1304 2077 1450 2110 nostrae
1460 2072 1661 2123 jamdictae
1679 2072 1892 2123 provinciae¹
1909 2073 2011 2124 quod

477 2130 506 2166 si
526 2130 612 2167 talia
631 2131 802 2178 fecerint,
821 2145 861 2168 ea
881 2137 1054 2169 revocent
1072 2132 1167 2169 infra
1185 2145 1349 2170 mensem
1362 2161 1371 2178 ,
1390 2136 1426 2168 et
1443 2132 1545 2182 quod
1563 2131 1610 2168 de
1628 2136 1772 2169 caetero
1788 2145 1808 2168 a
1824 2132 1961 2170 talibus
1975 2145 2013 2170 se

477 2188 700 2234 abstineant,
722 2203 788 2226 nec
807 2190 892 2227 talia
911 2191 1146 2228 committant
1168 2195 1201 2228 et
1229 2191 1365 2228 talibus
1389 2203 1465 2228 non
1488 2194 1658 2236 utantur,
1675 2190 1842 2241 alioquin
1861 2204 2013 2229 excom-

479 2248 721 2285 municationi
745 2249 960 2299 subjaceant
979 2250 1059 2301 ipso
1079 2252 1186 2288 facto.
1209 2251 1318 2297 ltem,
1335 2263 1420 2287 cum
1439 2250 1610 2286 nonnulli
1630 2250 1850 2300 temporales
1868 2250 2012 2288 domini

479 2306 556 2343 suis
575 2306 770 2345 inhibeant
787 2309 948 2346 subditis
967 2323 1014 2346 ne
1028 2310 1114 2360 quis
1132 2323 1261 2347 eorum
1280 2309 1394 2346 alium
1416 2309 1538 2346 trahat
1554 2309 1593 2345 in
1612 2309 1692 2346 foro
1711 2309 1956 2347 ecclesiastico
1975 2310 2015 2347 in

479 2378 564 2402 casu
591 2379 610 2402 a
630 2366 715 2415 jure
740 2379 804 2404 seu
827 2369 1097 2406 consuetudine
1123 2370 1321 2420 permisso,
1349 2369 1561 2420 quinimmo
1591 2373 1719 2405 contra
1746 2368 1799 2405 sic
1828 2369 2013 2407 trahentes

480 2423 687 2473 procedunt
700 2425 912 2476 frequenter
924 2427 970 2464 ad
985 2427 1192 2478 captionem
1208 2440 1387 2478 personae
1402 2427 1581 2464 trahentis
1598 2431 1633 2464 et
1645 2427 1830 2464 bonorum
1846 2426 2011 2476 ejusdem

481 2482 684 2519 amicorum
711 2484 891 2522 trahentis
912 2499 953 2522 ac
978 2486 1163 2523 bonorum
1187 2487 1374 2537 ipsorum,
1395 2499 1461 2524 nos
1481 2500 1526 2523 ne
1546 2486 1632 2523 talia
1655 2486 1747 2522 fiant
1771 2484 2012 2535 prohibentes
