2184 3074
438 333 509 371 150
983 329 1146 368 CODEX
1170 327 1417 366 DUNENSIS.

438 450 705 487 mercatoribus
732 450 850 485 facere
872 461 948 485 non
973 451 1115 492 teneor7
1141 459 1226 483 cum
1249 445 1351 482 nulla
1374 445 1422 482 sit
1445 445 1497 482 eis
1522 457 1589 495 per
1607 443 1814 494 praedictas
1839 442 1976 480 litteras

438 507 635 545 auctoritas
653 507 828 544 attributa
840 535 849 552 ,
864 506 999 542 virtute
1017 505 1124 554 cujus
1141 504 1186 540 ad
1206 503 1243 540 id
1262 503 1434 553 compelli
1454 503 1595 539 valeam
1620 513 1774 552 quoquo
1789 499 1912 546 modo.
1931 500 1978 537 Et

439 580 524 603 cum
539 579 620 609 vos„
635 566 807 615 magister
824 564 1006 609 Waltere,
1024 565 1242 600 auctoritate
1259 561 1364 599 Sedis
1384 561 1633 611 Apostolicae,
1653 563 1695 595 ut
1711 557 1977 609 praemittitur,

439 625 517 663 sitis
544 625 735 661 institutus
755 623 930 673 publicus
958 622 1124 659 notarius
1145 626 1181 658 et
1207 633 1366 671 persona
1384 619 1615 665 communis,
1633 631 1653 655 a
1670 617 1777 655 vobis
1799 617 1978 654 instanter

439 688 524 734 peto
542 682 821 733 responsionem
836 694 955 718 meam
972 680 1223 731 procuratoris
1243 678 1420 730 praedicti
1435 677 1544 714 dictis
1558 676 1828 714 mercatoribus
1844 675 1977 711 factam

439 755 506 793 per
522 754 587 778 vos
606 741 644 777 in
671 741 828 777 formam
848 740 1038 790 publicam
1058 738 1174 788 redigi
1195 742 1231 774 et
1249 751 1329 774 eam
1349 737 1455 787 signo
1473 749 1561 772 vero
1583 738 1761 772 consueto
1782 731 1919 783 signari
1935 743 1978 768 ac

440 800 553 837 michi
573 799 644 836 sub
667 798 878 836 testimonio
900 797 1029 835 talium
1050 797 1112 833 hic
1129 796 1329 834 astantium
1349 794 1530 832 exhiberi.

1109 1064 1304 1103 LXXXIX.

440 1183 492 1220 Le
514 1181 761 1232 bourymeslre
784 1187 816 1218 et
838 1181 887 1218 les
915 1179 1079 1218 &chevins
1102 1179 1390 1230 d'Ardenbourq
1419 1178 1608 1229 suppliem
1634 1178 1665 1216 le
1688 1191 1784 1229 pape
1813 1178 1857 1215 de
1883 1177 1980 1215 lever

619 1240 796 1278 l'interdit
813 1240 916 1277 lance'
931 1246 1053 1278 contre
1067 1245 1150 1277 celte
1166 1239 1251 1277 ville
1263 1252 1340 1288 par
1357 1239 1514 1290 l’e'veque
1531 1239 1576 1276 de
1598 1239 1786 1288 Tournay.

491 1444 532 1481 ln
553 1445 704 1482 nomine
716 1445 869 1482 Domini
883 1458 1001 1483 amen.
1023 1446 1103 1483 Hoc
1120 1450 1174 1483 est
1189 1446 1401 1496 exemplum
1420 1458 1484 1483 seu
1499 1444 1763 1495 transcriptum
1783 1442 1978 1493 cujusdam

442 1504 582 1541 litterae
605 1505 768 1555 quodam
784 1505 907 1555 sigillo
929 1505 1092 1542 rotundo
1112 1505 1243 1543 viridis
1267 1519 1371 1542 cerae
1391 1505 1498 1554 cujus
1521 1505 1640 1541 forma
1664 1503 1819 1540 inferius
1841 1501 1981 1539 descri-

442 1563 557 1609 bitur„
572 1567 607 1600 et
625 1567 732 1599 tenor
745 1562 864 1600 dictae
882 1563 1024 1600 litterae
1038 1577 1104 1614 per
1121 1564 1246 1601 omnia
1263 1563 1430 1601 noscitur
1446 1576 1525 1600 esse
1543 1561 1635 1599 talis.

490 1620 728 1658 Sanctissimo
745 1634 813 1658 suo
828 1622 923 1672 patri
942 1635 984 1658 ac
1003 1622 1157 1658 domino
1176 1622 1384 1668 Bonifacio,
1406 1621 1473 1658 Dei
1492 1620 1608 1671 gratia
1625 1631 1774 1657 summo
1791 1618 1980 1668 pontifici,

442 1679 735 1730 burgimagistri,
753 1680 917 1726 scabini,
937 1680 1137 1717 consiliarii
1157 1684 1193 1717 et
1210 1684 1284 1717 tota
1303 1679 1551 1716 communitas
1569 1677 1679 1715 villae
1694 1677 1740 1714 de
1758 1671 1984 1726 Ardenburg

443 1738 596 1775 salutem
624 1742 660 1774 et
681 1739 819 1788 pedum
847 1739 972 1776 oscula
1001 1739 1207 1776 beatorum.
1237 1738 1497 1776 Sanctissimae
1522 1741 1664 1774 vestrae
1683 1734 1895 1787 paternitati
1923 1734 1983 1770 lu-

441 1796 550 1847 gubri
574 1802 780 1846 conquestu
799 1811 840 1834 ac
865 1798 1059 1835 lacrimosa
1084 1798 1337 1835 insinuatione
1358 1796 1575 1833 intimamus
1597 1794 1700 1845 quod
1721 1794 1754 1831 J.
1781 1792 1849 1830 Dei
1867 1792 1984 1842 gratia

442 1855 685 1892 Tornacensis
712 1855 926 1906 episcopus„
952 1861 1064 1907 prout
1085 1856 1266 1894 veraciter
1297 1855 1567 1900 intelleximus2
1598 1866 1673 1890 non
1702 1852 1773 1889 alia
1801 1851 1848 1888 de
1875 1863 1984 1887 causa

444 1914 569 1951 villam
589 1920 752 1951 nostram
772 1915 1018 1953 ecclesiastico
1032 1915 1440 1967 supposuitinterdicto
1456 1913 1526 1951 nisi
1550 1912 1638 1964 quia
1655 1911 1816 1948 ballivus
1838 1909 1985 1947 Arden-

445 1972 640 2022 burgensis
666 1973 875 2023 provisores
898 1975 1071 2012 ecclesiae
1092 1976 1225 2012 Beatae
1242 1973 1379 2011 Mariae
1403 1973 1448 2010 de
1467 1971 1710 2020 Ardenburg‚
1729 1973 1766 2006 et
1786 1967 1986 2019 praecipue

446 2031 602 2068 vicarios
621 2031 860 2070 adhaerentes
878 2033 1016 2070 eisdem
1037 2034 1204 2070 detinere
1217 2037 1253 2070 et
1269 2045 1400 2083 capere
1418 2030 1610 2068 recusavit.
1629 2029 1752 2077 Quare
1773 2041 1840 2064 nos
1858 2027 1985 2063 villam

447 2095 608 2127 nostram
624 2091 821 2129 sentientes
835 2105 948 2142 quam
968 2093 1175 2143 plurimum
1195 2096 1231 2128 et
1247 2091 1414 2127 indebite
1433 2088 1682 2140 praegravari7
1701 2091 1859 2123 vestram
1879 2097 1988 2122 sanc—

446 2149 623 2186 tissimam
652 2151 908 2200 paternitatem
927 2152 1161 2188 consulentes
1181 2149 1376 2186 humilime
1402 2147 1657 2198 supplicamus
1678 2150 1721 2182 ut
1747 2143 1987 2181 interdictum

445 2208 689 2258 praedictum7
710 2209 738 2246 si
761 2214 902 2246 vestrae
919 2215 1066 2246 sanctae
1080 2209 1334 2260 providentiae
1348 2207 1523 2258 expedire
1536 2205 1723 2250 videatur,
1739 2203 1904 2240 relaxare
1922 2200 1987 2238 ve-

401 2284 403 2286 ·
446 2266 530 2303 litis.
554 2267 709 2316 lnsuper
728 2269 853 2315 vobis⁷
878 2269 1108 2306 sanctissime
1135 2273 1256 2319 pater,
1282 2267 1555 2317 significamus,
1577 2262 1783 2301 secundum
1808 2260 1910 2311 quod
1940 2259 1987 2296 ab

447 2325 738 2375 antiquioribus,
764 2327 1043 2365 discretioribus
1071 2333 1106 2364 et
1125 2326 1436 2377 fidedignioribus
1456 2322 1714 2375 parrochianis
1733 2320 1852 2357 dictae
1869 2318 1988 2354 eccle-

448 2383 522 2420 siae
540 2383 682 2433 liquide
707 2384 977 2431 intelleximus„
1007 2386 1125 2436 ipsam
1146 2385 1357 2436 sumptibus
1380 2388 1415 2420 et
1438 2381 1608 2433 expensis
1632 2379 1794 2416 fabricae
1818 2376 1986 2413 nondum

450 2442 655 2492 completae
672 2446 707 2478 et
725 2444 951 2481 ornamentis
967 2445 1140 2481 ecclesiae
1162 2443 1353 2481 annuatim
1378 2440 1592 2478 necessariis
1612 2438 1808 2487 diligenter
1826 2434 1988 2486 pensatis
