2184 3074
749 340 910 379 CODEX
938 343 1181 382 DUNENSIS.
1683 353 1729 389 57

896 508 1021 546 XLVI.

604 621 858 670 Approbation
885 623 928 661 de
954 631 1037 663 celte
1062 626 1316 666 delimitation.

243 841 424 861 .......
450 815 518 853 Dei
539 818 656 867 gratia
673 818 915 857 Tornacensis
934 821 1130 872 episcopus
1148 823 1331 862 universis
1354 829 1563 875 praesentes
1586 826 1723 862 litteras

192 870 432 922 inspecturis,
450 875 605 912 salutem
625 876 662 913 in
685 877 859 915 Domino.

241 930 393 969 Noverit
414 933 634 972 universitas
658 940 776 973 vestra
803 937 905 988 quod
932 938 1189 976 limitationem
1218 941 1348 978 factam
1374 955 1441 992 per
1461 941 1613 979 dilectos
1636 943 1724 979 tales

191 1002 304 1040 super
325 991 532 1040 parrochiis
558 993 785 1043 quibusdam
814 995 852 1032 in
880 996 1007 1034 wasia
1033 998 1259 1046 constitutis⁷
1290 1000 1460 1037 videlicet
1488 1000 1535 1036 de
1561 1001 1723 1046 Bersele,

190 1047 312 1086 Sancti
328 1048 497 1086 Nicholai
513 1054 549 1087 et
563 1051 686 1088 Sancti
702 1052 807 1090 Pauli
823 1067 919 1104 quae
933 1055 979 1092 de
993 1069 1090 1093 novo
1104 1062 1312 1094 constructa
1326 1062 1392 1104 est,
1407 1063 1520 1095 ratam
1536 1063 1571 1095 et
1583 1063 1723 1109 gratam

189 1104 368 1143 habemus
387 1110 423 1143 et
439 1108 643 1158 pontificali
664 1111 881 1148 auctoritate
899 1113 1184 1151 confirmamus:
1212 1114 1282 1151 hoc
1304 1119 1426 1152 tamen
1452 1121 1598 1152 extante
1620 1116 1722 1167 quod

186 1163 216 1201 si
246 1167 539 1216 recompensatio
565 1167 659 1205 sacta
683 1170 893 1219 praedictae
912 1172 1128 1221 parrochiae
1145 1173 1191 1210 de
1211 1173 1354 1211 Berselc
1370 1187 1437 1224 pro
1456 1174 1568 1211 domo
1587 1174 1669 1211 talis
1687 1179 1723 1211 et

184 1221 410 1273 quibusdam
430 1225 536 1262 terris
550 1225 806 1275 adjacentibus
821 1229 867 1266 de
882 1243 979 1267 novo
993 1231 1038 1267 ad
1054 1231 1288 1281 parrochiam
1305 1232 1428 1269 Sancti
1446 1232 1613 1269 Nicholai
1629 1233 1722 1270 assi-

183 1282 304 1332 gnatis
330 1282 454 1320 minus
481 1284 668 1323 sufficiens
694 1291 836 1337 reperta
864 1279 992 1335 suerit,
1018 1303 1085 1340 per
1109 1291 1313 1340 praefatum
1341 1290 1644 1328 archidiaconum
1673 1291 1719 1327 ad

182 1342 563 1391 recompensationem
581 1345 805 1395 condignam
825 1347 1033 1385 reducatur.
1053 1349 1207 1394 Datum,
1226 1354 1293 1386 cte.

889 1471 1010 1481 *0*—

874 1602 1017 1640 XLVll.

277 1713 445 1753 Mesures
464 1716 487 1753 ἀ
502 1716 665 1771 prendre
677 1730 778 1767 pour
794 1718 919 1768 sorcer
935 1731 987 1755 un
1004 1718 1181 1757 clianoine
1199 1719 1243 1756 de
1259 1719 1443 1770 Cambray
1461 1721 1483 1757 ἀ
1497 1733 1618 1770 payer

735 1777 786 1814 les
803 1777 902 1827 [ναίει
919 1777 1010 1814 d'un
1027 1780 1166 1827 proces.

229 1966 408 2005 Officialis
427 1968 524 2006 sedis
547 1970 853 2021 metropolitanae
877 1972 1068 2010 Remensis
1090 1972 1253 2010 vacantis
1275 1972 1414 2009 decano
1437 1972 1713 2011 christianitatis

180 2024 453 2076 Cameracensi‚
472 2028 628 2065 salutem
647 2029 685 2066 in
704 2029 879 2067 Domino.
896 2071 905 2074 ,

227 2083 322 2141 Οψη
346 2097 434 2132 nos,
457 2086 600 2135 justitia
624 2087 811 2139 exigente,
835 2089 1030 2125 dominum
1058 2088 1272 2125 Michaelem
1304 2088 1523 2125 canonicum
1550 2089 1711 2139 capellae

179 2139 334 2178 Sanctae
350 2141 541 2182 Trinitatis
561 2145 841 2184 Cameracensis·
852 2146 1039 2197 Stephano
1056 2146 1156 2183 dicto
1176 2146 1320 2183 Poterio
1337 2147 1374 2183 in
1394 2151 1531 2196 septem
1552 2147 1656 2184 libris
1674 2153 1710 2184 et

178 2198 297 2237 tribus
314 2200 444 2239 solidis
463 2202 734 2243 Parisiensibus
752 2205 1165 2256 condempnaverimus,
1190 2218 1209 2241 a
1238 2205 1345 2242 nobis
1370 2205 1500 2242 taxatis
1527 2210 1563 2242 et
1583 2218 1603 2242 a
1621 2219 1710 2256 pro-

177 2262 345 2295 curatore
360 2259 476 2309 ipsius
490 2261 666 2312 Stephani
682 2276 794 2314 super
810 2263 880 2300 hoc
894 2267 1109 2314 potestatem
1126 2263 1284 2299 habente
1294 2263 1439 2312 juratisq
1454 2276 1523 2313 pro
1537 2264 1708 2313 expensis

178 2314 282 2352 factis
301 2315 339 2353 in
358 2317 421 2353 lite
440 2317 565 2356 habita
584 2332 707 2357 coram
734 2321 843 2358 nobis
865 2321 962 2358 inter
982 2327 1103 2371 partes
1129 2320 1353 2370 praedictas,
1372 2320 1475 2357 vobis
1493 2321 1709 2358 auctoritate

177 2372 274 2411 sedis
292 2375 502 2425 praedictae
514 2377 776 2428 praecipiendo
801 2380 1020 2416 mandamus
1042 2383 1226 2429 quatenus
1251 2378 1392 2415 dictum
1420 2378 1633 2415 Michaelem
1661 2379 1707 2416 ad

178 2432 257 2482 ejus
282 2433 515 2474 domicilium
542 2442 606 2474 aut
629 2437 666 2474 in
691 2438 842 2475 ccclesia
867 2438 1119 2476 Cameracensi
1148 2438 1186 2475 in
1213 2451 1287 2488 qua
1318 2437 1540 2474 beneficium
1571 2437 1708 2475 dicitur
