2184 3074
756 326 919 366 CODEX
944 327 1188 366 DUNENSlS.
1667 331 1734 366 187

197 448 379 500 producta
401 451 528 485 contra
549 447 647 498 ipsos
666 445 964 497 impugnandum
982 450 1019 483 et
1040 446 1336 496 reprobandum,
1364 446 1519 483 crimina
1539 459 1734 498 opponen-

196 507 299 552 dum.‚
313 519 490 557 expensas
505 504 705 556 petendum
721 509 756 541 et
770 503 1040 555 recipiendum,
1053 504 1415 554 easqucjurandum,
1426 505 1644 542 sententiam
1661 510 1732 541 tam

197 564 511 602 interlocutoriam
531 575 644 614 quam
660 562 897 599 diffinitivam
916 561 1163 607 audiendum,
1183 562 1447 612 appellandum
1463 563 1574 599 semel
1593 567 1629 599 et
1648 563 1734 613 plu-

197 622 284 668 ries,
303 626 339 659 et
357 627 430 659 tam
450 620 644 671 injudicio
659 633 772 671 quam
791 625 894 657 extra
909 619 1095 669 judicium
1115 620 1401 671 appellationem
1416 626 1452 658 et
1469 621 1734 672 appellationes

197 678 468 724 innovandum,
495 678 815 730 prosequendum,
841 677 1110 715 notificandum
1141 683 1176 715 et
1207 678 1506 716 denuntiandum
1538 693 1579 716 ac
1607 680 1733 731 publi-

195 737 374 783 candum‚
401 737 618 788 ubicunque
638 741 672 773 et
693 736 984 788 quibuscunque
1006 735 1172 786 personis
1195 735 1357 773 viderint
1386 736 1577 787 expedire,
1603 738 1732 775 dantes

195 793 334 833 eisdem
350 795 655 846 procuratoribus
673 795 750 832 suis
768 799 804 831 et.
821 794 976 832 cuilibet
987 807 1116 831 eorum
1135 795 1172 831 in
1187 795 1348 832 solidum
1364 796 1510 846 plenam
1529 801 1564 832 et
1578 796 1731 832 liberam

197 858 413 906 potestatem
434 867 476 891 ac
493 854 652 904 speciale
675 853 892 890 mandatum
910 853 1024 890 alium
1042 853 1098 890 vel
1116 853 1206 890 alios
1226 859 1502 904 procuratorem
1523 855 1577 891 vel
1598 868 1733 905 procu·

195 917 334 950 ratores
353 912 434 949 loco
452 911 508 949 sui
529 910 798 954 substituendi,
813 911 882 962 qui,
898 910 1066 948 eamdem
1090 911 1127 947 in
1147 911 1323 949 omnibus
1344 912 1478 949 habeat
1493 913 1548 949 vel
1574 912 1733 950 habeant

195 974 428 1022 potestatem,
453 983 614 1020 eumque
631 970 688 1006 vel
715 982 777 1007 eos
803 969 1000 1006 revocandi
1028 969 1331 1021 quandocunque
1349 975 1385 1007 et
1408 971 1732 1022 quotienscunque

195 1028 384 1066 voluerint
404 1033 467 1065 aut
492 1027 655 1065 viderint
679 1027 869 1078 expedire,
898 1028 1081 1078 praesenti
1117 1028 1372 1078 procuratorio
1401 1028 1666 1067 nichilominus
1694 1030 1730 1067 in

195 1100 263 1125 suo
281 1087 415 1124 robore
441 1086 639 1132 duraturo,
663 1099 807 1123 necnon
835 1090 871 1122 et
894 1085 1018 1123 omnia
1042 1086 1112 1122 alia
1139 1090 1173 1122 et
1199 1086 1343 1136 singula
1370 1086 1527 1123 faciendi
1550 1092 1585 1124 et
1605 1101 1733 1124 excer-

195 1145 303 1182 cendi
320 1158 415 1196 quae
433 1145 509 1182 veri
528 1150 564 1182 et
582 1145 735 1195 legitimi
756 1150 1015 1196 procuratores
1037 1158 1102 1182 seu
1123 1146 1352 1195 negotiorum
1372 1151 1534 1196 gestores
1550 1159 1591 1182 ac
1610 1146 1730 1183 nuntii

195 1204 370 1255 speciales
392 1203 511 1240 facere
531 1207 567 1240 et
586 1216 754 1240 exercere
775 1208 930 1254 possunt
955 1208 990 1240 et
1010 1203 1163 1250 debent,
1183 1208 1218 1240 et
1243 1217 1339 1255 quae
1360 1204 1396 1240 in
1417 1204 1551 1241 talibus
1577 1210 1613 1240 et
1635 1204 1728 1241 circa

196 1262 282 1299 talia
297 1262 448 1299 suerunt
462 1261 666 1299 necessaria
679 1275 744 1298 seu
758 1261 867 1298 etiam
884 1266 1085 1312 oportuna7
1099 1266 1135 1298 et
1149 1261 1392 1312 requiruntur
1406 1262 1452 1298 dc
1465 1261 1732 1299 consuetudine

194 1321 252 1358 vel
274 1321 321 1358 de
339 1320 441 1369 June,
466 1324 501 1357 et
522 1333 618 1371 quae
642 1320 791 1370 ipsimet
816 1320 873 1356 vel
892 1333 1021 1356 eorum
1043 1320 1134 1356 alter
1163 1320 1282 1356 facere
1312 1324 1348 1356 et
1369 1333 1559 1357 excercere
1585 1326 1729 1370 possent

195 1379 292 1416 circa
316 1378 516 1429 praemissa
546 1378 603 1414 vel
631 1378 774 1429 aliquid
794 1378 1099 1429 praemissorum,
1126 1378 1155 1415 si
1188 1378 1479 1428 praesentialiter
1501 1378 1731 1421 interessent,

194 1437 450 1488 promittentes
468 1436 538 1487 ipsi
560 1441 595 1473 et
614 1449 742 1474 eorum
762 1437 913 1488 utrique
930 1450 969 1474 se
987 1442 1107 1474 ratum
1128 1436 1322 1474 habituros
1338 1441 1374 1473 et
1390 1442 1534 1486 gratum
1551 1436 1730 1486 quiequid

194 1509 261 1547 per
278 1495 396 1533 dictos
416 1499 672 1546 procuratores
690 1509 776 1533 suos
794 1496 851 1532 vel
870 1509 1000 1532 eorum
1019 1496 1175 1532 alterum
1195 1495 1495 1532 substituendum
1515 1495 1570 1531 vel
1592 1495 1731 1532 substi-

194 1553 351 1591 tuendos
369 1554 416 1590 ab
434 1553 524 1604 ipsis
543 1554 599 1590 vel
618 1566 747 1591 eorum
765 1554 880 1591 altero
899 1559 1038 1598 actum,
1053 1559 1243 1604 gestumve
1261 1554 1371 1590 suerit
1386 1553 1422 1589 in
1440 1553 1648 1604 praemissis
1667 1567 1729 1590 seu

194 1613 364 1664 quolibet
389 1612 678 1662 praemissorum
708 1625 773 1650 seu
804 1612 914 1648 etiam
946 1617 1211 1662 procuratum,
1242 1612 1405 1648 volentes
1435 1612 1586 1662 insuper
1614 1612 1732 1648 dictos

194 1676 450 1722 procuratores
474 1685 560 1709 suos
583 1676 618 1709 et
639 1671 942 1709 substituendum
968 1685 1010 1708 ac
1036 1671 1316 1708 substituendos
1337 1671 1384 1707 ab
1411 1671 1498 1721 ipsis
1522 1671 1576 1708 vel
1602 1684 1729 1708 eorum

194 1733 308 1770 altero
324 1732 476 1769 relevari
495 1732 543 1778 ab
557 1732 659 1769 omni
679 1744 791 1768 onere
809 1731 1011 1769 satisdandi
1031 1731 1283 1781 promiserunt
1302 1731 1369 1781 ipsi
1385 1735 1560 1767 eteorum
1583 1730 1730 1781 utrique

194 1789 308 1826 michi
336 1789 481 1829 notario
513 1789 664 1840 publico
688 1789 924 1839 infrascripto
947 1794 1123 1839 tanquam
1143 1801 1321 1838 personae
1345 1788 1516 1838 publicae
1538 1788 1728 1838 stipulanti

193 1848 449 1899 sollempniter
477 1853 512 1885 et
543 1848 758 1899 recipienti,
787 1848 866 1885 vice
895 1848 1064 1885 omnium
1096 1860 1257 1898 quorum
1291 1841 1440 1883 interest
1469 1846 1524 1882 vel
1558 1846 1729 1882 interesse

194 1903 346 1958 poterit3
365 1907 402 1944 in
423 1907 607 1953 futurum,
622 1906 767 1956 judicio
782 1907 860 1944 fisci
879 1912 914 1943 et
925 1906 1135 1956 judicatum
1149 1905 1241 1959 sotyi
1258 1904 1328 1942 sub
1345 1904 1527 1955 ypotheca
1543 1904 1725 1941 bonorum

192 1979 358 2004 suorum.
389 1966 522 2004 Actum
551 1966 714 2004 Parisius
744 1966 844 2016 apud
875 1966 1050 2004 Sanctum
1084 1963 1315 2001 Bernardum
1342 1963 1378 1999 in
1412 1963 1548 2013 capella
1575 1962 1724 2012 hospitii

193 2024 270 2061 sive
293 2023 427 2061 domus
451 2024 490 2060 in
513 2037 586 2074 qua
606 2024 821 2061 morabatur
847 2023 1019 2074 magister
1041 2022 1230 2060 Jolianncs
1258 2021 1304 2057 de
1328 2021 1464 2065 Dunis,
1490 2020 1662 2070 magister
1688 2019 1724 2056 in

193 2082 393 2132 theologia,
420 2082 562 2119 ordinis
587 2081 838 2119 Cisterciensis
864 2094 992 2132 regens
1017 2081 1054 2117 in
1076 2080 1206 2117 eodem
1233 2080 1314 2116 loco
1338 2078 1374 2115 in
1395 2078 1597 2127 theologi&
1618 2091 1725 2128 prae—

191 2139 359 2178 sentibus
382 2139 584 2176 venerabili
615 2144 651 2176 et
680 2139 852 2190 religioso
884 2139 965 2176 viro
992 2138 1145 2175 domino
1175 2137 1309 2174 abbate
1337 2135 1656 2172 Sancti-Germani
1680 2136 1725 2172 de

193 2197 310 2236 Pratis
330 2197 564 2244 Parisiensis,
582 2198 682 2235 dicto
705 2198 879 2249 magistro
900 2197 1071 2235 Johanne
1091 2196 1137 2232 de
1154 2195 1293 2240 Dunis,
1312 2194 1465 2230 domino
1487 2194 1614 2244 Sigero
1634 2194 1722 2230 olim

147 2270 150 2271 ⁷
191 2257 331 2294 decano
356 2255 520 2293 Cortraci
536 2259 557 2303 ¹,
582 2256 766 2307 magistris
793 2257 901 2293 Petro
920 2255 966 2292 de
987 2254 1198 2298 Ponteciso,
1219 2257 1366 2303 regente
1398 2251 1559 2289 Parisius
1581 2251 1618 2288 in
1647 2266 1724 2288 me-

229 2388 238 2402 ¹
260 2388 328 2413 ti'est
348 2387 371 2412 le
388 2385 493 2413 celebre
513 2386 587 2420 Siger
600 2387 633 2412 ‹te
647 2387 788 2420 Coun-trus.
802 2386 891 2419 Voyez
907 2386 930 2411 la
946 2385 1031 2411 notice
1045 2384 1091 2418 qui
1107 2383 1144 2409 lui
1159 2386 1198 2408 est
1215 2382 1355 2408 rotinere·-
1370 2381 1436 2407 dans
1451 2378 1585 2406 t'llixlon'n·
1599 2379 1723 2405 (inimin-

191 2437 223 2462 ἀι
240 2437 267 2461 Ia
282 2435 389 2462 France.
