2184 3074
439 274 512 311 29ss
989 267 1152 306 CODEX
1176 267 1425 306 DUNENSlS.

439 389 727 428 adhaerentibus
747 388 785 424 in
803 387 874 423 hoc
892 398 979 422 casu
998 386 1036 421 in
1056 384 1128 421 hiis
1143 384 1290 434 scriptis
1307 384 1354 420 ad
1379 383 1510 422 Sedem
1539 386 1788 435 Apostolicam
1812 374 1975 438 provoco

439 454 474 486 et
494 449 657 500 appello,
676 451 712 483 et
730 445 916 496 apostolos
935 443 1088 480 nomine
1105 456 1182 494 quo
1200 455 1311 493 supra
1335 443 1428 480 mihi
1456 442 1546 479 dare
1569 448 1672 494 peto,
1691 444 1721 481 si
1743 445 1818 495 peti
1841 451 1875 483 et
1893 447 1972 484 ‹lari

439 508 616 553 debeant,
635 510 670 542 et
688 518 764 542 non
782 504 900 548 aliter,
919 508 955 540 et
972 503 1091 539 dictos
1108 502 1282 539 dominos
1300 514 1402 538 meos
1420 502 1572 539 nomine
1593 515 1670 554 quo
1695 516 1807 554 supra
1831 504 1883 542 eis
1907 505 1974 542 ad-

439 567 630 603 haerentes
645 562 847 600 monachos
865 567 900 598 et
913 566 1048 598 statum
1066 565 1102 597 et
1114 561 1213 598 bona
1228 560 1444 597 eorumdem
1459 561 1679 611 protectioni
1695 561 1800 599 Sedis
1815 563 1975 613 Aposto-

440 625 531 661 licae
549 635 732 673 suppono.
752 621 940 658 Protestor
957 619 1066 655 etiam
1086 618 1238 655 nomine
1255 631 1332 669 quo
1349 631 1462 669 supra
1483 618 1530 655 de
1553 619 1800 670 appellatione
1821 625 1858 656 et
1883 633 1973 671 pro—

437 684 630 721 vocatione
643 681 841 733 praedictis
857 679 1075 716 intimandis
1088 683 1124 715 et
1138 678 1374 716 notificandis
1387 678 1439 715 eis
1453 678 1499 715 ad
1513 691 1608 729 quos
1622 678 1763 716 dictum
1782 679 1971 730 negotium

437 742 597 792 pertinet
614 746 650 777 et
668 739 785 790 tangit
802 743 838 775 et
855 743 1003 789 tangere
1019 741 1159 788 potest,
1172 750 1257 774 cum
1276 737 1323 774 ad
1342 737 1379 773 id
1398 737 1576 774 obtulerit
1593 738 1788 775 commode
1805 751 1844 775 se
1862 738 1972 775 l'aeul-

436 805 500 836 tas.
520 799 655 835 Datum
674 810 773 834 anno
791 801 826 833 et
843 796 903 833 die
919 795 1128 847 praedictis.
1720 811 1722 815 >

1150 918 1251 925 -.-.--

1154 1060 1258 1097 CXC.

520 1183 627 1219 Leve'e
644 1181 688 1218 de
705 1181 741 1218 Ia
759 1186 920 1218 sentence
939 1179 1330 1216 d’eaecommunicalion
1349 1179 1415 1228 qni
1432 1180 1533 1215 avait
1547 1178 1683 1228 [rappe'
1701 1177 1810 1215 sabb&
1827 1178 1889 1215 des

1135 1238 1272 1275 Dunes.

480 1442 656 1479 Exhibita
680 1441 789 1478 nobis
814 1454 859 1477 ex
877 1445 980 1491 parte
1001 1470 1106 1477 .....
1128 1440 1273 1477 abbatis
1295 1440 1375 1476 talis
1395 1440 1616 1490 supplicatio
1635 1440 1849 1476 continebat
1865 1441 1967 1490 quod

432 1515 515 1538 cum
536 1501 625 1538 olim
645 1501 838 1537 occasione
860 1499 998 1536 nobilis
1021 1500 1090 1536 viri
1115 1499 1261 1536 comitis
1280 1498 1477 1535 Flandriae
1497 1503 1624 1535 contra
1643 1498 1823 1535 illustrem
1845 1512 1966 1549 regem

431 1560 658 1596 Francorum
671 1559 816 1596 noviter
825 1563 1116 1608 attemptaretur,
1127 1557 1355 1594 venerabiles
1369 1561 1490 1607 patres
1505 1556 1805 1606 archiepiscopus
1814 1557 1969 1594 Remen-

431 1619 480 1655 sis
499 1623 534 1654 et
552 1618 748 1668 episcopus
767 1617 1069 1662 Silvanectensis7
1088 1615 1306 1652 auctoritate
1323 1615 1524 1665 apostolica
1545 1619 1633 1651 tunc
1651 1614 1689 1651 in
1708 1615 1778 1651 hac
1795 1620 1899 1666 parte
1915 1615 1967 1652 eis

431 1676 638 1722 commissa,
669 1676 706 1712 in
738 1676 880 1712 dictum
910 1675 1081 1711 comitem
1108 1679 1143 1710 et
1167 1673 1246 1723 ejus
1274 1674 1435 1710 fautores
1461 1673 1857 1710 excommunicationis
1874 1678 1911 1710 et
1927 1670 1967 1710 in

432 1739 564 1771 terram
589 1734 706 1784 ipsius
724 1733 870 1770 comitis
889 1732 1075 1769 interdicti
1095 1732 1294 1768 sententias
1312 1732 1610 1782 promulgarunt.
1630 1731 1728 1768 ldem
1748 1745 1836 1768 vero
1853 1732 1968 1769 abbas

430 1806 503 1829 una
523 1806 606 1829 cum
629 1797 704 1829 toto
723 1792 821 1829 clero
842 1791 959 1842 ipsius
982 1796 1114 1836 terrae7
1141 1790 1455 1841 appellationibus
1473 1790 1626 1840 praefati
1647 1790 1792 1827 comitis
1815 1803 1835 1826 a
1859 1790 1967 1827 dictis

429 1851 618 1888 sententiis
636 1851 683 1887 ad
705 1850 837 1887 Sedem
859 1850 1111 1900 Apostolicam
1132 1849 1332 1898 interjectis
1350 1848 1555 1885 adhaerens
1567 1878 1575 1894 5
1595 1849 1757 1886 confisus
1774 1848 1821 1885 de
1838 1849 1968 1899 appel-

429 1909 630 1946 lationibus
649 1908 871 1959 supradictis
886 1908 1011 1944 divina
1028 1921 1103 1944 non
1119 1912 1242 1944 tamen
1258 1907 1296 1943 in
1316 1911 1569 1958 contemptum
1588 1907 1748 1944 clavium
1768 1906 1967 1944 celebravit

428 1968 548 2005 officia
574 1972 609 2003 et
632 1980 670 2004 se
696 1967 785 2003 alias
808 1966 946 2003 divinis
971 1966 1122 2016 ingessit
1141 1965 1273 2002 officiis
1296 1965 1392 2002 sicut
1411 1965 1533 2016 prius3
1560 1965 1623 2002 sed
1642 1969 1839 2016 postquam
1858 1978 1967 2015 prae-

428 2027 548 2063 dictus
567 2040 631 2063 rex
650 2029 791 2076 partem
811 2030 928 2062 terrae
945 2025 1062 2075 ipsius
1080 2024 1226 2061 comitis
1245 2029 1414 2074 potenter
1432 2024 1581 2070 invasit,
1595 2024 1792 2074 occupavit
1804 2028 1840 2060 et
1853 2025 1964 2074 cepitff

429 2086 526 2122 idem
545 2085 660 2122 abbas
679 2084 717 2120 in
736 2089 831 2121 terra
856 2084 909 2120 sic
935 2089 1041 2134 capta
1067 2084 1227 2120 existens
1254 2096 1338 2119 cum
1370 2082 1547 2127 fratribus
1574 2082 1650 2119 suis
1675 2081 1840 2131 ejusdem
1869 2083 1965 2132 regis

416 2143 593 2181 ¹obedivit
609 2143 810 2189 mandatis,
830 2142 939 2192 eique
955 2142 1123 2179 adhaesit
1141 2147 1175 2178 et
1192 2141 1391 2192 praedictis
1409 2140 1722 2192 appellationibus
1739 2139 1966 2178 renuntiavit

428 2202 542 2238 libere
565 2206 600 2238 et
626 2214 807 2252 expresse.
837 2201 929 2238 Cum
959 2201 1073 2251 igitur
1096 2200 1274 2251 praedicti
1308 2200 1609 2250 archiepiscopus
1639 2204 1674 2235 et
1704 2198 1899 2249 episcopus
1926 2199 1965 2235 in

427 2266 538 2297 totam
556 2265 690 2296 terram
710 2273 777 2310 per
793 2260 966 2296 eumdem
986 2273 1107 2310 regem
1127 2263 1271 2310 captam
1291 2259 1531 2295 interdictum
1552 2257 1767 2308 hujusmodi
1787 2257 1963 2294 duxerint

426 2318 685 2363 relaxandum,
705 2318 803 2354 idem
822 2318 936 2355 abbas
955 2318 1156 2368 supplicari
1177 2318 1264 2355 fecit
1279 2317 1469 2354 humiliter
1483 2317 1554 2354 sibi
1570 2323 1606 2354 et
1621 2317 1697 2354 suis
1711 2315 1960 2353 confratribus

426 2377 513 2413 dicti
534 2377 745 2413 monasterii
765 2377 962 2413 salubriter
978 2377 1178 2427 provideri.
1201 2377 1274 2414 Nos
1293 2377 1407 2426 igitur
1431 2376 1646 2413 auctoritate
1674 2375 1816 2412 domini
1843 2387 1965 2424 papae*
