2184 3074
22 2315 30 2379 ’ξ

728 359 891 399 CODEX
918 361 1013 400 DUN
1019 362 1079 400 EN
1082 361 1160 401 Sis.
1496 359 1499 363 ’
1640 365 1711 403 557

179 456 357 514 adhibere
372 475 508 513 curetis
527 475 782 514 omnimodam
793 506 802 524 ‚
816 477 982 529 alioquin
1000 484 1084 530 post
1100 479 1300 518 terminum
1320 480 1358 517 in
1373 479 1469 518 dicta
1489 481 1712 519 diffinitione

179 538 451 586 praetaxatum,
467 533 497 571 si
517 546 591 570 non
607 534 810 581 solveritis,
824 535 862 572 in
878 536 1082 587 praedictas
1101 550 1254 588 poenas,
1272 538 1375 590 quod
1394 539 1499 577 vobis
1513 540 1710 577 molestum

178 593 286 631 valde
311 592 424 639 foret,
441 604 508 629 vos
531 591 789 630 incunctanter
811 595 987 632 noveritis
1015 595 1208 644 incidisse,
1235 596 1353 648 sigilla
1379 597 1565 649 siquidem
1593 603 1711 636 vestra

179 665 254 690 una
272 664 357 690 cum
376 650 498 702 sigillo
521 656 648 688 nostro
675 651 712 688 in
736 651 848 702 hujus
874 653 1022 704 signum
1042 655 1262 706 receptionis
1276 655 1439 694 mandati
1454 657 1710 707 praesentibus

140 762 142 764 v
179 715 419 764 apponentes.

230 770 366 808 Datum
384 781 483 806 anno
502 769 653 807 Domini
673 769 723 807 Mo
738 769 840 807 CCCo
854 770 919 808 Xl⁰
938 772 975 808 in
994 771 1118 821 vigilia
1138 772 1238 810 Beati
1259 772 1425 810 Mathaei.

902 895 1005 905 «ο...

835 1036 1083 1075 CCCLXXlll.

556 1154 922 1192 E'oecommunication
950 1155 1039 1191 d’me
1067 1157 1183 1193 moine
1208 1155 1344 1193 rebelle.

225 1359 422 1399 ‘Universis
440 1360 547 1399 vobis
570 1361 823 1412 significamus
847 1362 949 1413 quod
973 1375 1056 1399 cum
1081 1363 1192 1399 frater
1212 1361 1293 1399 talis
1316 1361 1362 1398 de
1386 1361 1555 1412 tali-loco
1581 1361 1714 1398 domus

182 1422 329 1456 nostrae
346 1431 564 1467 conversus,
583 1420 702 1458 famae
715 1433 802 1458 suae
819 1420 1017 1472 prodigus,
1036 1434 1081 1458 ex
1101 1420 1282 1458 indecenti
1302 1434 1367 1457 sua
1385 1420 1662 1457 conversatione
1679 1424 1715 1457 et

181 1476 325 1515 actibus
343 1477 533 1529 nephariis
551 1478 648 1516 inter
664 1492 799 1530 pravos
812 1484 848 1516 et
860 1479 979 1517 bonos
994 1479 1197 1530 plurimum
1216 1479 1426 1516 diffamatus
1443 1483 1514 1525 est,
1529 1478 1714 1516 scandali-

180 1539 260 1572 zata
277 1535 414 1574 vicinia
433 1537 780 1588 praedecessoribus
799 1538 934 1576 nostris
951 1543 987 1575 et
1006 1538 1112 1575 nobis
1131 1538 1232 1575 dirae
1257 1538 1467 1589 frequenter
1494 1536 1715 1575 turbationis

181 1593 315 1644 pocula
334 1594 564 1643 ministrans,
583 1609 730 1647 semper
748 1596 895 1634 rebellis
918 1602 954 1634 et
973 1596 1190 1634 inobediens
1216 1596 1412 1634 exstitisset
1434 1610 1476 1633 ac
1499 1596 1716 1633 commissae

170 1651 255 1693 ‚sibi
285 1652 495 1704 praedictae
519 1654 633 1692 curtis
658 1654 702 1692 N.
733 1654 831 1692 bona
857 1655 894 1692 in
920 1659 1062 1692 tantum
1086 1655 1298 1706 dissipasset
1322 1653 1423 1705 quod
1448 1654 1546 1691 unde
1564 1666 1716 1704 magnos

183 1715 386 1761 proventus
412 1724 524 1764 supra
551 1725 680 1751 omnes
705 1726 885 1765 expensas
907 1714 1070 1764 recipere
1093 1706 1323 1758 solebamus,
1350 1726 1450 1749 nunc
1474 1711 1571 1749 dicta
1602 1711 1716 1749 curtis

183 1770 270 1808 inde
287 1775 446 1823 nequeat
463 1773 680 1820 sustentari,
698 1778 734 1811 ct
751 1774 852 1812 unde
869 1787 888 1811 a
908 1773 1016 1811 bonis
1036 1773 1143 1810 nobis
1161 1778 1215 1810 est
1236 1772 1402 1810 crebrius
1426 1772 1715 1823 improperatum

182 1829 284 1880 quod
301 1829 372 1868 sub
390 1843 455 1882 spe
472 1831 742 1870 emendationis
761 1837 990 1884 exspectatus
1006 1832 1123 1869 multo
1141 1831 1300 1868 deterior
1317 1845 1361 1868 ex
1381 1831 1451 1868 hoc
1470 1830 1595 1868 suisset
1614 1829 1716 1867 effec-

182 1891 263 1926 tus:
285 1901 352 1927 nos
370 1889 535 1928 volentes
554 1890 654 1928 salva
670 1891 894 1929 conscientia
910 1895 945 1928 et
958 1891 1131 1928 ecclesiae
1146 1894 1291 1927 nostrae
1305 1889 1446 1927 honore
1460 1889 1530 1926 sub
1550 1887 1715 1925 ulteriori

178 1945 479 1984 dissimulatione
493 1947 709 1998 hujusmodi
726 1949 960 2000 pertransire,
975 1949 1094 1985 eidem
1111 1962 1197 1985 cum
1212 1947 1313 1984 omni
1332 1946 1616 1984 mansuetudine
1629 1959 1717 1996 sug-

182 2004 259 2055 geri
277 2005 432 2043 fecimus
451 2010 487 2043 et
504 2008 663 2058 proponi
685 2012 725 2045 ut
742 2008 895 2059 pacifice
915 2007 1059 2044 cederet
1079 2012 1114 2043 et
1131 2006 1210 2056 ejus
1229 2005 1418 2042 infamiam
1438 2009 1557 2055 tegere
1574 2017 1616 2041 ac
1635 2003 1714 2054 paci

183 2075 270 2100 suae
288 2067 442 2114 paterno
461 2063 594 2102 affectu
613 2066 807 2103 consulere
825 2066 1063 2111 deberemus,
1083 2077 1193 2115 quem
1212 2063 1425 2100 induratum
1441 2067 1477 2099 et
1489 2062 1716 2099 obstinatum

183 2133 268 2158 cum
287 2121 341 2159 sic
358 2122 538 2173 proficere
557 2134 860 2176 non*possemus‚
882 2124 1156 2162 considerantes
1174 2121 1275 2173 quod
1295 2122 1347 2158 nil
1367 2121 1556 2172 prodesset
1579 2120 1716 2158 habili-

183 2179 254 2217 bus
271 2180 483 2227 obedientia
501 2182 531 2219 si
552 2182 855 2220 inobedientibus
875 2196 949 2220 non
968 2182 1126 2228 obesset,
1146 2181 1269 2232 ipsum
1294 2179 1442 2217 tandem
1465 2193 1530 2217 sua
1549 2179 1717 2230 exigente

184 2237 366 2276 malitiosa
383 2239 585 2278 rebellione
597 2254 617 2278 a
632 2241 732 2280 dicto
746 2242 860 2280 curtis
876 2241 1085 2293 magisterio
1100 2241 1276 2277 duximus
1293 2239 1559 2284 amovendum,
1577 2244 1612 2275 et
1630 2252 1716 2275 cum

183 2309 202 2332 a
221 2295 319 2334 dicta
334 2301 437 2335 curte
451 2299 565 2337 nollet
581 2301 769 2347 recedere,
786 2300 987 2351 nobisque,
1003 2304 1044 2336 ut
1057 2298 1232 2345 debehat,
1248 2297 1416 2343 obedire,
1432 2298 1717 2334 contumaciter—

183 2364 257 2404 que
274 2354 413 2393 diceret
431 2357 534 2407 quod
548 2371 616 2408 pro
631 2359 740 2397 nobis
756 2359 807 2396 nil
828 2359 961 2396 faceret
974 2363 1038 2395 aut
1054 2357 1257 2408 quicquam
1276 2370 1296 2393 a
1317 2355 1424 2393 nobis
1443 2359 1719 2406 recognosceret

183 2423 222 2448 se
238 2417 380 2460 tenere,
400 2413 523 2465 ipsum
542 2429 629 2454 suae
646 2417 773 2455 salutis
790 2448 795 2454 .
819 2448 824 2454 .
843 2448 848 2453 .
874 2448 879 2453 .
901 2446 927 2462 .‚
948 2429 994 2454 ne
1013 2421 1133 2453 tantae
1151 2414 1365 2452 temeritatis
1382 2427 1492 2451 ausus
1507 2413 1600 2459 aliis,
1615 2411 1717 2464 quod

184 2471 297 2519 absit,
321 2477 482 2512 transeat
506 2475 544 2514 in
569 2478 798 2528 exemplum,
818 2476 1035 2515 auctoritate
1054 2476 1165 2514 totius
1183 2475 1325 2513 ordinis
1353 2474 1467 2511 nostri
1501 2486 1718 2510 excommu-

1524 2531 1572 2569 68
