<?xml version="1.0" encoding="UTF-8"?>
<!DOCTYPE html PUBLIC "-//W3C//DTD XHTML 1.0 Transitional//EN"
    "http://www.w3.org/TR/xhtml1/DTD/xhtml1-transitional.dtd">
<html xmlns="http://www.w3.org/1999/xhtml" xml:lang="en" lang="en">
 <head>
  <title>
</title>
<meta http-equiv="Content-Type" content="text/html;charset=utf-8" />
  <meta name='ocr-system' content='tesseract 3.04.00' />
  <meta name='ocr-capabilities' content='ocr_page ocr_carea ocr_par ocr_line ocrx_word'/>
</head>
<body>
  <div class='ocr_page' id='page_1' title='image "./codexdunensissiv00kervuoft/codexdunensissiv00kervuoft_0055.png"; bbox 0 0 2184 3074; ppageno 0'>
   <div class='ocr_carea' id='block_1_1' title="bbox 741 272 1727 314">
    <p class='ocr_par' dir='ltr' id='par_1_1' title="bbox 741 272 1727 314">
     <span class='ocr_line' id='line_1_1' title="bbox 741 272 1727 314; baseline 0.001 -2"><span class='ocrx_word' id='word_1_1' title='bbox 741 274 904 313; x_wconf 86' lang='lat' dir='ltr'>CODEX</span> <span class='ocrx_word' id='word_1_2' title='bbox 929 272 1174 312; x_wconf 85' lang='lat' dir='ltr'>DUNENSIS.</span> <span class='ocrx_word' id='word_1_3' title='bbox 1682 277 1727 314; x_wconf 79' lang='lat'>15</span> 
     </span>
    </p>
   </div>
   <div class='ocr_carea' id='block_1_2' title="bbox 190 389 1778 2320">
    <p class='ocr_par' dir='ltr' id='par_1_2' title="bbox 190 389 1728 670">
     <span class='ocr_line' id='line_1_2' title="bbox 190 389 1728 449; baseline -0.006 -14"><span class='ocrx_word' id='word_1_4' title='bbox 190 396 438 449; x_wconf 87' lang='lat' dir='ltr'>assequenda,</span> <span class='ocrx_word' id='word_1_5' title='bbox 469 407 561 446; x_wconf 86' lang='lat' dir='ltr'>quas</span> <span class='ocrx_word' id='word_1_6' title='bbox 590 393 722 444; x_wconf 82' lang='lat' dir='ltr'>viginti</span> <span class='ocrx_word' id='word_1_7' title='bbox 755 392 868 429; x_wconf 87' lang='lat' dir='ltr'>libras</span> <span class='ocrx_word' id='word_1_8' title='bbox 899 391 928 428; x_wconf 93' lang='lat' dir='ltr'>si</span> <span class='ocrx_word' id='word_1_9' title='bbox 955 391 1005 428; x_wconf 92' lang='lat' dir='ltr'>ob</span> <span class='ocrx_word' id='word_1_10' title='bbox 1032 390 1217 427; x_wconf 88' lang='lat' dir='ltr'>defectum</span> <span class='ocrx_word' id='word_1_11' title='bbox 1251 389 1493 427; x_wconf 75' lang='lat' dir='ltr'>restitutionis</span> <span class='ocrx_word' id='word_1_12' title='bbox 1521 403 1585 427; x_wconf 91' lang='lat' dir='ltr'>seu</span> <span class='ocrx_word' id='word_1_13' title='bbox 1613 390 1728 440; x_wconf 85' lang='lat' dir='ltr'>partis</span> 
     </span>
     <span class='ocr_line' id='line_1_3' title="bbox 190 448 1727 505; baseline -0.006 -12"><span class='ocrx_word' id='word_1_14' title='bbox 190 454 355 505; x_wconf 86' lang='lat' dir='ltr'>ejusdem</span> <span class='ocrx_word' id='word_1_15' title='bbox 376 454 454 491; x_wconf 89' lang='lat' dir='ltr'>dari</span> <span class='ocrx_word' id='word_1_16' title='bbox 474 451 687 503; x_wconf 85' lang='lat' dir='ltr'>contigerit,</span> <span class='ocrx_word' id='word_1_17' title='bbox 711 463 873 487; x_wconf 89' lang='lat' dir='ltr'>unacum</span> <span class='ocrx_word' id='word_1_18' title='bbox 898 449 1084 500; x_wconf 89' lang='lat' dir='ltr'>praedicta</span> <span class='ocrx_word' id='word_1_19' title='bbox 1105 448 1330 499; x_wconf 87' lang='lat' dir='ltr'>quantitate,</span> <span class='ocrx_word' id='word_1_20' title='bbox 1349 461 1434 485; x_wconf 90' lang='lat' dir='ltr'>cum</span> <span class='ocrx_word' id='word_1_21' title='bbox 1459 448 1642 495; x_wconf 86' lang='lat' dir='ltr'>custibus,</span> <span class='ocrx_word' id='word_1_22' title='bbox 1661 462 1727 485; x_wconf 89' lang='lat' dir='ltr'>ex-</span> 
     </span>
     <span class='ocr_line' id='line_1_4' title="bbox 190 507 1726 565; baseline -0.005 -14"><span class='ocrx_word' id='word_1_23' title='bbox 190 513 314 565; x_wconf 86' lang='lat' dir='ltr'>pensis</span> <span class='ocrx_word' id='word_1_24' title='bbox 331 517 442 563; x_wconf 90' lang='lat' dir='ltr'>atque</span> <span class='ocrx_word' id='word_1_25' title='bbox 459 510 648 562; x_wconf 89' lang='lat' dir='ltr'>dampnis,</span> <span class='ocrx_word' id='word_1_26' title='bbox 667 510 736 561; x_wconf 89' lang='lat' dir='ltr'>ipsi</span> <span class='ocrx_word' id='word_1_27' title='bbox 758 509 912 546; x_wconf 92' lang='lat' dir='ltr'>domino</span> <span class='ocrx_word' id='word_1_28' title='bbox 934 508 1129 554; x_wconf 88' lang='lat' dir='ltr'>Nicholao,</span> <span class='ocrx_word' id='word_1_29' title='bbox 1149 508 1400 558; x_wconf 76' lang='lat' dir='ltr'>procuratori,</span> <span class='ocrx_word' id='word_1_30' title='bbox 1415 507 1541 544; x_wconf 87' lang='lat' dir='ltr'>heredi</span> <span class='ocrx_word' id='word_1_31' title='bbox 1564 507 1643 557; x_wconf 87' lang='lat' dir='ltr'>ejus</span> <span class='ocrx_word' id='word_1_32' title='bbox 1661 521 1726 545; x_wconf 88' lang='lat' dir='ltr'>seu</span> 
     </span>
     <span class='ocr_line' id='line_1_5' title="bbox 191 567 1728 618; baseline -0.005 -8"><span class='ocrx_word' id='word_1_33' title='bbox 191 572 262 610; x_wconf 87' lang='lat' dir='ltr'>hoc</span> <span class='ocrx_word' id='word_1_34' title='bbox 281 572 569 610; x_wconf 79' lang='lat' dir='ltr'>instrumentum</span> <span class='ocrx_word' id='word_1_35' title='bbox 587 570 766 607; x_wconf 90' lang='lat' dir='ltr'>deferenti</span> <span class='ocrx_word' id='word_1_36' title='bbox 778 598 787 616; x_wconf 90' lang='lat'>,</span> <span class='ocrx_word' id='word_1_37' title='bbox 815 582 881 606; x_wconf 88' lang='lat' dir='ltr'>nos</span> <span class='ocrx_word' id='word_1_38' title='bbox 899 572 935 605; x_wconf 90' lang='lat' dir='ltr'>et</span> <span class='ocrx_word' id='word_1_39' title='bbox 956 580 1184 605; x_wconf 89' lang='lat' dir='ltr'>successores</span> <span class='ocrx_word' id='word_1_40' title='bbox 1203 572 1348 604; x_wconf 89' lang='lat' dir='ltr'>nostros</span> <span class='ocrx_word' id='word_1_41' title='bbox 1367 567 1620 618; x_wconf 87' lang='lat' dir='ltr'>promittimus</span> <span class='ocrx_word' id='word_1_42' title='bbox 1647 568 1728 618; x_wconf 88' lang='lat' dir='ltr'>ple·</span> 
     </span>
     <span class='ocr_line' id='line_1_6' title="bbox 193 630 583 670; baseline -0.008 0"><span class='ocrx_word' id='word_1_43' title='bbox 193 632 344 670; x_wconf 87' lang='lat' dir='ltr'>nissime</span> <span class='ocrx_word' id='word_1_44' title='bbox 360 630 583 669; x_wconf 88' lang='lat' dir='ltr'>reddituros.</span> 
     </span>
    </p>

    <p class='ocr_par' dir='ltr' id='par_1_3' title="bbox 190 684 1729 1033">
     <span class='ocr_line' id='line_1_7' title="bbox 239 684 1729 740; baseline -0.004 -12"><span class='ocrx_word' id='word_1_45' title='bbox 239 689 552 740; x_wconf 77' lang='lat' dir='ltr'>Recognoscimus</span> <span class='ocrx_word' id='word_1_46' title='bbox 570 688 678 724; x_wconf 87' lang='lat' dir='ltr'>etiam</span> <span class='ocrx_word' id='word_1_47' title='bbox 699 690 735 723; x_wconf 88' lang='lat' dir='ltr'>ct</span> <span class='ocrx_word' id='word_1_48' title='bbox 751 686 978 723; x_wconf 81' lang='lat' dir='ltr'>affirmamus</span> <span class='ocrx_word' id='word_1_49' title='bbox 1001 684 1104 736; x_wconf 87' lang='lat' dir='ltr'>quod</span> <span class='ocrx_word' id='word_1_50' title='bbox 1129 684 1226 721; x_wconf 90' lang='lat' dir='ltr'>dicta</span> <span class='ocrx_word' id='word_1_51' title='bbox 1253 684 1410 735; x_wconf 88' lang='lat' dir='ltr'>pecunia</span> <span class='ocrx_word' id='word_1_52' title='bbox 1436 684 1473 722; x_wconf 89' lang='lat' dir='ltr'>in</span> <span class='ocrx_word' id='word_1_53' title='bbox 1501 689 1664 722; x_wconf 84' lang='lat' dir='ltr'>nostram</span> <span class='ocrx_word' id='word_1_54' title='bbox 1693 690 1729 722; x_wconf 88' lang='lat' dir='ltr'>et</span> 
     </span>
     <span class='ocr_line' id='line_1_8' title="bbox 190 743 1726 793; baseline -0.005 -7"><span class='ocrx_word' id='word_1_55' title='bbox 190 748 364 786; x_wconf 86' lang='lat' dir='ltr'>eeclesiae</span> <span class='ocrx_word' id='word_1_56' title='bbox 384 749 532 785; x_wconf 61' lang='lat' dir='ltr'>nostrae</span> <span class='ocrx_word' id='word_1_57' title='bbox 555 746 750 784; x_wconf 77' lang='lat' dir='ltr'>utilitatem</span> <span class='ocrx_word' id='word_1_58' title='bbox 774 745 973 782; x_wconf 80' lang='lat' dir='ltr'>maximam</span> <span class='ocrx_word' id='word_1_59' title='bbox 998 748 1054 780; x_wconf 90' lang='lat' dir='ltr'>est</span> <span class='ocrx_word' id='word_1_60' title='bbox 1078 756 1270 789; x_wconf 84' lang='lat' dir='ltr'>conversa,</span> <span class='ocrx_word' id='word_1_61' title='bbox 1294 743 1382 793; x_wconf 85' lang='lat' dir='ltr'>quia</span> <span class='ocrx_word' id='word_1_62' title='bbox 1411 756 1477 793; x_wconf 89' lang='lat' dir='ltr'>per</span> <span class='ocrx_word' id='word_1_63' title='bbox 1507 743 1726 793; x_wconf 87' lang='lat' dir='ltr'>hujusmodi</span> 
     </span>
     <span class='ocr_line' id='line_1_9' title="bbox 190 801 1728 858; baseline -0.005 -14"><span class='ocrx_word' id='word_1_64' title='bbox 190 806 400 858; x_wconf 87' lang='lat' dir='ltr'>depositum</span> <span class='ocrx_word' id='word_1_65' title='bbox 419 806 456 843; x_wconf 94' lang='lat' dir='ltr'>in</span> <span class='ocrx_word' id='word_1_66' title='bbox 476 818 566 843; x_wconf 89' lang='lat' dir='ltr'>usus</span> <span class='ocrx_word' id='word_1_67' title='bbox 584 809 620 842; x_wconf 92' lang='lat' dir='ltr'>et</span> <span class='ocrx_word' id='word_1_68' title='bbox 639 804 835 841; x_wconf 81' lang='lat' dir='ltr'>utilitatem</span> <span class='ocrx_word' id='word_1_69' title='bbox 855 807 1019 841; x_wconf 87' lang='lat' dir='ltr'>nostram</span> <span class='ocrx_word' id='word_1_70' title='bbox 1041 806 1077 838; x_wconf 92' lang='lat' dir='ltr'>et</span> <span class='ocrx_word' id='word_1_71' title='bbox 1096 802 1269 839; x_wconf 87' lang='lat' dir='ltr'>ecclesiae</span> <span class='ocrx_word' id='word_1_72' title='bbox 1289 806 1435 838; x_wconf 87' lang='lat' dir='ltr'>nostrae</span> <span class='ocrx_word' id='word_1_73' title='bbox 1453 801 1500 838; x_wconf 89' lang='lat' dir='ltr'>de</span> <span class='ocrx_word' id='word_1_74' title='bbox 1521 801 1638 852; x_wconf 88' lang='lat' dir='ltr'>ipsius</span> <span class='ocrx_word' id='word_1_75' title='bbox 1658 802 1728 839; x_wconf 89' lang='lat' dir='ltr'>do-</span> 
     </span>
     <span class='ocr_line' id='line_1_10' title="bbox 191 860 1729 903; baseline -0.004 0"><span class='ocrx_word' id='word_1_76' title='bbox 191 865 283 903; x_wconf 87' lang='lat' dir='ltr'>mini</span> <span class='ocrx_word' id='word_1_77' title='bbox 301 864 468 903; x_wconf 85' lang='lat' dir='ltr'>Nicholai</span> <span class='ocrx_word' id='word_1_78' title='bbox 489 863 636 901; x_wconf 90' lang='lat' dir='ltr'>licentia</span> <span class='ocrx_word' id='word_1_79' title='bbox 654 862 947 900; x_wconf 91' lang='lat' dir='ltr'>convertendum</span> <span class='ocrx_word' id='word_1_80' title='bbox 966 874 1033 898; x_wconf 89' lang='lat' dir='ltr'>nos</span> <span class='ocrx_word' id='word_1_81' title='bbox 1046 865 1081 898; x_wconf 93' lang='lat' dir='ltr'>et</span> <span class='ocrx_word' id='word_1_82' title='bbox 1095 865 1219 898; x_wconf 87' lang='lat' dir='ltr'>nostra</span> <span class='ocrx_word' id='word_1_83' title='bbox 1236 860 1388 898; x_wconf 89' lang='lat' dir='ltr'>ecclesia</span> <span class='ocrx_word' id='word_1_84' title='bbox 1406 874 1536 898; x_wconf 89' lang='lat' dir='ltr'>sumus</span> <span class='ocrx_word' id='word_1_85' title='bbox 1553 861 1600 898; x_wconf 88' lang='lat' dir='ltr'>ab</span> <span class='ocrx_word' id='word_1_86' title='bbox 1617 874 1729 898; x_wconf 87' lang='lat' dir='ltr'>onere</span> 
     </span>
     <span class='ocr_line' id='line_1_11' title="bbox 190 919 1728 971; baseline -0.004 -9"><span class='ocrx_word' id='word_1_87' title='bbox 190 924 402 962; x_wconf 89' lang='lat' dir='ltr'>debitorum</span> <span class='ocrx_word' id='word_1_88' title='bbox 418 927 630 960; x_wconf 87' lang='lat' dir='ltr'>nostrorum</span> <span class='ocrx_word' id='word_1_89' title='bbox 645 926 682 959; x_wconf 91' lang='lat' dir='ltr'>et</span> <span class='ocrx_word' id='word_1_90' title='bbox 693 921 919 971; x_wconf 75' lang='lat' dir='ltr'>obligatione</span> <span class='ocrx_word' id='word_1_91' title='bbox 934 919 1053 971; x_wconf 75' lang='lat' dir='ltr'>gravi,</span> <span class='ocrx_word' id='word_1_92' title='bbox 1070 932 1213 956; x_wconf 82' lang='lat' dir='ltr'>necnon</span> <span class='ocrx_word' id='word_1_93' title='bbox 1230 933 1427 957; x_wconf 86' lang='lat' dir='ltr'>usurarum</span> <span class='ocrx_word' id='word_1_94' title='bbox 1446 919 1604 957; x_wconf 88' lang='lat' dir='ltr'>violenta</span> <span class='ocrx_word' id='word_1_95' title='bbox 1620 933 1728 957; x_wconf 87' lang='lat' dir='ltr'>vora-</span> 
     </span>
     <span class='ocr_line' id='line_1_12' title="bbox 190 981 451 1033; baseline -0.008 -13"><span class='ocrx_word' id='word_1_96' title='bbox 190 983 276 1033; x_wconf 75' lang='lat' dir='ltr'>gine</span> <span class='ocrx_word' id='word_1_97' title='bbox 294 981 451 1020; x_wconf 88' lang='lat' dir='ltr'>liberati.</span> 
     </span>
    </p>

    <p class='ocr_par' dir='ltr' id='par_1_4' title="bbox 191 1037 1730 1548">
     <span class='ocr_line' id='line_1_13' title="bbox 239 1037 1727 1084; baseline -0.003 -6"><span class='ocrx_word' id='word_1_98' title='bbox 239 1040 487 1079; x_wconf 90' lang='lat' dir='ltr'>Concedimus</span> <span class='ocrx_word' id='word_1_99' title='bbox 505 1040 614 1077; x_wconf 90' lang='lat' dir='ltr'>etiam</span> <span class='ocrx_word' id='word_1_100' title='bbox 632 1043 668 1077; x_wconf 89' lang='lat' dir='ltr'>et</span> <span class='ocrx_word' id='word_1_101' title='bbox 683 1039 874 1084; x_wconf 88' lang='lat' dir='ltr'>volumus,</span> <span class='ocrx_word' id='word_1_102' title='bbox 893 1042 929 1075; x_wconf 87' lang='lat' dir='ltr'>et</span> <span class='ocrx_word' id='word_1_103' title='bbox 946 1038 991 1075; x_wconf 87' lang='lat' dir='ltr'>ad</span> <span class='ocrx_word' id='word_1_104' title='bbox 1012 1037 1082 1075; x_wconf 85' lang='lat' dir='ltr'>boc</span> <span class='ocrx_word' id='word_1_105' title='bbox 1097 1050 1164 1074; x_wconf 88' lang='lat' dir='ltr'>nos</span> <span class='ocrx_word' id='word_1_106' title='bbox 1178 1042 1214 1074; x_wconf 90' lang='lat' dir='ltr'>et</span> <span class='ocrx_word' id='word_1_107' title='bbox 1227 1050 1454 1074; x_wconf 86' lang='lat' dir='ltr'>successores</span> <span class='ocrx_word' id='word_1_108' title='bbox 1470 1042 1615 1075; x_wconf 87' lang='lat' dir='ltr'>nostros</span> <span class='ocrx_word' id='word_1_109' title='bbox 1628 1037 1727 1074; x_wconf 91' lang='lat' dir='ltr'>obli-</span> 
     </span>
     <span class='ocr_line' id='line_1_14' title="bbox 191 1095 1728 1152; baseline -0.003 -15"><span class='ocrx_word' id='word_1_110' title='bbox 191 1113 337 1152; x_wconf 81' lang='lat' dir='ltr'>gamus,</span> <span class='ocrx_word' id='word_1_111' title='bbox 356 1103 399 1136; x_wconf 91' lang='lat' dir='ltr'>ut</span> <span class='ocrx_word' id='word_1_112' title='bbox 422 1098 452 1136; x_wconf 91' lang='lat' dir='ltr'>si</span> <span class='ocrx_word' id='word_1_113' title='bbox 474 1098 599 1149; x_wconf 87' lang='lat' dir='ltr'>aliqua</span> <span class='ocrx_word' id='word_1_114' title='bbox 620 1097 787 1148; x_wconf 84' lang='lat' dir='ltr'>quaestio</span> <span class='ocrx_word' id='word_1_115' title='bbox 816 1097 1014 1134; x_wconf 88' lang='lat' dir='ltr'>referretur</span> <span class='ocrx_word' id='word_1_116' title='bbox 1041 1096 1077 1133; x_wconf 90' lang='lat' dir='ltr'>in</span> <span class='ocrx_word' id='word_1_117' title='bbox 1108 1100 1296 1146; x_wconf 87' lang='lat' dir='ltr'>posterum</span> <span class='ocrx_word' id='word_1_118' title='bbox 1325 1095 1371 1132; x_wconf 90' lang='lat' dir='ltr'>de</span> <span class='ocrx_word' id='word_1_119' title='bbox 1399 1095 1496 1132; x_wconf 84' lang='lat' dir='ltr'>dicta</span> <span class='ocrx_word' id='word_1_120' title='bbox 1522 1096 1728 1145; x_wconf 85' lang='lat' dir='ltr'>quantitate</span> 
     </span>
     <span class='ocr_line' id='line_1_15' title="bbox 192 1153 1725 1205; baseline -0.004 -9"><span class='ocrx_word' id='word_1_121' title='bbox 192 1158 368 1196; x_wconf 86' lang='lat' dir='ltr'>solvenda</span> <span class='ocrx_word' id='word_1_122' title='bbox 387 1171 451 1195; x_wconf 89' lang='lat' dir='ltr'>seu</span> <span class='ocrx_word' id='word_1_123' title='bbox 466 1157 692 1194; x_wconf 90' lang='lat' dir='ltr'>restituenda</span> <span class='ocrx_word' id='word_1_124' title='bbox 704 1185 712 1201; x_wconf 77' lang='grc'>,</span> <span class='ocrx_word' id='word_1_125' title='bbox 730 1160 772 1193; x_wconf 89' lang='lat' dir='ltr'>ut</span> <span class='ocrx_word' id='word_1_126' title='bbox 789 1155 930 1192; x_wconf 90' lang='lat' dir='ltr'>dictum</span> <span class='ocrx_word' id='word_1_127' title='bbox 950 1160 1020 1201; x_wconf 89' lang='lat' dir='ltr'>est,</span> <span class='ocrx_word' id='word_1_128' title='bbox 1041 1154 1130 1205; x_wconf 86' lang='lat' dir='ltr'>quia</span> <span class='ocrx_word' id='word_1_129' title='bbox 1155 1154 1341 1191; x_wconf 89' lang='lat' dir='ltr'>diceretur</span> <span class='ocrx_word' id='word_1_130' title='bbox 1356 1154 1496 1191; x_wconf 89' lang='lat' dir='ltr'>dictum</span> <span class='ocrx_word' id='word_1_131' title='bbox 1515 1153 1725 1204; x_wconf 86' lang='lat' dir='ltr'>depositum</span> 
     </span>
     <span class='ocr_line' id='line_1_16' title="bbox 194 1212 1728 1262; baseline -0.004 -8"><span class='ocrx_word' id='word_1_132' title='bbox 194 1229 268 1254; x_wconf 87' lang='lat' dir='ltr'>non</span> <span class='ocrx_word' id='word_1_133' title='bbox 287 1229 365 1254; x_wconf 89' lang='lat' dir='ltr'>esse</span> <span class='ocrx_word' id='word_1_134' title='bbox 382 1227 601 1253; x_wconf 88' lang='lat' dir='ltr'>conversum</span> <span class='ocrx_word' id='word_1_135' title='bbox 621 1214 659 1251; x_wconf 90' lang='lat' dir='ltr'>in</span> <span class='ocrx_word' id='word_1_136' title='bbox 678 1213 873 1251; x_wconf 88' lang='lat' dir='ltr'>utilitatem</span> <span class='ocrx_word' id='word_1_137' title='bbox 891 1217 1054 1250; x_wconf 84' lang='lat' dir='ltr'>nostram</span> <span class='ocrx_word' id='word_1_138' title='bbox 1069 1216 1106 1249; x_wconf 87' lang='lat' dir='ltr'>et</span> <span class='ocrx_word' id='word_1_139' title='bbox 1119 1212 1294 1249; x_wconf 89' lang='lat' dir='ltr'>ecelesiae</span> <span class='ocrx_word' id='word_1_140' title='bbox 1309 1217 1455 1249; x_wconf 86' lang='lat' dir='ltr'>nostrae</span> <span class='ocrx_word' id='word_1_141' title='bbox 1466 1241 1475 1258; x_wconf 94' lang='lat'>,</span> <span class='ocrx_word' id='word_1_142' title='bbox 1489 1212 1590 1262; x_wconf 91' lang='lat' dir='ltr'>quod</span> <span class='ocrx_word' id='word_1_143' title='bbox 1606 1212 1728 1249; x_wconf 86' lang='lat' dir='ltr'>dictus</span> 
     </span>
     <span class='ocr_line' id='line_1_17' title="bbox 192 1270 1729 1323; baseline -0.003 -11"><span class='ocrx_word' id='word_1_144' title='bbox 192 1275 368 1315; x_wconf 86' lang='lat' dir='ltr'>dominus</span> <span class='ocrx_word' id='word_1_145' title='bbox 386 1273 601 1318; x_wconf 87' lang='lat' dir='ltr'>Nicholaus,</span> <span class='ocrx_word' id='word_1_146' title='bbox 616 1276 835 1323; x_wconf 90' lang='lat' dir='ltr'>procurator</span> <span class='ocrx_word' id='word_1_147' title='bbox 847 1272 942 1321; x_wconf 89' lang='lat' dir='ltr'>ejus,</span> <span class='ocrx_word' id='word_1_148' title='bbox 959 1271 1064 1308; x_wconf 87' lang='lat' dir='ltr'>heres</span> <span class='ocrx_word' id='word_1_149' title='bbox 1078 1284 1142 1308; x_wconf 91' lang='lat' dir='ltr'>seu</span> <span class='ocrx_word' id='word_1_150' title='bbox 1161 1271 1230 1307; x_wconf 85' lang='lat' dir='ltr'>hoc</span> <span class='ocrx_word' id='word_1_151' title='bbox 1248 1270 1538 1307; x_wconf 90' lang='lat' dir='ltr'>instrumentum</span> <span class='ocrx_word' id='word_1_152' title='bbox 1559 1270 1729 1308; x_wconf 82' lang='lat' dir='ltr'>deferens</span> 
     </span>
     <span class='ocr_line' id='line_1_18' title="bbox 192 1328 1727 1384; baseline -0.004 -13"><span class='ocrx_word' id='word_1_153' title='bbox 192 1333 364 1384; x_wconf 89' lang='lat' dir='ltr'>compelli</span> <span class='ocrx_word' id='word_1_154' title='bbox 389 1345 464 1369; x_wconf 91' lang='lat' dir='ltr'>non</span> <span class='ocrx_word' id='word_1_155' title='bbox 486 1331 619 1382; x_wconf 91' lang='lat' dir='ltr'>possit,</span> <span class='ocrx_word' id='word_1_156' title='bbox 647 1343 714 1367; x_wconf 90' lang='lat' dir='ltr'>nec</span> <span class='ocrx_word' id='word_1_157' title='bbox 739 1330 872 1367; x_wconf 87' lang='lat' dir='ltr'>debeat</span> <span class='ocrx_word' id='word_1_158' title='bbox 893 1330 1051 1380; x_wconf 87' lang='lat' dir='ltr'>probare</span> <span class='ocrx_word' id='word_1_159' title='bbox 1073 1329 1185 1366; x_wconf 88' lang='lat' dir='ltr'>modo</span> <span class='ocrx_word' id='word_1_160' title='bbox 1208 1329 1334 1378; x_wconf 87' lang='lat' dir='ltr'>aliquo</span> <span class='ocrx_word' id='word_1_161' title='bbox 1357 1329 1497 1366; x_wconf 91' lang='lat' dir='ltr'>dictum</span> <span class='ocrx_word' id='word_1_162' title='bbox 1517 1328 1727 1379; x_wconf 90' lang='lat' dir='ltr'>depositum</span> 
     </span>
     <span class='ocr_line' id='line_1_19' title="bbox 193 1386 1730 1432; baseline -0.005 -3"><span class='ocrx_word' id='word_1_163' title='bbox 193 1391 306 1430; x_wconf 88' lang='lat' dir='ltr'>fuisse</span> <span class='ocrx_word' id='word_1_164' title='bbox 327 1403 548 1428; x_wconf 88' lang='lat' dir='ltr'>conversum</span> <span class='ocrx_word' id='word_1_165' title='bbox 572 1390 610 1426; x_wconf 91' lang='lat' dir='ltr'>in</span> <span class='ocrx_word' id='word_1_166' title='bbox 632 1389 828 1426; x_wconf 82' lang='lat' dir='ltr'>utilitatem</span> <span class='ocrx_word' id='word_1_167' title='bbox 850 1393 1012 1426; x_wconf 88' lang='lat' dir='ltr'>nostram</span> <span class='ocrx_word' id='word_1_168' title='bbox 1035 1392 1070 1424; x_wconf 91' lang='lat' dir='ltr'>et</span> <span class='ocrx_word' id='word_1_169' title='bbox 1092 1387 1266 1425; x_wconf 87' lang='lat' dir='ltr'>ecclesiae</span> <span class='ocrx_word' id='word_1_170' title='bbox 1291 1392 1456 1432; x_wconf 89' lang='lat' dir='ltr'>nostrae,</span> <span class='ocrx_word' id='word_1_171' title='bbox 1480 1386 1543 1424; x_wconf 92' lang='lat' dir='ltr'>sed</span> <span class='ocrx_word' id='word_1_172' title='bbox 1570 1390 1730 1423; x_wconf 88' lang='lat' dir='ltr'>staretur</span> 
     </span>
     <span class='ocr_line' id='line_1_20' title="bbox 192 1445 1727 1498; baseline -0.005 -10"><span class='ocrx_word' id='word_1_173' title='bbox 192 1450 347 1488; x_wconf 91' lang='lat' dir='ltr'>omnino</span> <span class='ocrx_word' id='word_1_174' title='bbox 367 1448 588 1486; x_wconf 82' lang='lat' dir='ltr'>confessioni</span> <span class='ocrx_word' id='word_1_175' title='bbox 607 1452 752 1485; x_wconf 90' lang='lat' dir='ltr'>nostrae</span> <span class='ocrx_word' id='word_1_176' title='bbox 766 1447 1053 1498; x_wconf 65' lang='lat' dir='ltr'>suprascriptae,</span> <span class='ocrx_word' id='word_1_177' title='bbox 1069 1446 1148 1484; x_wconf 88' lang='lat' dir='ltr'>sine</span> <span class='ocrx_word' id='word_1_178' title='bbox 1162 1446 1232 1483; x_wconf 86' lang='lat' dir='ltr'>alia</span> <span class='ocrx_word' id='word_1_179' title='bbox 1252 1459 1272 1482; x_wconf 90' lang='lat' dir='ltr'>a</span> <span class='ocrx_word' id='word_1_180' title='bbox 1291 1445 1488 1496; x_wconf 87' lang='lat' dir='ltr'>praedietis</span> <span class='ocrx_word' id='word_1_181' title='bbox 1508 1445 1727 1496; x_wconf 87' lang='lat' dir='ltr'>probatione</span> 
     </span>
     <span class='ocr_line' id='line_1_21' title="bbox 195 1509 371 1548; baseline -0.011 0"><span class='ocrx_word' id='word_1_182' title='bbox 195 1509 371 1548; x_wconf 86' lang='lat' dir='ltr'>facienda.</span> 
     </span>
    </p>

    <p class='ocr_par' dir='ltr' id='par_1_5' title="bbox 194 1562 1778 2249">
     <span class='ocr_line' id='line_1_22' title="bbox 242 1562 1729 1619; baseline -0.005 -13"><span class='ocrx_word' id='word_1_183' title='bbox 242 1569 315 1606; x_wconf 92' lang='lat' dir='ltr'>Pro</span> <span class='ocrx_word' id='word_1_184' title='bbox 339 1567 478 1619; x_wconf 88' lang='lat' dir='ltr'>quibus</span> <span class='ocrx_word' id='word_1_185' title='bbox 500 1566 676 1604; x_wconf 87' lang='lat' dir='ltr'>omnibus</span> <span class='ocrx_word' id='word_1_186' title='bbox 702 1571 739 1603; x_wconf 90' lang='lat' dir='ltr'>et</span> <span class='ocrx_word' id='word_1_187' title='bbox 762 1565 920 1616; x_wconf 86' lang='lat' dir='ltr'>singulis</span> <span class='ocrx_word' id='word_1_188' title='bbox 944 1565 997 1602; x_wconf 91' lang='lat' dir='ltr'>sic</span> <span class='ocrx_word' id='word_1_189' title='bbox 1023 1564 1278 1610; x_wconf 87' lang='lat' dir='ltr'>restituendis,</span> <span class='ocrx_word' id='word_1_190' title='bbox 1296 1563 1484 1601; x_wconf 87' lang='lat' dir='ltr'>solvendis</span> <span class='ocrx_word' id='word_1_191' title='bbox 1509 1567 1546 1599; x_wconf 89' lang='lat' dir='ltr'>et</span> <span class='ocrx_word' id='word_1_192' title='bbox 1572 1562 1729 1599; x_wconf 83' lang='lat' dir='ltr'>tirmiter</span> 
     </span>
     <span class='ocr_line' id='line_1_23' title="bbox 194 1620 1728 1674; baseline -0.005 -10"><span class='ocrx_word' id='word_1_193' title='bbox 194 1626 452 1670; x_wconf 78' lang='lat' dir='ltr'>observandis,</span> <span class='ocrx_word' id='word_1_194' title='bbox 479 1638 546 1662; x_wconf 91' lang='lat' dir='ltr'>nos</span> <span class='ocrx_word' id='word_1_195' title='bbox 574 1625 688 1662; x_wconf 87' lang='lat' dir='ltr'>abbas</span> <span class='ocrx_word' id='word_1_196' title='bbox 715 1629 750 1661; x_wconf 92' lang='lat' dir='ltr'>et</span> <span class='ocrx_word' id='word_1_197' title='bbox 776 1628 980 1662; x_wconf 90' lang='lat' dir='ltr'>conventus</span> <span class='ocrx_word' id='word_1_198' title='bbox 1006 1624 1215 1674; x_wconf 82' lang='lat' dir='ltr'>obligamus</span> <span class='ocrx_word' id='word_1_199' title='bbox 1241 1623 1340 1660; x_wconf 89' lang='lat' dir='ltr'>dieto</span> <span class='ocrx_word' id='word_1_200' title='bbox 1367 1621 1522 1659; x_wconf 89' lang='lat' dir='ltr'>domino</span> <span class='ocrx_word' id='word_1_201' title='bbox 1548 1620 1728 1659; x_wconf 87' lang='lat' dir='ltr'>Nicholao</span> 
     </span>
     <span class='ocr_line' id='line_1_24' title="bbox 195 1679 1778 1730; baseline -0.004 -8"><span class='ocrx_word' id='word_1_202' title='bbox 195 1685 320 1723; x_wconf 81' lang='lat' dir='ltr'>onmia</span> <span class='ocrx_word' id='word_1_203' title='bbox 344 1684 443 1722; x_wconf 86' lang='lat' dir='ltr'>bona</span> <span class='ocrx_word' id='word_1_204' title='bbox 468 1688 592 1721; x_wconf 86' lang='lat' dir='ltr'>nostra</span> <span class='ocrx_word' id='word_1_205' title='bbox 617 1688 653 1720; x_wconf 91' lang='lat' dir='ltr'>et</span> <span class='ocrx_word' id='word_1_206' title='bbox 672 1683 846 1720; x_wconf 90' lang='lat' dir='ltr'>ecclesiae</span> <span class='ocrx_word' id='word_1_207' title='bbox 869 1687 1014 1720; x_wconf 86' lang='lat' dir='ltr'>nostrae</span> <span class='ocrx_word' id='word_1_208' title='bbox 1042 1682 1194 1719; x_wconf 89' lang='lat' dir='ltr'>mobilia</span> <span class='ocrx_word' id='word_1_209' title='bbox 1216 1686 1252 1718; x_wconf 91' lang='lat' dir='ltr'>et</span> <span class='ocrx_word' id='word_1_210' title='bbox 1271 1681 1477 1718; x_wconf 87' lang='lat' dir='ltr'>immobilia</span> <span class='ocrx_word' id='word_1_211' title='bbox 1491 1709 1500 1726; x_wconf 94' lang='lat'>,</span> <span class='ocrx_word' id='word_1_212' title='bbox 1523 1679 1728 1730; x_wconf 88' lang='lat' dir='ltr'>praesentia</span> <span class='ocrx_word' id='word_1_213' title='bbox 1775 1697 1778 1700; x_wconf 58' lang='lat'><em>&gt;</em></span> 
     </span>
     <span class='ocr_line' id='line_1_25' title="bbox 195 1738 1728 1790; baseline -0.005 -9"><span class='ocrx_word' id='word_1_214' title='bbox 195 1749 231 1781; x_wconf 90' lang='lat' dir='ltr'>et</span> <span class='ocrx_word' id='word_1_215' title='bbox 243 1744 378 1780; x_wconf 87' lang='lat' dir='ltr'>futura.</span> <span class='ocrx_word' id='word_1_216' title='bbox 393 1742 664 1781; x_wconf 88' lang='lat' dir='ltr'>Renuntiamus</span> <span class='ocrx_word' id='word_1_217' title='bbox 678 1741 788 1778; x_wconf 88' lang='lat' dir='ltr'>etiam</span> <span class='ocrx_word' id='word_1_218' title='bbox 804 1741 842 1778; x_wconf 90' lang='lat' dir='ltr'>in</span> <span class='ocrx_word' id='word_1_219' title='bbox 858 1741 929 1778; x_wconf 88' lang='lat' dir='ltr'>hiis</span> <span class='ocrx_word' id='word_1_220' title='bbox 943 1740 1119 1777; x_wconf 90' lang='lat' dir='ltr'>omnibus</span> <span class='ocrx_word' id='word_1_221' title='bbox 1133 1745 1169 1777; x_wconf 88' lang='lat' dir='ltr'>et</span> <span class='ocrx_word' id='word_1_222' title='bbox 1181 1739 1338 1790; x_wconf 82' lang='lat' dir='ltr'>singulis</span> <span class='ocrx_word' id='word_1_223' title='bbox 1353 1738 1576 1789; x_wconf 86' lang='lat' dir='ltr'>supradictis</span> <span class='ocrx_word' id='word_1_224' title='bbox 1592 1751 1728 1787; x_wconf 83' lang='lat' dir='ltr'>excep—</span> 
     </span>
     <span class='ocr_line' id='line_1_26' title="bbox 196 1797 1728 1846; baseline -0.004 -7"><span class='ocrx_word' id='word_1_225' title='bbox 196 1802 287 1840; x_wconf 88' lang='lat' dir='ltr'>tioni</span> <span class='ocrx_word' id='word_1_226' title='bbox 319 1801 395 1838; x_wconf 88' lang='lat' dir='ltr'>doli</span> <span class='ocrx_word' id='word_1_227' title='bbox 420 1806 456 1838; x_wconf 93' lang='lat' dir='ltr'>et</span> <span class='ocrx_word' id='word_1_228' title='bbox 475 1801 514 1837; x_wconf 91' lang='lat' dir='ltr'>in</span> <span class='ocrx_word' id='word_1_229' title='bbox 538 1801 675 1837; x_wconf 91' lang='lat' dir='ltr'>factum</span> <span class='ocrx_word' id='word_1_230' title='bbox 697 1799 852 1846; x_wconf 89' lang='lat' dir='ltr'>actioni,</span> <span class='ocrx_word' id='word_1_231' title='bbox 873 1799 1079 1836; x_wconf 86' lang='lat' dir='ltr'>conditioni</span> <span class='ocrx_word' id='word_1_232' title='bbox 1096 1798 1175 1836; x_wconf 86' lang='lat' dir='ltr'>sine</span> <span class='ocrx_word' id='word_1_233' title='bbox 1189 1811 1296 1835; x_wconf 89' lang='lat' dir='ltr'>causa</span> <span class='ocrx_word' id='word_1_234' title='bbox 1319 1802 1355 1834; x_wconf 89' lang='lat' dir='ltr'>et</span> <span class='ocrx_word' id='word_1_235' title='bbox 1376 1811 1421 1834; x_wconf 85' lang='lat' dir='ltr'>cx</span> <span class='ocrx_word' id='word_1_236' title='bbox 1445 1797 1580 1846; x_wconf 86' lang='lat' dir='ltr'>injusta</span> <span class='ocrx_word' id='word_1_237' title='bbox 1601 1809 1728 1841; x_wconf 88' lang='lat' dir='ltr'>causa,</span> 
     </span>
     <span class='ocr_line' id='line_1_27' title="bbox 195 1855 1729 1912; baseline -0.005 -14"><span class='ocrx_word' id='word_1_238' title='bbox 195 1862 264 1898; x_wconf 88' lang='lat' dir='ltr'>fori</span> <span class='ocrx_word' id='word_1_239' title='bbox 279 1860 487 1912; x_wconf 82' lang='lat' dir='ltr'>privilegio,</span> <span class='ocrx_word' id='word_1_240' title='bbox 497 1858 696 1908; x_wconf 89' lang='lat' dir='ltr'>cujuslibet</span> <span class='ocrx_word' id='word_1_241' title='bbox 709 1858 968 1909; x_wconf 84' lang='lat' dir='ltr'>appellationis</span> <span class='ocrx_word' id='word_1_242' title='bbox 983 1857 1160 1903; x_wconf 87' lang='lat' dir='ltr'>remedio,</span> <span class='ocrx_word' id='word_1_243' title='bbox 1171 1870 1352 1894; x_wconf 84' lang='lat' dir='ltr'>novarum</span> <span class='ocrx_word' id='word_1_244' title='bbox 1369 1855 1679 1893; x_wconf 85' lang='lat' dir='ltr'>constitutionum</span> <span class='ocrx_word' id='word_1_245' title='bbox 1693 1860 1729 1891; x_wconf 90' lang='lat' dir='ltr'>et</span> 
     </span>
     <span class='ocr_line' id='line_1_28' title="bbox 195 1913 1726 1970; baseline -0.005 -14"><span class='ocrx_word' id='word_1_246' title='bbox 195 1919 370 1970; x_wconf 88' lang='lat' dir='ltr'>epistolae</span> <span class='ocrx_word' id='word_1_247' title='bbox 383 1918 459 1955; x_wconf 88' lang='lat' dir='ltr'>divi</span> <span class='ocrx_word' id='word_1_248' title='bbox 476 1917 630 1954; x_wconf 80' lang='lat' dir='ltr'>Adriani</span> <span class='ocrx_word' id='word_1_249' title='bbox 649 1917 846 1962; x_wconf 84' lang='lat' dir='ltr'>beneficio,</span> <span class='ocrx_word' id='word_1_250' title='bbox 861 1915 963 1954; x_wconf 89' lang='lat' dir='ltr'>omni</span> <span class='ocrx_word' id='word_1_251' title='bbox 975 1915 1072 1966; x_wconf 88' lang='lat' dir='ltr'>juris</span> <span class='ocrx_word' id='word_1_252' title='bbox 1086 1916 1255 1953; x_wconf 87' lang='lat' dir='ltr'>canonici</span> <span class='ocrx_word' id='word_1_253' title='bbox 1274 1920 1310 1952; x_wconf 86' lang='lat' dir='ltr'>ct</span> <span class='ocrx_word' id='word_1_254' title='bbox 1324 1915 1444 1952; x_wconf 90' lang='lat' dir='ltr'>civilis</span> <span class='ocrx_word' id='word_1_255' title='bbox 1458 1913 1609 1959; x_wconf 88' lang='lat' dir='ltr'>auxilio,</span> <span class='ocrx_word' id='word_1_256' title='bbox 1625 1913 1726 1949; x_wconf 93' lang='lat' dir='ltr'>omni</span> 
     </span>
     <span class='ocr_line' id='line_1_29' title="bbox 195 1972 1728 2028; baseline -0.005 -13"><span class='ocrx_word' id='word_1_257' title='bbox 195 1977 352 2028; x_wconf 89' lang='lat' dir='ltr'>tempori</span> <span class='ocrx_word' id='word_1_258' title='bbox 368 1976 496 2014; x_wconf 88' lang='lat' dir='ltr'>feriato</span> <span class='ocrx_word' id='word_1_259' title='bbox 516 1981 552 2013; x_wconf 91' lang='lat' dir='ltr'>et</span> <span class='ocrx_word' id='word_1_260' title='bbox 568 1975 829 2026; x_wconf 91' lang='lat' dir='ltr'>quadrimestri</span> <span class='ocrx_word' id='word_1_261' title='bbox 848 1975 951 2026; x_wconf 93' lang='lat' dir='ltr'>quod</span> <span class='ocrx_word' id='word_1_262' title='bbox 970 1974 1251 2026; x_wconf 86' lang='lat' dir='ltr'>condempnatis</span> <span class='ocrx_word' id='word_1_263' title='bbox 1274 1974 1499 2023; x_wconf 80' lang='lat' dir='ltr'>indulgetur,</span> <span class='ocrx_word' id='word_1_264' title='bbox 1518 1972 1619 2010; x_wconf 89' lang='lat' dir='ltr'>omni</span> <span class='ocrx_word' id='word_1_265' title='bbox 1636 1984 1728 2008; x_wconf 89' lang='lat' dir='ltr'>con-</span> 
     </span>
     <span class='ocr_line' id='line_1_30' title="bbox 196 2030 1729 2084; baseline -0.004 -12"><span class='ocrx_word' id='word_1_266' title='bbox 196 2035 386 2073; x_wconf 87' lang='lat' dir='ltr'>suetudini</span> <span class='ocrx_word' id='word_1_267' title='bbox 400 2039 436 2072; x_wconf 89' lang='lat' dir='ltr'>et</span> <span class='ocrx_word' id='word_1_268' title='bbox 449 2038 604 2080; x_wconf 86' lang='lat' dir='ltr'>statuto,</span> <span class='ocrx_word' id='word_1_269' title='bbox 618 2033 787 2084; x_wconf 85' lang='lat' dir='ltr'>petitioni</span> <span class='ocrx_word' id='word_1_270' title='bbox 809 2034 924 2070; x_wconf 90' lang='lat' dir='ltr'>libelli</span> <span class='ocrx_word' id='word_1_271' title='bbox 948 2038 983 2070; x_wconf 90' lang='lat' dir='ltr'>et</span> <span class='ocrx_word' id='word_1_272' title='bbox 1001 2033 1129 2084; x_wconf 88' lang='lat' dir='ltr'>copiae</span> <span class='ocrx_word' id='word_1_273' title='bbox 1147 2032 1349 2084; x_wconf 87' lang='lat' dir='ltr'>praesentis</span> <span class='ocrx_word' id='word_1_274' title='bbox 1372 2030 1627 2075; x_wconf 87' lang='lat' dir='ltr'>instrumenti,</span> <span class='ocrx_word' id='word_1_275' title='bbox 1645 2043 1729 2067; x_wconf 89' lang='lat' dir='ltr'>om—</span> 
     </span>
     <span class='ocr_line' id='line_1_31' title="bbox 196 2088 1728 2144; baseline -0.004 -14"><span class='ocrx_word' id='word_1_276' title='bbox 196 2093 310 2144; x_wconf 88' lang='lat' dir='ltr'>nique</span> <span class='ocrx_word' id='word_1_277' title='bbox 328 2092 419 2130; x_wconf 85' lang='lat' dir='ltr'>aliae</span> <span class='ocrx_word' id='word_1_278' title='bbox 436 2092 644 2142; x_wconf 85' lang='lat' dir='ltr'>exceptioni</span> <span class='ocrx_word' id='word_1_279' title='bbox 663 2096 699 2128; x_wconf 91' lang='lat' dir='ltr'>et</span> <span class='ocrx_word' id='word_1_280' title='bbox 712 2091 787 2141; x_wconf 86' lang='lat' dir='ltr'>juri</span> <span class='ocrx_word' id='word_1_281' title='bbox 808 2091 987 2128; x_wconf 88' lang='lat' dir='ltr'>canonico</span> <span class='ocrx_word' id='word_1_282' title='bbox 1005 2091 1061 2128; x_wconf 92' lang='lat' dir='ltr'>vel</span> <span class='ocrx_word' id='word_1_283' title='bbox 1081 2091 1179 2128; x_wconf 91' lang='lat' dir='ltr'>civili</span> <span class='ocrx_word' id='word_1_284' title='bbox 1197 2090 1358 2141; x_wconf 80' lang='lat' dir='ltr'>generali</span> <span class='ocrx_word' id='word_1_285' title='bbox 1377 2094 1413 2126; x_wconf 90' lang='lat' dir='ltr'>ct</span> <span class='ocrx_word' id='word_1_286' title='bbox 1431 2088 1580 2140; x_wconf 87' lang='lat' dir='ltr'>speciali</span> <span class='ocrx_word' id='word_1_287' title='bbox 1601 2092 1728 2125; x_wconf 87' lang='lat' dir='ltr'>contra</span> 
     </span>
     <span class='ocr_line' id='line_1_32' title="bbox 196 2147 1729 2204; baseline -0.003 -16"><span class='ocrx_word' id='word_1_288' title='bbox 196 2151 383 2204; x_wconf 85' lang='lat' dir='ltr'>praedicta</span> <span class='ocrx_word' id='word_1_289' title='bbox 401 2151 458 2188; x_wconf 86' lang='lat' dir='ltr'>vel</span> <span class='ocrx_word' id='word_1_290' title='bbox 478 2163 606 2188; x_wconf 90' lang='lat' dir='ltr'>eorum</span> <span class='ocrx_word' id='word_1_291' title='bbox 626 2150 779 2201; x_wconf 86' lang='lat' dir='ltr'>aliquod</span> <span class='ocrx_word' id='word_1_292' title='bbox 799 2151 966 2198; x_wconf 87' lang='lat' dir='ltr'>facienti,</span> <span class='ocrx_word' id='word_1_293' title='bbox 985 2155 1021 2188; x_wconf 90' lang='lat' dir='ltr'>et</span> <span class='ocrx_word' id='word_1_294' title='bbox 1038 2150 1247 2201; x_wconf 87' lang='lat' dir='ltr'>specialiter</span> <span class='ocrx_word' id='word_1_295' title='bbox 1261 2149 1336 2199; x_wconf 88' lang='lat' dir='ltr'>juri</span> <span class='ocrx_word' id='word_1_296' title='bbox 1357 2148 1493 2186; x_wconf 89' lang='lat' dir='ltr'>dicenti</span> <span class='ocrx_word' id='word_1_297' title='bbox 1522 2147 1729 2198; x_wconf 78' lang='lat' dir='ltr'>generalem</span> 
     </span>
     <span class='ocr_line' id='line_1_33' title="bbox 197 2210 751 2249; baseline -0.005 0"><span class='ocrx_word' id='word_1_298' title='bbox 197 2211 509 2249; x_wconf 87' lang='lat' dir='ltr'>renuntiationem</span> <span class='ocrx_word' id='word_1_299' title='bbox 526 2222 600 2247; x_wconf 92' lang='lat' dir='ltr'>non</span> <span class='ocrx_word' id='word_1_300' title='bbox 619 2210 751 2246; x_wconf 89' lang='lat' dir='ltr'>valere.</span> 
     </span>
    </p>

    <p class='ocr_par' dir='ltr' id='par_1_6' title="bbox 247 2267 1202 2320">
     <span class='ocr_line' id='line_1_34' title="bbox 247 2267 1202 2320; baseline -0.005 -12"><span class='ocrx_word' id='word_1_301' title='bbox 247 2271 287 2308; x_wconf 91' lang='lat' dir='ltr'>ln</span> <span class='ocrx_word' id='word_1_302' title='bbox 307 2282 468 2320; x_wconf 89' lang='lat' dir='ltr'>quorum</span> <span class='ocrx_word' id='word_1_303' title='bbox 489 2268 659 2306; x_wconf 89' lang='lat' dir='ltr'>omnium</span> <span class='ocrx_word' id='word_1_304' title='bbox 678 2268 829 2306; x_wconf 90' lang='lat' dir='ltr'>evidens</span> <span class='ocrx_word' id='word_1_305' title='bbox 849 2267 1117 2313; x_wconf 80' lang='lat' dir='ltr'>testimonium,</span> <span class='ocrx_word' id='word_1_306' title='bbox 1135 2271 1202 2303; x_wconf 87' lang='lat' dir='ltr'>etc.</span> 
     </span>
    </p>
   </div>
   <div class='ocr_carea' id='block_1_3' title="bbox 901 2392 1022 2404">
    <p class='ocr_par' dir='ltr' id='par_1_7' title="bbox 901 2392 1022 2404">
     <span class='ocr_line' id='line_1_35' title="bbox 901 2392 1022 2404; baseline -0.008 0"><span class='ocrx_word' id='word_1_307' title='bbox 901 2392 1022 2404; x_wconf 42' lang='lat'>⁴0—-</span> 
     </span>
    </p>
   </div>
  </div>
 </body>
</html>
