2184 3074
745 231 908 271 con'ssx
932 225 1178 270 mJNENSts.
1660 230 1729 267 ³2⁷

910 394 1012 435 CCV.

294 507 405 548 Bane
430 506 684 547 d’Aleoeandre
707 505 767 544 IV
775 504 954 543 -adreoede
976 516 1054 542 aux
1076 503 1246 541 dudem-s
1267 509 1300 540 et
1319 516 1397 540 aux
1419 503 1567 542 deolim
1590 504 1633 542 de

742 562 968 600 l’um’versitd
986 561 1030 599 de
1045 561 1172 599 Paris.

239 757 394 796 Dilectis
412 756 500 794 filiis
519 755 703 793 univer-sis
721 754 905 805 magistris
928 759 965 791 et
982 754 1188 825 scolaribus
1205 754 1493 798 parisiensibus
1517 755 1671 793 salutem
1695 761 1731 792 et

193 802 434 868 apostolicam
457 814 769 859 benedictionum

217 875 420 921 Parisius,
436 874 590 926 peritiae
606 887 774 911 summae
791 873 908 918 sinus,
928 873 1103 910 scientiae
1118 873 1350 924 plenitudine
1368 873 1514 924 replens
1531 874 1678 911 orbem.
1695 878 1730 911 et

192 939 368 986 tanquam
381 932 545 984 fulgidus
559 933 613 970 sol
629 932 821 969 doctrinae
833 927 899 982 pei·
914 936 1031 968 totum
1046 931 1175 968 orbem
1189 932 1310 969 clarae
1325 931 1588 982 intelligentiae
1603 915 1727 970 lumen

129 1014 136 1022 ·
189 992 366 1037 fundens,
379 990 532 1042 depellit
547 989 777 1041 ignorantiffe
795 989 965 1026 tenebras
977 1019 985 1034 ,
1002 989 1172 1026 ruditatis
1187 990 1364 1040 abstergit
1377 990 1591 1041 caliginem,
1611 992 1730 1029 aufert

188 1049 398 1101 imperitiae
431 1048 620 1095 nubilum,
646 1047 788 1098 promit
819 1047 1103 1084 illuminationis
1131 1061 1319 1093 auroram,
1343 1048 1566 1099 cognitionis
1599 1049 1729 1099 pandit

189 1120 361 1146 serenum
381 1112 416 1143 et
432 1105 599 1144 lucidum
614 1106 789 1143 scientiae
804 1110 985 1142 monstrat
1002 1106 1113 1142 diem.
1126 1105 1234 1156 Rigat
1247 1105 1557 1143 documentorum
1573 1120 1727 1144 suorum

190 1165 338 1204 fluentis
351 1163 515 1202 Parisius
533 1177 682 1201 omnem
701 1169 854 1210 terram,
871 1169 908 1200 et
922 1163 1107 1201 bonorum
1123 1163 1319 1200 influentia
1341 1163 1559 1214 dogmatum
1578 1165 1729 1202 instruit

188 1229 223 1264 et
245 1223 383 1262 imbuit
407 1223 642 1270 universum,
670 1223 830 1275 copiosis
861 1229 896 1261 ct
925 1223 1100 1261 dulcibus
1125 1223 1326 1274 sapientiae
1356 1223 1539 1261 fructibus
1560 1224 1729 1262 reficiens

189 1285 407 1332 Ecclesiam,
422 1285 608 1323 mundum
623 1298 777 1336 pascens
791 1286 879 1336 quia
894 1285 1117 1323 ‹le-Parisius
1131 1285 1233 1322 velut
1247 1286 1294 1322 de
1309 1285 1485 1336 parientis
1501 1286 1584 1323 sinu
1601 1291 1727 1337 partus

184 1343 421 1382 scientiarum
435 1344 591 1395 plurimi
604 1344 791 1395 prodeunt
803 1344 937 1394 deipsa
956 1349 1075 1381 rectae
1093 1357 1134 1380 ae
1150 1344 1333 1394 perfectae
1347 1343 1568 1394 disciplinae
1578 1345 1724 1382 soboles

182 1401 375 1453 gignitur-i.
400 1402 497 1440 Hinc
523 1403 693 1454 procedit
722 1403 848 1440 inclita
876 1403 1072 1440 doctorum
1099 1402 1286 1453 prosapia,
1316 1402 1404 1439 hinc
1432 1403 1502 1439 alta
1532 1403 1725 1454 progenies

117 1485 126 1488 -
181 1460 358 1510 provenit
379 1461 587 1513 peritoer
613 1461 752 1512 quibus
777 1461 1002 1498 christianus
1026 1461 1233 1497 illustratur
1254 1461 1415 1511 populus
1434 1465 1469 1497 et
1488 1461 1577 1498 tides
1596 1461 1725 1498 catho-

183 1519 255 1558 liea
275 1520 489 1566 roboratum
508 1519 598 1557 binc
618 1521 785 1571 profecto
801 1520 1034 1557 amoenitatis
1048 1525 1084 1556 et
1099 1519 1374 1556 commoditatis
1395 1519 1516 1556 locum
1533 1520 1725 1556 universae

183 1582 278 1616 artes
304 1578 350 1615 de
377 1578 490 1616 totius
517 1579 619 1616 orbis
641 1579 785 1616 ambitu
809 1579 879 1630 sibi
910 1579 1164 1616 babitaculum
1193 1578 1444 1615 communiter
1467 1578 1672 1628 elegerunt,
1690 1584 1725 1614 et

183 1637 424 1675 consideratis
455 1637 607 1675 caeteris
634 1638 748 1675 seculi
780 1638 1056 1684 mansionibus,
1087 1638 1191 1689 quasi
1222 1638 1491 1674 deliberatione
1532 1637 1722 1681 concordi,

180 1709 286 1733 suam
302 1696 352 1733 ibi
367 1695 532 1733 fixerunt
545 1696 776 1734 immobilem
792 1697 1000 1734 stationem.
1019 1697 1115 1734 Hace
1129 1702 1183 1733 est
1198 1696 1342 1746 egregia
1359 1696 1565 1732 litterarum
1583 1696 1722 1739 civitas,

180 1754 316 1792 artium
341 1754 432 1792 urbs
454 1755 614 1801 famosa,
637 1755 860 1792 eruditionis
887 1755 983 1792 scola
1008 1755 1224 1806 praecipua,
1248 1767 1392 1791 summa
1422 1754 1623 1804 sapientiae
1641 1754 1724 1790 ossi-

180 1812 263 1850 cina
294 1817 331 1850 et
360 1813 598 1863 potissimum
630 1813 876 1864 gymnasium-
901 1814 1124 1850 studiorum.
1147 1813 1214 1850 Hie
1239 1817 1508 1849 conversantur
1524 1816 1559 1848 et
1585 1812 1723 1861 (legunt

179 1873 370 1919 scientiae,
385 1873 446 1911 hie
460 1873 566 1911 firma
581 1878 616 1911 et
635 1874 706 1911 lata
725 1874 898 1911 societate
917 1874 1141 1918 connivunt,
1157 1873 1219 1910 bic
1233 1887 1318 1910 suas
1333 1873 1471 1909 habent
1485 1877 1517 1908 et
1534 1872 1724 1922 possident

179 1931 388 1977 cathedras,
415 1931 477 1968 hic
507 1945 572 1968 sua
600 1932 787 1983 profunda
813 1937 848 1968 et
875 1931 1035 1968 archana
1055 1932 1218 1968 veritatis
1247 1930 1446 1981 magisterii
1474 1930 1723 1967 insinuatione

182 1990 361 2035 revelant,
379 1994 416 2027 et
433 1990 692 2042 cujuscunque
712 1992 875 2042 ipsarum
895 1991 1045 2042 propria
1065 1991 1269 2028 virt-us'suo
1289 1990 1339 2026 ibi
1355 1989 1508 2040 proprio
1524 1989 1721 2026 innotescit.

180 2049 328 2095 oss'ectu,
348 2048 445 2086 inter
462 2063 554 2100 quas
578 2063 679 2087 sacra
705 2056 741 2087 ct
759 2050 982 2087 venerabilis
1007 2050 1192 2100 theologia
1222 2050 1344 2086 locum
1372 2048 1515 2085 obtinet
1542 2044 1720 2084 altiorem.

180 2107 327 2143 Praeest
350 2106 448 2143 enim
472 2107 626 2158 reliquis
651 2109 746 2146 sicut
772 2109 954 2159 superior,
974 2114 1012 2145 ct
1032 2113 1211 2159 tanquam
1242 2107 1434 2143 inferiores
1462 2111 1624 2143 caeterae
1650 2106 1719 2142 sibi

178 2165 354 2210 subsunt,
382 2164 540 2215 imperat
564 2166 646 2203 aliis
674 2172 716 2203 ut
741 2167 913 2210 domina,
940 2171 976 2203 ct
1001 2166 1084 2203 illae
1114 2165 1185 2202 sibi
1212 2170 1252 2201 ut
1282 2164 1441 2201 famulae
1473 2163 1719 2201 obsecuntur:

178 2223 362 2274 gubernat
378 2223 468 2260 alias
485 2228 528 2260 ut
546 2225 722 2274 praelata,
736 2230 770 2262 et
790 2225 891 2276 ipsae
909 2224 980 2261 sibi
998 2229 1173 2274 tanquam
1194 2223 1364 2260 subditae
1383 2227 1592 2259 reverenter
1607 2222 1722 2258 inten—

179 2282 283 2319 dunt.
306 2281 363 2319 Ad
383 2281 478 2318 banc
498 2281 666 2332 singulae
682 2283 719 2319 in
734 2283 804 2320 viis
820 2283 896 2320 suis
917 2284 1039 2320 levant
1054 2287 1090 2319 ct
1109 2282 1247 2318 babent
1265 2281 1439 2317 intuitum
1462 2280 1617 2329 utjuxta
1637 2294 1722 2331 per-

181 2340 334 2378 missum
353 2339 433 2389 ejus
447 2352 485 2376 se
503 2339 695 2377 metientes
713 2340 891 2377 inoffense
911 2340 1082 2378 incedant
1104 2345 1139 2376 ct
1161 2352 1327 2389 gressum
1347 2339 1393 2374 ad
1418 2338 1571 2388 aliquod
1591 2338 1721 2375 incon-
