2184 3074
723 272 883 310 CODEX
912 272 1158 311 DUNENSiS.
1633 275 1698 312 ⁹241

170 389 431 440 indempnitati
454 390 764 427 monasteriorum
791 390 852 440 pie
882 390 1074 427 consulere
1099 391 1307 441 cupientes,
1337 391 1441 428 vobis
1467 392 1643 429 omnibus
1673 396 1704 428 et

169 448 354 500 singulis
344 462 382 486 in
397 449 533 486 virtute
550 453 698 486 sanctae
709 449 943 486 obedientiae
956 462 999 486 ac
1016 449 1087 486 sub
1102 462 1220 500 poena
1238 450 1492 501 suspensionis
1508 456 1543 488 et
1555 464 1706 488 excom-

171 507 434 547 municationis
451 507 608 545 firmiter
627 512 664 553 et
674 499 853 544 districte
879 507 1141 558 praecipiendo
1160 508 1380 546 mandamus
1396 515 1580 560 quatenus
1599 524 1707 561 prae-

171 567 290 606 dictos
309 566 593 604 molestatores
583 579 621 603 ιη
641 565 802 616 generali
825 566 1004 603 moneatis
1025 580 1092 617 per
1118 572 1190 604 tres
1215 567 1312 614 dies,
1336 573 1377 605 ut
1400 582 1420 606 a
1446 569 1543 606 dicta
1571 570 1707 606 moles-

175 627 313 664 tatione
340 637 565 676 quacunque
594 629 630 661 et
658 625 738 674 ejus
768 625 1029 675 procuratione
1055 624 1253 671 desistant,
1288 619 1454 677 alioquin
1486 627 1585 678 ipsos
1612 641 1707 678 quos

174 688 326 735 propter
341 682 464 720 hocin
483 682 555 720 hiis
568 682 715 733 scriptis
729 683 1124 721 excommunicationis
1139 683 1176 720 in
1191 684 1352 734 generali
1368 685 1707 722 excommunicatos

175 743 297 794 palam
315 745 352 779 et
369 741 519 792 publice
537 741 726 779 nuntietis.
745 742 901 792 Insuper
921 754 1050 778 omnes
1073 742 1155 779 iilos
1181 755 1276 792 quos
1294 756 1360 793 per
1376 743 1460 779 sacti
1478 756 1541 780 scu
1561 744 1611 780 rei
1630 743 1709 780 evi-

175 801 339 840 dentiam
355 800 530 837 noveritis
545 812 623 837 csse
638 799 843 849 injectores,
861 800 1068 850 praedictos
1083 801 1314 846 nominatim,
1330 814 1535 852 eorumque
1550 803 1709 839 fautores

178 859 378 905 auxilium,
402 858 599 895 consilium
624 858 680 895 vel
703 871 892 895 assensum
924 858 976 895 eis
999 858 1216 908 praebentes
1245 859 1283 896 in
1315 860 1525 910 praemissis
1559 873 1711 897 excom-

180 917 387 955 municatos
404 930 424 954 a
443 929 585 954 canone
601 916 751 967 publice
780 916 968 953 nuntietis.
996 916 1086 953 Item
1108 921 1144 953 et
1168 917 1251 954 iilos
1277 918 1323 954 de
1349 918 1488 968 quibus
1514 918 1619 955 vobis
1646 932 1712 969 per

180 975 265 1014 facti
284 988 350 1013 seu
367 975 419 1012 rei
439 974 662 1012 evidentiam
680 973 738 1010 vel
755 973 866 1010 alicui
886 978 1047 1010 vestrum
1066 975 1272 1011 constiterit
1293 975 1428 1012 virtute
1451 976 1570 1013 dictae
1590 976 1712 1013 moni-

180 1036 292 1075 tionis
309 1035 706 1073 excommunicationis
730 1035 937 1072 sententian
963 1034 1177 1079 incurrisse,
1203 1035 1421 1086 quicunque
1446 1036 1601 1081 suerint,
1627 1036 1715 1073 reii-

179 1095 273 1148 giosi
291 1094 463 1132 videlicet
478 1094 536 1131 vel
554 1094 756 1139 seculares,
782 1098 845 1130 aut
867 1093 1124 1144 cujuscunque
1142 1099 1257 1131 status
1276 1095 1413 1132 suerint
1430 1095 1536 1133 vobis
1553 1095 1712 1132 subditi.

181 1155 281 1206 ipsos
299 1152 638 1191 excommunicatos
657 1152 878 1189 nominatim
903 1152 1052 1203 publice
1078 1152 1255 1190 nuntietis
1280 1158 1316 1189 et
1342 1154 1561 1190 sententiam
1589 1154 1627 1190 in
1652 1167 1714 1191 eos

180 1213 395 1265 aggravetis.
414 1212 628 1250 Inhibentes
645 1211 822 1249 omnibus
838 1211 997 1248 subditis
1011 1211 1140 1249 vestris
1154 1212 1225 1249 sub
1239 1225 1359 1262 poena
1377 1212 1573 1259 canonica,
1592 1213 1714 1250 nomi-

183 1272 300 1310 natim
319 1271 392 1309 illis
414 1271 461 1308 de
482 1270 621 1321 quibus
640 1269 783 1307 fueritis
801 1269 989 1320 requisiti,
1009 1282 1056 1306 ne
1080 1269 1165 1320 quis
1191 1282 1320 1306 eorum
1339 1270 1409 1307 sub
1428 1283 1545 1320 poena
1565 1284 1715 1308 excom-

182 1329 463 1375 municationis,
475 1329 528 1367 sic
541 1329 872 1366 excommunicatis
885 1328 1024 1365 eisdem
1040 1328 1077 1365 in
1092 1328 1188 1375 cibo,
1206 1333 1316 1379 potu,
1335 1329 1534 1379 colloquio,
1554 1329 1715 1380 hospitio

187 1393 251 1428 aut
268 1388 396 1439 aliquo
414 1387 487 1425 alio
502 1387 746 1424 humanitatis
762 1387 893 1424 solatio
911 1387 1068 1424 scienter
1081 1387 1358 1424 communicare
1374 1393 1601 1438 praesumat,
1616 1402 1717 1439 prae-

185 1448 344 1486 durante
361 1446 460 1484 dicta
485 1445 882 1484 excommunicationis
908 1446 1088 1483 sententia
1111 1446 1150 1482 in
1176 1445 1336 1483 eosdem.
1352 1446 1466 1484 Nobis
1481 1451 1602 1484 autem
1623 1447 1715 1498 quid

185 1507 272 1544 inde
289 1506 427 1544 sactum
442 1505 569 1552 fuerit,
584 1505 736 1543 nomina
755 1505 982 1542 monitorum
1002 1510 1038 1542 et
1055 1506 1479 1552 excommunicatorum,
1499 1507 1717 1544 nominatim

187 1566 336 1603 illorum
362 1565 502 1616 quibus
526 1565 620 1602 facta
649 1564 759 1602 fuerit
793 1565 890 1602 dicta
917 1564 1107 1611 inhibitio,
1133 1577 1338 1616 eorumque
1360 1578 1550 1616 responsa.
1577 1566 1719 1616 liquide

186 1623 410 1662 rescribatis.

914 1698 1014 1708 ⁴00--

895 1831 1015 1869 cmv.

560 1947 773 1986 Absolution
791 1949 835 1986 de
853 1949 1067 1987 Guillaume
1080 1949 1123 1986 de
1138 1949 1360 1999 Saeflinqen.

239 2142 281 2180 In
302 2143 453 2180 nomine
470 2143 640 2190 Domini,
658 2157 778 2181 amen.
798 2145 876 2182 Hoc
894 2150 948 2182 est
966 2145 1227 2196 transcriptum
1249 2144 1495 2195 quarumdam
1517 2143 1720 2180 litterarum

191 2213 304 2238 manu
323 2200 508 2238 Francisei
526 2201 573 2239 de
591 2202 740 2239 Brueua
760 2203 973 2241 Leodiensis
991 2203 1160 2254 dyocesis
1181 2203 1421 2253 scriptarum,
1444 2205 1604 2252 quai-'um
1614 2191 1722 2237 litte-

191 2273 316 2297 rarum
343 2263 449 2296 tenor
473 2260 645 2311 sequitur
667 2261 705 2298 in
728 2261 817 2298 haec
836 2263 974 2299 v:erba
996 2263 1038 2299 ln
1065 2262 1215 2299 nomine
1239 2260 1410 2305 Domini,
1436 2273 1535 2297 anno
1556 2258 1721 2308 ejusdem

191 2317 400 2356 Nativitatis
412 2318 464 2355 Μο
478 2318 580 2355 CCC⁰
594 2331 712 2365 nono,
728 2319 932 2357 indictione
945 2320 1100 2371 septima
1111 2348 1120 2366 ,
1134 2320 1276 2357 decima
1295 2331 1391 2356 nona
1406 2318 1467 2355 die
1485 2317 1622 2355 mensis
1639 2330 1724 2366 sep-

192 2376 363 2423 tembris,
383 2377 620 2427 pontificatus
637 2377 781 2415 domini
801 2378 1000 2416 Clementis
1018 2392 1135 2429 papae
1151 2378 1272 2429 quinti
1292 2390 1390 2414 anno
1408 2381 1560 2427 quarto,
1584 2375 1653 2412 hoc
1671 2379 1722 2411 est

1530 2434 1570 2471 5¹
