2184 3074
436 324 484 361 64
983 320 1143 357 CODEX
1170 320 1416 358 DUNENSIS.

437 438 746 479 communitatum
765 436 938 472 villarum
957 435 1152 472 Flandriae
1171 435 1209 472 in
1228 435 1367 486 quibus
1385 436 1597 473 continetur
1618 440 1661 473 ut
1681 449 1810 482 omnes
1832 441 1966 474 terram

438 500 614 537 habentes
634 496 672 532 in
691 493 865 531 Flandria
880 493 926 529 de
939 493 1096 544 singulis
1110 493 1218 529 bonis
1232 493 1377 530 solvant
1390 497 1461 530 tres
1477 493 1632 540 solidos,
1645 494 1716 531 sub
1729 507 1847 545 poena
1861 495 1967 546 dupli

438 556 608 608 exigendi
629 555 674 591 ab
702 552 806 603 ipsis,
825 552 966 602 absque
990 552 1239 589 diminutione
1263 565 1347 589 cum
1373 553 1570 603 principali
1593 553 1695 603 quod
1721 554 1870 604 petitur,
1897 554 1968 592 nisi

438 617 534 654 infra
553 610 763 665 praefixum'
776 610 976 647 terminum
998 610 1084 647 inde
1104 611 1214 647 suerit
1231 611 1474 657 satisfactum,
1495 611 1541 647 ad
1563 611 1729 661 ipsorum
1748 612 1970 649 Cistercien-

438 676 534 712 sium
549 674 627 710 loca
642 670 865 715 accedentes,
882 668 1052 705 nullam
1043 681 1078 704 in
1099 668 1168 704 hac
1187 673 1291 718 parte
1309 668 1495 705 licentiam
1513 669 1571 705 vel
1590 670 1845 707 auctoritatem
1864 669 1970 708 Sedis

440 731 687 784 Apostolicae,
706 734 748 764 ut
766 728 887 777 ipsum
908 726 1100 776 requirent
1118 727 1308 776 negotium
1325 727 1432 776 juxta
1458 728 1739 766 constitutiones
1762 742 1874 780 super
1900 729 1971 767 hoc

439 792 572 835 editas,
598 787 831 826 ostendentes
859 790 921 821 aut
948 785 1246 835 praetendentes
1273 786 1388 823 immo
1417 779 1541 837 potius
1560 788 1776 825 auctoritate
1798 789 1970 840 propria,

438 849 543 900 quasi
566 847 654 884 dicti
686 844 944 882 Cistercicnses
967 844 1188 894 privilegiati
1214 857 1289 881 non
1315 850 1436 882 essent
1457 850 1520 882 aut
1546 846 1662 883 nichil
1688 859 1801 897 super
1826 847 1898 884 hiis
1923 847 1972 884 ab

439 910 516 958 ipsa
536 906 628 944 Sede
646 903 855 955 provisum„
878 902 1082 938 inhibitum
1112 907 1175 939 aut
1200 903 1309 939 etiam
1329 903 1530 940 diffinitum
1550 904 1727 950 fuisset,
1717 918 1817 955 ipsos
1834 905 1971 942 Cister-

439 967 578 1003 cienses
593 976 678 1000 cum
693 962 774 998 aliis
790 961 962 997 nituntur
976 960 1178 1007 involvere,
1191 961 1391 1012 praemissa
1407 962 1444 998 in
1461 962 1625 1012 ipsorum
1640 975 1750 1012 grave
1763 961 1970 1013 periculum

439 1030 475 1062 et
498 1024 705 1061 animarum
734 1019 973 1070 dispendium
1000 1024 1127 1057 contra
1152 1020 1249 1057 dicta
1280 1019 1473 1071 privilegia
1502 1026 1538 1058 et
1566 1025 1701 1058 statuta
1728 1021 1972 1058 ecclesiastica

439 1082 630 1133 exigendo.

489 1142 678 1178 Praeterea
694 1137 824 1174 dicunt
838 1136 907 1187 ipsi
923 1137 1182 1174 Cistercienses
1197 1137 1375 1187 praedicti
1391 1138 1493 1188 quod
1507 1151 1575 1188 pro
1593 1138 1750 1175 tuitione
1768 1137 1907 1188 patriae
1923 1137 1971 1174 ab

440 1199 546 1237 initio
561 1210 714 1249 guerrae
728 1200 871 1232 tantum
891 1195 937 1232 de
955 1195 1030 1232 suis
1050 1195 1275 1232 contulerint
1292 1196 1540 1247 paratioribus
1559 1197 1668 1234 bonis
1686 1197 1725 1233 in
1744 1195 1871 1242 blado,
1889 1195 1972 1233 ani—

439 1262 615 1306 malibus,
630 1258 787 1310 pecunia
808 1262 843 1294 et
860 1257 958 1303 aliis,
977 1257 1079 1308 quod
1098 1257 1284 1294 extenuati
1303 1261 1338 1294 et
1355 1258 1543 1304 exhausti,
1562 1271 1819 1308 pauperesque
1835 1257 1973 1303 effecti,

441 1334 515 1358 non
543 1319 682 1355 habent
709 1317 746 1352 in
773 1316 882 1353 bonis
905 1329 1000 1366 quae
1022 1315 1177 1352 ulterius
1201 1316 1392 1353 conserant
1415 1319 1481 1352 aut
1499 1315 1599 1352 unde
1618 1315 1814 1352 commode
1830 1328 1869 1352 se
1891 1327 1975 1352 sus-

441 1381 582 1417 tentent
599 1389 663 1413 seu
682 1376 827 1412 valeant
845 1374 1063 1424 gubernare.
1084 1373 1206 1421 Quare
1225 1373 1417 1411 humiliter
1429 1374 1642 1424 supplicant
1654 1379 1690 1410 et
1703 1374 1834 1410 devote
1846 1372 1975 1423 requi-

440 1441 528 1475 runt
545 1434 706 1485 religiosi
725 1433 982 1470 Cistercienses
1006 1432 1183 1483 praedicti
1211 1437 1394 1483 quatenus
1415 1432 1626 1483 praemissis
1650 1432 1709 1482 pie
1733 1431 1974 1469 consideratis

439 1511 458 1534 a
486 1493 773 1546 praemissorum
799 1491 846 1528 ab
872 1491 923 1528 eis
949 1490 1126 1541 petitione
1151 1494 1186 1527 et
1211 1491 1400 1527 coactione
1426 1490 1573 1541 penitus
1600 1490 1808 1536 desistatur,
1832 1502 1899 1527 nec
1925 1488 1972 1526 ad

441 1551 655 1603 hujusmodi
676 1549 920 1600 impossibilia
939 1549 1220 1599 compellantur,
1240 1554 1304 1586 aut
1319 1549 1431 1586 vetita
1450 1549 1535 1586 talia
1549 1563 1645 1600 quae
1659 1549 1698 1586 in
1714 1561 1866 1586 suarum
1881 1560 1975 1585 con-

388 1621 397 1626 *
442 1611 677 1650 scientiarum
696 1613 850 1659 vergant
872 1608 1070 1645 laesionem
1089 1612 1125 1644 et
1142 1608 1369 1658 exigentium
1387 1621 1498 1658 grave
1516 1608 1727 1658 'periculum
1745 1611 1781 1644 et
1799 1620 1873 1644 non
1893 1619 1976 1643 mo-

441 1670 567 1707 dicum
593 1668 874 1713 detrimentum3
902 1680 987 1704 nam
1019 1680 1144 1703 revera
1176 1666 1334 1703 faciendi
1367 1666 1647 1716 impossibilitas
1676 1665 1845 1716 undique
1876 1665 1975 1716 ipsos

443 1731 593 1765 excusat
609 1726 730 1776 potius
749 1739 860 1776 quam
879 1725 1061 1762 voluntas.

1182 1993 1239 2030 LI.

724 2109 933 2160 Obliqation
959 2110 1002 2147 de
1023 2122 1144 2159 payer
1168 2123 1240 2147 une
1264 2116 1365 2147 rente
1390 2110 1434 2147 de
1458 2110 1562 2159 vinqt
1585 2084 1706 2145 livre-s.

495 2315 730 2352 Universitati
748 2319 888 2352 vestrae
907 2316 1079 2352 volumus
1098 2328 1175 2352 esse
1194 2319 1323 2352 notum
1347 2314 1449 2366 quod
1471 2314 1627 2351 dilectus
1653 2315 1778 2350 noster
1800 2310 1975 2348 dominus

447 2402 597 2410 ......
619 2373 770 2409 tradidit
787 2374 894 2410 nobis
914 2374 1091 2411 ducentas
1110 2374 1223 2411 libras
1242 2374 1280 2410 in
1298 2373 1455 2424 pecunia
1475 2376 1683 2418 numerata,
1697 2383 1789 2421 quas
1808 2382 1844 2406 cc
1862 2368 1975 2406 libras

447 2444 513 2468 nos
531 2430 711 2481 recepisse
730 2435 764 2467 et
779 2431 967 2479 habuisse,
986 2446 1027 2469 ac
1045 2433 1298 2470 conditionem
1317 2432 1432 2469 nostri
1453 2430 1666 2468 monasterii
1684 2429 1730 2466 ad
1748 2428 1910 2465 valorem
1924 2441 1974 2465 xx
