2184 3074
458 316 533 354 ⁴04
1006 315 1167 353 CODEX
1191 314 1439 360 DUNENSIS.

460 435 605 481 tempus
623 431 719 468 dicta
743 436 838 468 terra
861 444 935 468 non
958 431 1149 467 colebatur
1172 435 1206 467 et
1226 430 1328 480 quod
1342 430 1430 467 vnon
1455 431 1575 467 extitit
1599 431 1776 468 memoria
1796 431 1843 469 de
1865 432 1988 484 aliqua

461 489 604 526 cultura
625 489 744 526 dictae
757 494 885 526 terrae.

508 547 614 588 Item,
632 548 661 584 si
681 547 828 584 dicatur
844 547 941 584 dicta
959 551 1055 584 terra
1073 559 1151 583 esse
1169 551 1265 583 terra
1282 546 1451 597 antiqua,
1470 551 1670 597 quaeratur
1686 546 1734 584 de
1751 560 1860 585 causa
1873 560 1989 598 quare

460 605 606 642 dicatur
623 605 787 655 antiqua.

507 664 597 700 Item
613 668 812 714 quaeratur
828 664 858 700 si
877 663 1042 700 decimae
1062 663 1181 700 dictae
1200 667 1320 700 terrae
1341 662 1517 701 dicantur
1532 663 1707 714 antiquae
1727 676 1793 701 seu
1810 662 1991 709 feodales2

452 722 505 770 ‘ad
519 722 626 772 cujus
642 722 791 759 feodum
806 723 862 758 vel
878 722 1068 772 quondam
1085 722 1132 759 ad
1147 722 1414 760 monasterium
1427 722 1474 759 de
1489 723 1565 760 Eke
1577 727 1641 759 aut
1654 722 1773 760 dietae
1786 723 1992 761 abbatissae

460 781 632 818 dicantur
648 785 839 831 spectasse.

1179 857 1281 866 ..ou—-

1119 1009 1338 1047 CCLXXIV.

500 1126 717 1164 Absolution
736 1127 827 1164 d’un
842 1126 944 1177 frere
960 1139 1110 1164 convers
1127 1128 1204 1177 qui,
1222 1139 1266 1163 en
1284 1125 1484 1176 defendam
1502 1139 1572 1164 une
1585 1127 1702 1176 ferme
1719 1127 1763 1164 de
1781 1126 1955 1178 Ιάὂὸαῃσ,

969 1199 991 1222 α
1009 1186 1068 1222 tue
1085 1185 1166 1222 l’wn
1183 1184 1246 1222 des
1263 1196 1490 1235 aqresseurs.

506 1381 743 1419 Reverendae
761 1381 974 1419 Paternitati
994 1380 1142 1418 Vestrae
1160 1379 1353 1416 humiliter
1372 1379 1588 1416 intimamus
1613 1378 1715 1429 quod
1740 1378 1884 1416 dudum
1905 1378 1993 1430 qui·-

458 1441 542 1477 dam
564 1441 707 1478 banniti
726 1441 772 1477 de
793 1441 979 1485 Zelandia,
997 1454 1082 1478 eum
1101 1439 1302 1491 quamdam
1322 1443 1463 1477 curtem
1483 1443 1646 1475 nostram
1664 1442 1806 1476 vestrae
1822 1437 1991 1488 dyocesis

459 1513 543 1536 eum
571 1500 684 1536 armis
712 1499 884 1550 ingressi,
910 1498 1124 1536 insolentias
1151 1499 1275 1549 plures
1303 1497 1443 1534 ibidem
1474 1501 1509 1533 et
1534 1496 1729 1533 violentias
1759 1500 1989 1542 exercerent,

458 1558 647 1595 lohannes
675 1558 776 1604 talis,
804 1559 898 1595 lator
921 1556 1187 1608 praesentium,
1213 1569 1299 1592 eum
1325 1555 1406 1592 aliis
1434 1555 1480 1591 de
1506 1554 1645 1591 familia
1674 1558 1798 1591 nostra
1824 1554 1863 1590 in
1890 1553 1988 1591 dieta

460 1622 562 1654 curte
581 1622 668 1653 tunc
682 1617 914 1667 degentibus,
936 1616 982 1652 ad
1001 1616 1077 1652 vim
1095 1614 1346 1666 repellendam
1364 1618 1400 1650 et
1418 1613 1633 1663 hujusmodi
1652 1612 1868 1650 insolentias
1885 1625 1990 1650 eom-

459 1676 659 1726 pescendas
678 1689 889 1721 accurrens,
908 1675 973 1711 uni
992 1674 1038 1711 de
1058 1674 1166 1710 dictis
1184 1672 1359 1723 ingressis
1377 1672 1491 1709 ictum
1509 1671 1612 1708 dedit
1630 1684 1694 1708 seu
1711 1671 1849 1708 vulnus
1867 1670 1994 1708 intulit

459 1735 559 1771 unde
583 1735 821 1785 postmodum
845 1739 899 1771 est
916 1726 1124 1771 defunctus.
1150 1732 1245 1769 Pace
1272 1731 1386 1782 igitur
1409 1730 1506 1767 inter
1521 1729 1731 1767 Johannem
1759 1729 1991 1779 praedictum

460 1806 504 1830 ex
523 1807 596 1830 una
618 1798 721 1843 parte
740 1797 776 1829 et
801 1792 938 1829 amicos
965 1792 1054 1828 dicti
1074 1790 1239 1827 defuncti
1259 1803 1304 1826 ex
1322 1790 1434 1826 altera
1452 1789 1649 1825 reformata
1672 1800 1715 1824 ac
1733 1800 1818 1824 cum
1837 1786 1991 1824 domino

460 1857 576 1888 terrae
594 1850 740 1902 plenius
759 1850 902 1896 hahita,
922 1849 1070 1887 Vestrae
1092 1848 1333 1887 Reverentiae
1350 1860 1435 1884 cum
1455 1846 1555 1883 omni
1581 1846 1790 1883 humilitate
1810 1858 1884 1896 qua
1902 1858 1994 1882 con-

460 1910 581 1954 venit,
608 1909 861 1960 supplicamus
892 1913 1074 1959 quatenus
1108 1907 1215 1945 saluti
1244 1907 1389 1943 animae
1418 1919 1506 1943 suae
1532 1904 1730 1955 benignius
1760 1904 1992 1942 consulentes

461 1970 580 2005 eidem
600 1968 646 2004 de
663 1967 909 2004 absolutionis
927 1966 1109 2003 beneficio
1128 1965 1333 2016 providere.
