2184 3074
456 285 528 323 5¹8
1008 283 1171 322 CODEX
1197 284 1442 322 DUNENSIS.

456 405 578 455 ipsum
594 404 810 454 magistrum
822 403 865 439 G.
877 403 915 439 in
930 403 1091 438 claustro
1105 402 1279 438 ecclesiae
1294 401 1514 439 Morinensis
1530 415 1662 440 manus
1675 402 1844 452 injecerit
1855 408 1992 441 temere

454 464 631 501 violentas
645 467 680 499 et
694 463 767 498 culi
783 465 891 511 rupta
912 461 951 497 in
971 460 1088 511 ipsius
1107 459 1199 496 facie
1221 460 1394 497 eumdem
1414 465 1500 497 ante
1519 461 1615 498 fores
1632 461 1799 510 ejusdem
1816 461 1990 499 eeclesiae

455 523 589 559 fecerat
619 520 821 564 verberari,
853 523 889 555 et
923 518 1025 569 quod
1058 518 1155 554 idem
1183 523 1313 554 cantor
1337 522 1422 568 post
1451 518 1744 556 verberationem
1776 519 1991 569 hujusmodi

456 579 658 617 immiscuit
683 592 721 616 se
752 578 901 614 divinis.
934 577 975 613 ln
1011 577 1119 627 cujus
1154 577 1206 613 rei
1242 577 1494 619 testimonium
1525 582 1560 614 et
1594 578 1787 615 munimen
1820 591 1993 628 praesens

456 640 650 690 publicum
670 638 961 674 instrumentum
981 637 1059 673 fieri
1081 636 1236 674 fecimus
1261 636 1376 673 nostri
1398 636 1510 686 sigilli
1530 636 1772 687 impressione
1792 636 1991 674 munitum.

504 699 592 736 Lata
616 702 670 734 est
693 697 782 733 haec
803 696 985 734 sententia
1009 695 1046 732 in
1070 695 1222 733 Perusio
1249 696 1286 733 in
1307 695 1469 746 hospitio
1494 696 1660 746 ejusdem
1685 696 1789 733 electi
1809 696 1911 747 quod
1938 700 1993 734 est

454 757 596 794 domini
618 755 766 794 Reineri
789 754 992 798 Guidonis„
1009 767 1108 792 anno
1127 754 1252 791 M⁰CC⁰
1271 755 1584 805 quinquagesimo
1600 755 1766 792 secundo
1785 755 1992 793 Nativitatis

455 815 624 859 Domini,
667 813 872 850 indictione
911 812 1124 859 undecima,
1159 813 1220 850 die
1262 813 1289 850 V
1327 813 1504 850 kalendas
1539 813 1720 860 octobris,
1755 813 1994 864 pontificatus

454 873 597 911 domini
613 871 819 909 lnnocentii
840 871 904 908 llll
926 884 1043 921 papae
1059 884 1158 908 anno
1180 871 1342 918 decimo,
1357 871 1616 922 praesentibus
1635 871 1772 909 talibus
1792 876 1828 909 et
1845 872 1994 910 talibus.

1186 994 1297 1006 w

1193 1148 1278 1185 CCl.

455 1275 554 1324 Bref
563 1274 615 1311 du
628 1286 725 1324 pape
742 1273 889 1310 Nicolas
900 1273 962 1310 IV
966 1274 1174 1310 autorisant
1188 1273 1225 1310 Ia
1245 1273 1335 1310 leve'e
1348 1273 1440 1310 d'un
1457 1273 1602 1310 subside
1616 1274 1881 1326 eccle'sa'aslique
1892 1253 1994 1324 pour

869 1333 905 1369 la
922 1332 1090 1370 croisade
1108 1333 1152 1369 de
1170 1333 1245 1370 Gai
1261 1333 1304 1370 de
1325 1333 1543 1381 Dampierre
1560 1337 1580 1369 ¹.

504 1537 704 1574 Nicholaus
723 1537 934 1587 episcopus,
954 1549 1082 1573 servus
1102 1549 1294 1574 servorum
1313 1537 1380 1574 Dei
1393 1566 1402 1583 7
1421 1536 1564 1574 dilectis
1583 1536 1670 1573 filiis
1692 1536 1817 1573 abbati
1838 1536 1884 1573 de
1905 1535 1994 1574 Val-

455 1596 571 1638 cellis„
590 1594 843 1632 Cisterciensis
870 1595 1030 1639 ordinis,
1049 1595 1323 1632 Cameracensis
1347 1594 1713 1644 dyocesis‚Johanni
1737 1594 1783 1631 de
1809 1595 1993 1642 Brueriis‚

454 1654 613 1699 cantori,
637 1658 671 1689 et
695 1653 870 1703 magistro
889 1653 1047 1690 Reinero
1070 1653 1116 1690 de
1135 1653 1321 1699 Passiaco,
1342 1652 1522 1689 canonico
1547 1653 1817 1699 Cameracensi7
1837 1653 1993 1691 salutem

454 1718 488 1749 et
506 1712 730 1763 apostoicam
753 1711 1063 1748 benedictionem.

502 1772 654 1809 Dudum
676 1771 792 1807 felicis
813 1770 1080 1807 recordationis
1098 1770 1262 1807 Johanni
1283 1783 1400 1820 papae
1419 1769 1667 1820 predecessori
1690 1775 1815 1807 nostro
1833 1784 1877 1807 ex
1892 1775 1995 1821 parte

453 1831 575 1868 dilecti
604 1830 671 1866 lilii
698 1829 835 1866 nobilis
858 1829 927 1865 viri
955 1829 1156 1875 Guidonis,
1178 1829 1324 1866 comitis
1349 1829 1562 1875 Flandriae,
1585 1828 1810 1866 marchionis
1833 1829 1994 1867 Namur-

453 1890 583 1926 censis.
594 1888 774 1938 exposito,
785 1888 880 1924 sicut
893 1888 1117 1938 accepimus,
1132 1888 1235 1938 quod
1255 1888 1333 1938 ipse
1350 1888 1430 1924 zelo
1445 1887 1530 1924 fidei
1545 1892 1581 1924 et
1594 1887 1804 1924 devotionis
1818 1901 1994 1925 accensus

453 1949 599 1999 signum
623 1947 846 1984 reverendae
869 1947 990 1983 crucis
1018 1952 1283 1997 assumpserat,
1305 1959 1347 1983 ac
1368 1946 1405 1983 in
1432 1946 1590 1983 termino
1617 1946 1790 1997 proximo
1813 1947 1995 1997 generalis

453 2006 608 2057 passagii
628 2019 647 2042 a
667 2006 761 2042 Sede
778 2005 988 2055 Apostolica
1007 2006 1202 2042 statuendo
1221 2019 1306 2042 cum
1323 2005 1545 2042 bellatorum
1565 2005 1709 2042 decenti
1724 2009 1760 2041 et
1780 2005 1992 2055 honorabili

454 2065 625 2102 comitiva
646 2065 683 2100 in
699 2064 867 2112 ejusdem
887 2065 1042 2100 sanctae
1057 2064 1290 2114 proponebat
1303 2065 1436 2101 Terrae
1452 2063 1663 2101 subsidium
1683 2063 1881 2114 proficisci,
1896 2063 1993 2100 idem

454 2124 714 2175 praedecessor
729 2124 857 2160 volens
872 2123 909 2159 in
925 2129 999 2160 tam
1019 2124 1196 2160 laudabili
1213 2129 1247 2160 et
1265 2124 1384 2161 oeulis
1398 2123 1609 2160 dominicae
1627 2123 1827 2173 majestatis
1845 2127 1994 2174 accepto

455 2182 645 2232 proposito
664 2182 876 2227 confovere,
895 2182 1149 2221 ac,attendens
1169 2183 1272 2233 quod
1292 2196 1337 2219 ex
1356 2196 1443 2219 suae
1462 2182 1658 2232 probitatis
1676 2187 1847 2233 expertae
1863 2181 1995 2219 indus-

456 2240 523 2276 tria
542 2245 577 2276 et
590 2240 816 2277 strenuitatis
829 2241 976 2287 virtute,
992 2241 1131 2291 quibus
1150 2241 1386 2292 praedicatur
1405 2241 1574 2291 insignis,
1590 2253 1657 2278 sua
1676 2240 1715 2277 in
1734 2240 1808 2278 illis
1825 2239 1994 2290 partibus

494 2371 501 2383 ¹
526 2370 562 2395 En
584 2369 664 2399 ¹29¹.
683 2369 787 2395 Nicolas
805 2370 839 2396 lV
855 2370 974 2405 s'efforca
991 2371 1157 2405 d'organiser
1177 2380 1229 2398 une
1249 2371 1378 2398 croisadc.
1402 2371 1453 2397 Gui
1472 2372 1504 2397 de
1522 2371 1680 2406 Dampierre
1699 2370 1770 2397 avait
1785 2367 1845 2403 ddja
1862 2368 1938 2403 porte
1957 2369 1995 2394 les

456 2425 542 2443 armes
556 2425 588 2443 en
602 2417 714 2451 Afrique
729 2426 762 2443 en
777 2418 859 2444 1270.
