2184 3074
717 327 878 365 CODEX
904 327 1147 366 DUNENSIS.
1649 331 1695 367 77

888 500 976 539 LVI.

161 618 328 658 Pouvoir
342 619 462 656 donne
482 630 562 656 aux
582 616 686 655 abbea
707 617 751 654 de
776 616 914 654 l’ordre
933 616 977 654 de
995 617 1149 654 Citeaux
1165 616 1209 654 de
1228 619 1404 655 terminer
1423 618 1473 656 les
1497 618 1697 668 differenda

606 675 766 714 souleve's
782 675 877 714 dana
896 675 995 713 leurs
1015 678 1249 714 monasterea.

211 869 452 907 Innocentius
474 869 690 920 episcopus,
717 881 844 906 servus
869 881 1060 906 servorum
1087 868 1171 915 Dei,
1198 869 1342 907 dilectis
1368 870 1454 908 filiis
1479 870 1696 917 abbatibus,

161 928 330 980 patribus
353 933 389 966 et
411 927 573 979 generali
600 927 764 978 capitulo
783 927 1035 964 cisterciensis
1053 927 1212 974 ordinis,
1231 928 1386 965 salutem
1404 934 1440 966 et
1456 929 1695 980 apostolicam

161 987 472 1025 benedictionem.

207 1045 261 1084 Ne
283 1044 531 1095 tranquillitas
553 1042 696 1081 ordinis
718 1042 828 1081 vestri
849 1043 1062 1094 jurgi0rum
1081 1044 1315 1081 concutiatur
1333 1045 1523 1095 procellis,
1541 1045 1606 1096 qui
1631 1059 1697 1096 per

159 1102 228 1140 Dei
255 1102 410 1153 gratiam
437 1102 532 1140 bene
557 1101 696 1139 sufficit
722 1114 875 1139 suorum
903 1101 1075 1139 scandala
1099 1101 1206 1151 juxta
1233 1102 1399 1140 instituta
1422 1103 1570 1154 propria
1594 1117 1696 1141 more

161 1161 269 1200 solito
286 1161 522 1212 propulsare,
541 1173 583 1198 ac
600 1174 647 1198 ne
673 1174 740 1212 per
761 1160 1041 1198 commissiones
1064 1161 1282 1211 apostolicas
1301 1161 1422 1212 gravis
1440 1161 1695 1199 dissolutionis

161 1225 197 1257 et
213 1220 344 1257 ruinae
360 1220 546 1271 pandatur
559 1218 693 1270 janua,
716 1231 812 1270 quae
838 1232 904 1269 per
931 1218 1203 1269 providentiam
1230 1219 1334 1257 Sedis
1360 1220 1594 1270 Apostolicae
1620 1221 1695 1257 cle-

161 1283 305 1316 menter
322 1277 501 1316 hactenus
519 1278 643 1316 clausa
662 1277 752 1324 suit,
771 1289 839 1314 nos
857 1277 1068 1314 affectantes
1084 1277 1207 1328 ipsum
1225 1277 1393 1314 ordinem
1413 1278 1452 1315 in
1470 1278 1567 1315 soliti
1586 1291 1696 1329 apos-

162 1336 262 1374 tolici
288 1335 424 1373 favoris
445 1335 561 1387 gratia
588 1339 623 1372 et
649 1339 846 1372 consuetae
865 1334 1145 1384 tranquillitatis
1169 1335 1366 1372 concordia
1393 1348 1628 1382 conservare,
1655 1349 1696 1373 ac

161 1394 338 1446 inquietis
350 1393 544 1431 vinculum
560 1406 734 1443 rumpere
748 1393 959 1430 volentibus
975 1392 1205 1443 disciplinae,
1222 1406 1367 1430 necnon
1380 1398 1416 1430 et
1430 1394 1553 1444 vagari
1569 1395 1697 1432 volen-

161 1453 261 1491 tibus
279 1453 424 1490 auferre
446 1451 638 1489 materiam
661 1451 917 1498 discurrendi,
935 1451 1191 1501 praesentibus
1208 1451 1314 1488 vobis
1333 1452 1586 1489 auctoritatem
1606 1465 1697 1490 con-

161 1511 326 1549 cedimus
351 1514 393 1548 ut
417 1515 515 1548 ortas
542 1509 639 1547 inter
662 1522 841 1560 personas
869 1509 985 1560 ipsius
1012 1509 1154 1547 ordinis
1173 1509 1377 1548 discordias
1399 1511 1565 1561 possitiS,
1586 1517 1696 1561 prout

161 1568 402 1608 consuevistis
420 1568 617 1615 hactenus,
636 1567 846 1605 terminare.
866 1567 966 1605 Nulli
984 1580 1088 1618 ergo,
1107 1573 1174 1605 etc.

210 1628 346 1665 Datum
366 1626 540 1676 Lugduni
557 1639 604 1662 vn
625 1626 801 1663 kalendas
819 1625 1053 1670 novembris,
1073 1626 1310 1675 pontificatus
1329 1627 1443 1664 nostri
1464 1640 1562 1664 anno
1578 1627 1694 1665 tertio.

865 1748 963 1758 ⁴0·—

879 1890 986 1928 LVII.

164 2009 235 2047 Le's
253 2010 473 2046 monasteres
493 2008 536 2046 de
553 2008 690 2046 l'ordre
706 2008 750 2045 de
769 2009 923 2046 Citeauoe
942 2020 986 2044 ne
1004 2013 1159 2057 pem-ent
1180 2010 1252 2044 ecre
1272 2007 1425 2056 frappe's
1451 2007 1494 2044 de
1518 2013 1694 2045 sentences

370 2067 556 2105 d’inlerdit
573 2066 682 2118 qu’en
700 2072 804 2104 verta
822 2066 911 2103 d'un
930 2065 1160 2103 mandentem
1175 2065 1311 2115 special
1328 2065 1378 2102 du
1391 2078 1496 2114 pape.

213 2261 401 2299 Honorius
420 2261 632 2312 episcopus,
650 2273 777 2298 servus
800 2273 991 2298 servorum
1008 2260 1095 2305 Dei,
1114 2259 1259 2296 dilectis
1287 2259 1372 2297 filiis
1394 2259 1519 2296 abbati
1546 2265 1582 2296 et
1606 2273 1697 2297 con-

164 2319 289 2358 ventui
309 2319 556 2366 cisterciensi,
575 2318 730 2356 salutem
749 2323 784 2356 et
801 2319 1040 2370 apostolicam
1061 2317 1369 2355 benedictionem.

213 2378 306 2416 Cum
323 2378 527 2416 secundum
547 2378 766 2428 Apostolum
786 2378 844 2414 lex
857 2377 958 2427 justo
983 2390 1058 2414 non
1078 2377 1126 2414 sit
1143 2376 1261 2427 posita
1284 2389 1354 2427 pro
1371 2388 1415 2413 eo
1438 2376 1540 2427 quod
1562 2377 1628 2427 qui
1654 2391 1694 2414 ea

165 2451 260 2488 quae
279 2437 369 2488 legis
388 2441 475 2475 sunt
494 2437 651 2483 faciunt,
670 2436 740 2487 ipsi
760 2436 830 2473 sibi
850 2440 938 2474 sunt
955 2437 1032 2481 lex,
1052 2435 1156 2485 pium
1174 2439 1228 2473 est
1245 2440 1287 2472 ut
1300 2435 1365 2486 qui
1385 2435 1518 2486 spiritu
1538 2435 1604 2471 Dei
1623 2436 1693 2473 acti
