2184 3074
451 304 519 342 ¹80
997 303 1160 340 CODEX
1186 303 1436 342 DUNENSlS.

445 420 592 458 tradant
613 426 649 459 et
666 420 874 457 deliberent
893 419 939 456 ad
965 432 1060 470 opus
1089 420 1341 470 praedictum,
1361 434 1426 458 seu
1451 422 1544 459 tradi
1564 427 1600 460 et
1622 423 1820 462 deliberari
1846 425 1989 462 saciant

444 483 481 515 et
499 479 714 528 procurent?
1373 495 1375 498 ⁴

495 538 682 574 Praeterea
701 537 880 574 moneatis
897 536 1007 574 etiam
1025 536 1258 583 Katerinam,
1277 537 1442 575 relictam
1463 538 1553 575 dicti
1574 539 1766 590 quondam
1788 541 1982 580 Gherwini

445 596 625 634 testatoris
647 595 843 646 praedicti,
861 609 958 646 quae
981 596 1079 633 bona
1096 595 1143 634 ad
1168 596 1307 634 dictam
1324 597 1584 635 executionem
1600 599 1826 650 pertinentia
1844 601 1985 639 dicitur

446 667 646 705 occupasse
663 666 732 705 pro
750 653 926 707 indiviso,
953 659 996 691 ut
1017 654 1171 692 indilate
1191 659 1277 705 post
1293 655 1538 694 monitionem
1558 661 1718 696 vestram
1741 658 1814 696 sibi
1834 659 1984 706 factam,

446 713 632 763 praedicta
650 713 747 750 bona
761 713 811 749 ad
828 726 923 763 opus
939 714 1169 752 executionis
1187 714 1398 765 praedictae
1411 715 1574 767 obligata
1593 716 1703 755 dictis
1722 718 1985 756 executoribus

446 772 492 809 ad
518 784 611 822 opus
630 771 861 822 praedictum
888 772 1008 810 tradat
1031 777 1067 810 et
1091 773 1291 820 deliberet,
1319 779 1356 811 et
1377 774 1424 811 de
1447 773 1500 812 eis
1529 774 1690 826 gaudere
1711 776 1918 827 permittat,
1943 781 1987 814 ut

444 831 586 867 dictum
604 835 864 868 testamentum
888 844 953 868 seu
974 831 1112 869 dictam
1130 831 1301 869 ultimam
1320 833 1551 871 voluntatem
1571 835 1705 885 exequi
1724 839 1761 872 et
1776 834 1984 886 adimplere

444 890 606 936 valeant,
637 895 749 940 prout
768 890 913 939 justum
941 891 1053 928 fuerit
1082 895 1118 928 et
1149 892 1253 929 oneri
1284 892 1514 930 executionis
1542 893 1753 944 praedictae
1784 893 1984 939 incumbit,

445 948 613 999 alioquin
641 948 740 998 ipsos
766 949 947 995 monitos,
974 949 1193 1000 quicunque
1216 950 1356 987 suerint
1386 955 1420 988 et
1452 951 1546 996 sint,
1574 951 1621 988 ad
1647 951 1685 988 id
1707 952 1893 1003 agendum
1917 965 1986 1003 per

445 1020 639 1044 censuram
658 1007 940 1044 ecclesiasticam
959 1008 1177 1045 auctoritate
1194 1013 1337 1056 nostra,
1363 1009 1434 1047 nisi
1459 1009 1612 1048 indilate
1635 1010 1857 1056 destiterint,
1879 1023 1985 1048 com-

445 1065 590 1115 pellatis
615 1078 678 1102 seu
701 1065 874 1115 compelli
902 1065 1059 1112 faciatis,
1083 1079 1125 1103 ac
1155 1080 1222 1118 per
1250 1067 1648 1106 excommunicationis
1677 1069 1897 1106 sententiam
1919 1081 1983 1107 eos

444 1122 701 1173 compescatis,
736 1122 806 1160 nisi
839 1137 988 1160 causam
1020 1137 1145 1161 eoram
1177 1125 1284 1162 vobis
1317 1125 1595 1176 praetenderint
1628 1126 1832 1173 efficacem,
1867 1140 1984 1178 quare

445 1181 645 1232 praemissa
673 1182 789 1219 facere
817 1195 892 1219 non
913 1183 1073 1222 debeant
1097 1187 1161 1220 aut
1186 1197 1262 1221 non
1279 1185 1412 1230 velint,
1438 1197 1512 1235 qua
1535 1189 1727 1235 praetensa
1749 1185 1898 1222 eosdem
1917 1199 1984 1236 pe-

444 1241 644 1291 remptorie
664 1270 815 1277 ......
838 1255 962 1278 coram
981 1241 1121 1279 decano
1141 1242 1422 1280 christianitatis
1440 1242 1628 1280 Gandensi
1655 1243 1701 1280 ad
1724 1248 1860 1280 certam
1882 1243 1982 1281 diem

444 1299 489 1335 ad
516 1300 746 1336 voluntatem
775 1300 901 1337 latoris
927 1301 1178 1351 praesentium
1207 1305 1335 1338 contra
1362 1305 1575 1339 executores
1607 1301 1815 1352 praedictos
1845 1301 1983 1340 dietam

444 1372 592 1396 causam
612 1359 810 1410 allegantes
828 1364 864 1396 et
877 1359 953 1408 juri
973 1374 1085 1411 super
1101 1361 1314 1411 praemissis
1332 1374 1456 1398 coram
1475 1360 1576 1398 dicto
1592 1361 1751 1407 decano,
1772 1362 1831 1398 cui
1854 1361 1985 1413 cogni-

445 1417 582 1453 tionem
605 1430 736 1454 causae
762 1418 808 1454 ad
834 1419 987 1468 plenum
1013 1419 1282 1456 committimus
1307 1420 1388 1456 vice
1402 1424 1528 1457 nostra
1543 1419 1747 1470 parituros,
1772 1419 1984 1458 inhibentes

445 1475 514 1512 sub
541 1488 660 1526 poena
685 1477 1082 1515 excommunicationis
1111 1491 1157 1515 ne
1187 1478 1285 1515 dicta
1312 1478 1394 1524 lite,
1425 1478 1487 1515 die
1509 1491 1574 1516 seu
1598 1491 1707 1516 causa
1734 1491 1858 1515 coram
1884 1478 1984 1516 dicto

445 1534 585 1571 decano
604 1534 803 1584 pendente,
818 1535 962 1586 aliquid
977 1540 1105 1573 contra
1123 1536 1242 1574 dictos
1260 1541 1474 1574 executores
1493 1536 1691 1583 innovent,-
1709 1537 1908 1574 immutent
1926 1538 1983 1575 vel

444 1597 676 1643 attemptcnt,
693 1592 866 1642 judicent
887 1598 951 1630 aut
974 1594 1020 1630 de
1047 1594 1156 1632 bonis
1178 1594 1377 1645 praedictis
1398 1594 1591 1642 ordinent,
1620 1595 1823 1646 disponant
1847 1609 1910 1633 seu
1941 1609 1983 1634 ea

444 1651 653 1688 distrahant.
669 1657 732 1688 aut
750 1652 980 1698 diminuant,
1001 1667 1065 1690 scu
1084 1654 1288 1704 quicquam
1307 1653 1445 1690 faciant
1462 1653 1564 1704 quod
1587 1653 1635 1690 sit
1654 1654 1692 1690 in
1711 1653 1982 1705 praeiudicium

444 1714 590 1746 nostrae
605 1710 879 1758 jurisdictionis
898 1716 933 1747 et
952 1711 1072 1748 dictae
1088 1712 1318 1749 executionis
1337 1711 1576 1762 dispendium
1596 1725 1661 1749 seu
1680 1712 1985 1759 diminutionem;

443 1769 545 1818 quod
568 1769 596 1805 si
619 1769 904 1806 contrafecerint
928 1770 1050 1820 (quod
1073 1770 1191 1819 absit)
1216 1770 1391 1807 noverint
1411 1783 1450 1807 se
1471 1783 1538 1808 nos
1561 1775 1688 1808 contra
1711 1770 1810 1821 ipsos
1836 1784 1987 1821 proees-

444 1840 550 1864 suros
565 1827 770 1864 secundum
790 1828 873 1864 sacti
889 1829 1118 1878 qualitatem.
1137 1829 1179 1866 ln
1199 1829 1271 1866 hiis
1289 1833 1412 1865 autem
1432 1829 1680 1880 exequendis,
1694 1834 1761 1866 etc.

497 1885 608 1922 Vobis
632 1890 771 1932 autem,
794 1886 932 1923 decane
957 1887 1236 1925 christianitatis
1267 1887 1494 1934 Gandensis,
1519 1891 1735 1938 potestatem
1762 1893 1798 1925 et
1822 1889 1986 1926 auctori-

446 1950 555 1981 tatem
575 1945 843 1982 committimus
863 1946 1020 1983 vocandi
1036 1959 1160 1983 coram
1179 1946 1286 1983 vobis
1299 1947 1365 1997 qui
1385 1947 1523 1983 suerint
1540 1946 1718 1984 evocandi
1737 1947 1783 1983 ad
1797 1947 1983 1996 judicium

446 2002 491 2038 de
510 2016 617 2039 causa
637 2003 884 2053 cognoscendi
904 2004 949 2040 ad
969 2005 1122 2054 plenum
1145 2009 1181 2042 et
1198 2005 1324 2042 omnia
1343 2018 1439 2055 quae
1458 2005 1495 2041 in
1512 2005 1656 2055 judicio
1677 2011 1764 2042 sunt
1781 2006 1985 2043 necessaria

446 2062 661 2098 excercendi
680 2067 862 2113 quantum
883 2063 929 2100 ad
948 2077 1095 2101 causam
1116 2065 1360 2114 praedictam,
1387 2077 1430 2101 ac
1451 2064 1568 2115 ipsam
1593 2077 1741 2101 causam
1761 2064 1840 2101 sine
1857 2064 1984 2102 debito

448 2121 686 2167 terminandi,
705 2126 741 2158 et
758 2122 786 2159 si
807 2123 845 2159 in
862 2136 1037 2173 processu
1055 2137 1186 2161 causae
1204 2124 1348 2175 aliquid
1366 2123 1472 2160 dubii
1494 2123 1601 2160 vobis
1623 2124 1846 2171 occurrerit,
1874 2123 1985 2161 nobis

446 2180 502 2215 vcl
532 2179 592 2215 alii
617 2184 715 2217 certo
744 2182 900 2218 consilio
925 2195 966 2218 ac
991 2183 1129 2233 perito,
1157 2183 1413 2220 transmittatis
1437 2181 1768 2232 interpretandum.
1794 2181 1984 2232 Quicquid

447 2243 567 2273 autem
587 2239 743 2277 feceritis
757 2241 795 2276 in
812 2255 1002 2291 processu,
1022 2257 1107 2280 cum
1122 2243 1279 2280 consilio
1293 2242 1598 2292 jurisperitorum
1621 2242 1736 2291 agatis
1754 2246 1790 2279 et
1806 2242 1866 2278 via
1884 2241 1982 2292 regia

449 2302 546 2333 recto
566 2299 711 2335 tramite
736 2305 907 2338 stateram
930 2302 966 2338 in
995 2316 1107 2339 manu
1134 2306 1322 2352 portantes
1342 2301 1521 2338 incedatis
1540 2314 1586 2338 nc
1605 2301 1651 2337 de
1675 2300 1896 2351 negligentia
1915 2312 1984 2337 nos

448 2360 483 2390 vt
497 2368 560 2391 vos
578 2355 624 2391 de
640 2356 845 2405 ignorantia
867 2360 1036 2409 redargui
1057 2361 1241 2411 possimus
1259 2374 1278 2396 a
1297 2373 1499 2410 quoquam.

1154 2456 1259 2464 ..⁴00—
