2184 3074
458 262 531 300 5⁹28
1009 260 1170 308 conax
1198 252 1446 299 nuNENfflS.

461 380 610 417 veniens
635 393 708 416 non
738 378 985 428 impinguant.
1012 377 1067 414 De
1094 377 1256 414 Parisius
1280 377 1405 427 itaque
1431 378 1513 414 sons
1547 377 1726 428 limpidus
1751 378 1991 415 scientiarum

460 443 623 484 emanat,
642 438 688 480 de
711 450 788 488 quo
818 441 949 487 potant
975 440 1200 473 cunctarum
1226 435 1355 487 populi
1388 436 1593 473 nationum.
1621 435 1675 473 lbi
1709 435 1872 486 erumpit
1899 437 1995 473 altus

461 502 595 550 puteus
620 496 897 546 scripturarum
933 494 979 531 de
1009 507 1085 546 quo
1121 494 1329 545 profundae
1365 494 1629 545 intelligentiae
1665 494 1798 545 pocula
1834 494 1997 546 mundus

461 555 594 594 haurit.
606 554 699 590 Cum
715 553 828 603 igitur
846 552 974 590 civitas
993 552 1071 603 ipsa
1088 552 1262 599 parisius,
1277 545 1454 603 tanquam
1471 552 1584 589 arbor
1603 552 1790 590 fructifera
1811 552 1849 589 in
1864 565 1996 603 campo

461 613 548 651 fidei
564 613 729 649 ubertate
743 611 994 662 praepollens,
1009 615 1146 647 tantam
1168 610 1419 661 spiritualium
1438 616 1687 662 proventuum
1707 610 1852 662 copiam
1872 610 1998 647 Eccte-
2019 605 2022 608 Α

461 671 536 709 siae
553 670 679 706 afferat
693 669 871 720 generali,
883 682 968 705 cum
986 668 1217 706 honorabilis
1233 669 1458 707 Universitas
1474 669 1733 720 magistrorum
1747 674 1783 706 et
1799 667 1997 706 scolarium

461 725 623 767 civitatis¹
638 729 803 778 ejusdem
822 728 928 778 quasi
948 728 1029 764 vice
1050 728 1135 765 vitis
1160 728 1196 765 in
1224 729 1330 765 vinea
1352 729 1535 766 Ecclesiae
1560 729 1647 766 vivo
1672 729 1818 780 liquore
1842 727 1999 765 affluens

463 789 582 825 vitalis
601 793 710 839 potus
729 787 1024 824 habundantiam
1050 787 1254 824 catholicae
1274 787 1372 838 plebi
1394 788 1582 839 propinet,
1603 788 1777 825 convenit
1793 786 1945 838 quidem
1965 789 2001 822 et

461 847 609 898 expedit
626 851 666 882 ut
680 845 725 882 ad
742 859 821 882 cam
834 845 1092 896 multipliciter
1107 845 1272 882 internae
1286 846 1448 883 caritatis
1465 846 1704 884 extendentes
1717 851 1753 883 et
1765 845 2000 883 ostendentes

462 905 633 944 affectum
649 905 693 941 ad
704 909 924 955 perpetuam
942 903 1058 955 ipsius
1074 904 1302 942 Universatis
1317 905 1666 955 praeservationem.
1680 910 1724 942 ut
1736 905 1843 941 firma
1856 915 2002 955 semper

463 963 662 1002 stabilitate
679 962 799 1011 vigeat
811 967 847 999 et
862 962 972 1013 pleno
990 961 1117 1012 vigore
1131 962 1279 999 assidue
1297 964 1538 1006 convalescat.⁴
1558 964 1671 1001 totius
1690 962 1904 1014 diligentiae
1921 967 2002 999 stu-

462 1022 567 1059 dium
589 1020 869 1071 impendamus,
887 1024 1072 1071 quatenus
1091 1020 1291 1071 apostolica
1310 1019 1563 1058 sollicitudine
1580 1021 1757 1059 continue
1774 1021 1846 1058 sibi
1866 1033 2003 1071 procu-
2048 1047 2051 1050 <

462 1086 541 1118 rato
573 1079 781 1116 munimine
811 1084 939 1115 contra
977 1079 1087 1116 noxia
1113 1079 1301 1130 quaelibet
1331 1085 1367 1116 et
1397 1080 1549 1117 adversa
1582 1079 1700 1117 solida
1731 1085 1943 1130 permaneat
1967 1082 2003 1115 et

462 1152 607 1183 secura,
627 1144 666 1175 ut
685 1151 750 1175 sua
779 1151 854 1174 non
881 1138 1071 1188 quatiatur
1090 1138 1261 1182 tirmitas,
1285 1139 1474 1189 integritas
1497 1152 1572 1175 non
1600 1140 1806 1190 frangatur,
1826 1151 1894 1174 nec
1918 1150 2002 1174 cor-

462 1202 659 1247 rumpatur
672 1196 961 1241 sinceritas,nec
982 1196 1105 1233 unitas
1124 1195 1428 1234 dividatur.Sane
1445 1197 1491 1234 ad
1514 1196 1550 1233 id
1570 1196 1606 1233 in
1626 1196 1774 1233 civitate
1794 1197 1870 1245 ipsa
1889 1209 2003 1246 gene-

463 1256 550 1292 ralis
568 1255 680 1292 studii
703 1255 942 1291 fundamenta
963 1254 1093 1291 divino
1108 1260 1201 1292 nutu
1221 1255 1310 1292 olim
1329 1255 1445 1292 locata
1461 1260 1496 1292 et
1514 1254 1675 1292 stabilita
1689 1268 1768 1292 esse
1787 1259 2003 1300 noscuntur,

462 1314 565 1365 quod
590 1327 634 1350 ex
657 1313 834 1349 omnibus
852 1313 1027 1363 gentibus
1049 1313 1137 1350 illuc
1165 1327 1232 1363 pro
1257 1313 1495 1364 acquirendis
1515 1313 1658 1364 magnis
1677 1313 1852 1350 scientiae
1868 1313 2004 1364 opibus

463 1372 626 1410 confluat
644 1372 820 1409 continue
841 1372 1059 1416 multitudo,
1075 1378 1115 1409 ut
1139 1373 1276 1409 virtute
1295 1372 1346 1410 ibi
1367 1386 1410 1410 ac
1427 1373 1637 1410 eruditione
1655 1373 1853 1424 proliciens
1873 1386 1918 1409 ex
1935 1386 2003 1410 suo

464 1431 640 1468 exercitio
664 1429 878 1466 thesaurum
904 1435 976 1467 tam
1004 1430 1222 1481 pretiosum,
1244 1430 1281 1467 in
1304 1431 1411 1480 cujus
1433 1431 1562 1482 utique
1580 1431 1860 1468 conservatione
1878 1432 2002 1468 surum

462 1482 678 1525 ‘nullatenus
699 1488 878 1525 timentur
897 1489 1070 1536 insidiae,
1090 1495 1323 1540 assequatur.
1344 1495 1440 1526 etex
1463 1490 1589 1527 labore
1606 1489 1779 1542 sapidum
1802 1489 2003 1540 sapientiae

464 1548 624 1583 fructum
646 1551 809 1597 reportet
833 1547 899 1597 qui
927 1561 1071 1584 summe
1099 1548 1263 1597 profecto
1283 1547 1416 1593 reiicit,
1445 1561 1513 1585 nec
1533 1562 1704 1599 unquam
1723 1548 1838 1585 allicit
1856 1548 2003 1584 fastidio

465 1605 718 1642 comedentem
733 1634 741 1647 ,
775 1605 889 1641 immo
921 1611 1062 1655 quanto
1100 1606 1182 1656 plus
1212 1606 1352 1650 editur,
1386 1611 1488 1642 tanto
1523 1606 1568 1642 ad
1605 1606 1662 1643 sui
1698 1619 1800 1643 esum
1837 1605 2005 1643 accendit

465 1663 607 1700 edentis
642 1664 771 1700 fortius
805 1664 1029 1714 appetitum,
1060 1678 1128 1701 nec
1163 1678 1232 1701 usu
1264 1655 1417 1715 quidem
1453 1665 1707 1710 consumitur,
1737 1664 1800 1701 sed
1836 1665 2003 1701 servatur

467 1722 590 1773 potius
611 1727 646 1758 et
663 1728 829 1772 augetur.
854 1722 913 1759 Ob
934 1722 1004 1759 boc
1022 1723 1121 1759 euim
1142 1723 1250 1772 longa
1272 1728 1437 1773 tempora
1461 1723 1532 1759 sub
1551 1722 1687 1774 vigiliis
1704 1728 1740 1760 et
1761 1722 1950 1759 laboribus
1966 1722 2004 1759 in

466 1783 591 1819 eadem
618 1783 765 1819 civitate
791 1783 988 1820 decurritis
1011 1784 1062 1820 ibi
1090 1784 1186 1820 bona
1213 1785 1361 1834 propria
1388 1785 1654 1835 expendendo,
1685 1785 1760 1821 imo
1784 1790 1952 1835 parentes
1970 1789 2005 1821 et

466 1841 669 1892 propinqui
690 1842 798 1878 vestri
818 1842 947 1878 sedulo
968 1843 1072 1879 vobis
1093 1843 1231 1880 ibidem
1254 1844 1420 1885 subsidia
1441 1845 1486 1880 de
1506 1844 1582 1881 suis
1599 1844 1837 1881 facultatibus
1859 1843 2005 1881 submi-

467 1900 640 1944 nistrant,
659 1900 919 1937 subtrahentes
940 1901 1126 1938 interdum
1150 1902 1220 1938 sibi
1246 1908 1286 1938 ut
1309 1903 1454 1953 plenius
1483 1903 1613 1940 vestris
1639 1903 1782 1953 possint
1808 1902 2005 1939 necessita-

468 1958 566 1994 tibus
588 1958 804 2004 subvenire,
827 1959 928 2009 quod
951 1960 1042 1996 inibi
1064 1965 1240 2010 tanquam
1263 1961 1297 1997 in
1319 1961 1646 1998 odoramentorum
1666 1961 1876 1998 delectabili
1896 1973 2005 2011 para-

468 2016 549 2052 diso
574 2030 657 2052 cum
684 2016 858 2053 aviditate
886 2018 1045 2067 legentes
1074 2019 1290 2055 reticiamini
1310 2019 1451 2070 jugiter
1475 2020 1652 2057 suavibus
1678 2025 1714 2056 et
1737 2019 1861 2056 electis
1885 2018 2004 2069 epulis

469 2073 670 2110 litterarum
687 2075 921 2124 proficientes
939 2076 1074 2113 cotidie
1090 2077 1253 2114 bonitate
1271 2083 1304 2114 ct
1325 2084 1527 2115 crescentes
1543 2078 1581 2115 in
1597 2079 1694 2115 viros
1711 2092 1856 2114 morum
1874 2077 2003 2114 boues-

470 2137 540 2167 tate
558 2133 781 2182 compositos
800 2139 835 2170 ct
853 2134 1090 2171 scientiarum
1106 2136 1318 2186 cognitione
1337 2138 1535 2187 profectos,
1552 2143 1592 2173 ut
1606 2138 1753 2174 tandem
1771 2138 1876 2173 labor
1889 2142 2006 2173 vester

470 2195 506 2225 et
523 2190 686 2226 studium
707 2191 752 2227 ad
771 2192 918 2228 laudem
935 2193 1014 2238 Dei,
1030 2199 1269 2245 vestrumque
1289 2195 1467 2232 bonorem
1487 2201 1523 2231 et
1541 2196 1780 2232 commodum
1801 2201 1833 2231 et
1851 2194 2006 2245 propin-

471 2261 629 2297 quorum
660 2249 837 2298 gaudium
868 2250 1090 2287 obluccscat.
1115 2252 1185 2289 Sed
1210 2258 1297 2288 sunt
1322 2253 1476 2303 quidam
1510 2254 1574 2302 qui
1601 2266 1665 2289 vos
1697 2253 1734 2289 in
1764 2253 1835 2289 hiis
1865 2252 2005 2288 frivolis

471 2307 727 2343 occasionibus
761 2308 969 2346 adinventis
1003 2310 1184 2359 impedire
1208 2317 1401 2356 conantur,
1438 2317 1677 2361 vestrumque
1711 2311 1933 2347 laudabilem
1967 2309 2003 2345 in

471 2365 583 2401 studii
622 2366 883 2403 exercitatione
917 2382 1128 2417 processum
1160 2370 1390 2406 immissione
1415 2370 1558 2406 dissidii
1586 2376 1621 2406 et
1651 2369 1813 2406 scandali
1841 2369 2004 2405 concita—

474 2422 572 2458 tione
587 2423 754 2469 tur-bare,
769 2424 864 2460 sicut
883 2425 954 2462 hiis
971 2426 1103 2463 dicbus
1118 2428 1234 2478 aliqui
1252 2429 1385 2478 spiritu
1401 2428 1639 2478 malignitatis
1660 2427 1808 2477 impulsi
1827 2428 2003 2471 feceruut,
