2184 3074
765 308 927 348 CODRX
956 307 1199 347 DUNENSlS.
1683 311 1748 347 :271
1795 336 1807 345 .

211 444 249 477 et
262 438 421 485 admitti5
435 436 584 487 sibique
596 434 644 472 de
655 432 820 484 ejusdem
835 431 1113 483 praepositurae
1128 430 1310 467 fructibus
1320 459 1328 474 .,
1346 429 1570 475 redditibus„
1588 431 1665 480 juri
1671 430 1755 474 bus,

210 495 500 535 obventionibus
521 491 704 531 universis
726 491 867 542 integre
891 483 1106 541 responderi
1118 487 1444 534 ‚contradicentes
1466 501 1534 539 per
1555 501 1750 526 censuram

209 554 492 594 ecclesiasticam
517 549 765 604 appellatione
784 547 987 600 postposita
1006 546 1295 598 compescendo,
1318 551 1431 597 prout
1451 547 1491 584 in
1513 547 1644 584 litteris
1673 561 1751 585 me-

210 613 341 657 morati
359 610 508 650 domini
522 608 706 648 Bonifacii
723 621 836 658 super
854 606 911 644 his
929 606 1106 644 confectis
1126 605 1215 643 hacc
1232 610 1269 642 et
1286 605 1356 642 alia
1381 605 1528 656 plenius
1551 606 1750 643 continen-

209 677 279 710 tur.
303 672 474 721 Cumque
498 667 710 720 praedictus
731 665 907 703 dominus
932 664 1092 702 Leonius
1110 677 1176 715 per
1194 663 1424 701 venerabiles
1443 664 1544 702 viros
1561 665 1746 702 decanum

207 736 243 768 et
259 729 465 781 capitulum
484 727 604 765 dictae
623 723 1016 775 Brugensis.ecclesiae
1035 723 1072 759 in
1097 735 1206 759 suum
1233 727 1270 759 et
1292 721 1521 772 saepedictae
1549 723 1748 773 Brugensis

206 787 380 826 ecclesiae
391 786 644 838 praepositum
659 784 932 836 praedictarum
948 782 1168 820 auctoritate
1182 781 1405 827 litterarum,
1422 781 1589 818 unanimi
1605 795 1750 820 eornm-

207 846 290 884 dem
306 845 436 883 decani
455 844 661 895 etcapituli
680 857 793 894 super
811 842 881 879 hoc
901 841 1168 879 interveniente
1185 853 1386 886 consensu,
1405 845 1575 891 receptus
1588 841 1749 878 extiterit

208 903 358 942 babitus
370 908 407 941 et
419 903 614 947 admissus,
628 901 761 939 tradita
775 901 846 938 sibi
861 900 917 937 vel
933 900 1038 950 quasi
1054 898 1286 950 possessione
1295 898 1575 949 praepositurae
1585 900 1750 948 praedic-

209 967 280 1007 tae⁷
298 966 411 1012 prout
427 961 542 998 moris
560 960 632 997 suit
647 964 684 996 et
702 963 757 996 est
767 988 776 1004 ,
795 971 908 1008 super
922 957 993 995 hoc
1006 957 1193 994 consuetis
1207 961 1244 994 et
1256 956 1392 994 debitis
1406 957 1747 1008 sollempnitatibus

207 1019 430 1066 observatis,
448 1023 485 1056 et
506 1018 660 1056 illustris
678 1017 737 1055 vir
754 1017 930 1054 dominus
953 1016 1011 1062 G„
1032 1028 1155 1053 comes
1177 1015 1390 1060 mandris-e,
1416 1015 1463 1052 ad
1490 1016 1747 1053 cancellariam

207 1078 471 1116 Flandrensem
496 1090 593 1128 quae
619 1076 805 1127 siquidem
831 1075 911 1125 ejus
938 1079 1140 1126 proventus
1162 1079 1198 1111 et
1218 1073 1304 1123 jura
1327 1073 1448 1111 dictae
1470 1075 1749 1125 praepositurae

207 1150 352 1175 annexa
369 1142 406 1174 et
422 1136 470 1174 de
491 1136 642 1186 juribus
667 1141 704 1173 et
726 1135 958 1187 pertinentiis
981 1134 1148 1184 ejusdem
1171 1132 1450 1184 praepositurae
1466 1132 1514 1170 ab
1530 1133 1696 1183 antiquis
1713 1139 1748 1170 et

145 1203 148 1206 ⁴
206 1195 398 1237 retroactis
417 1195 648 1246 temporibus
666 1207 744 1232 esse
761 1199 797 1231 et
814 1194 928 1231 fuisse
945 1198 981 1230 et
999 1206 1077 1230 esse
1094 1192 1231 1230 debere
1246 1195 1463 1237 noscuntur,
1480 1191 1588 1241 cujus
1602 1192 1749 1229 cancel-

206 1254 317 1291 lariae
337 1258 537 1304 proventus
555 1258 591 1291 et
603 1253 688 1303 jura
707 1265 776 1304 pro
794 1266 882 1290 suae
896 1252 1004 1290 libito
1017 1251 1221 1288 voluntatis
1235 1254 1363 1287 contra
1374 1249 1556 1299 justitiam
1568 1279 1577 1291 ,
1591 1263 1749 1287 consue-

206 1312 354 1350 tudines
379 1316 416 1350 et
435 1312 628 1363 privilegia
653 1311 852 1362 Brugensis
874 1310 1048 1348 ecclesiae
1071 1315 1109 1347 et
1129 1309 1405 1360 praepositurae
1422 1308 1651 1359 praedictae.
1667 1308 1744 1358 jam

205 1371 270 1408 diu
291 1375 367 1416 est,
387 1375 587 1421 occuparat
604 1375 640 1407 et
657 1375 833 1420 occupat,
858 1375 895 1407 et
920 1369 1045 1406 adhuc
1069 1381 1145 1406 non
1172 1369 1252 1406 sinc
1277 1368 1396 1405 multo
1414 1367 1589 1405 scandalo
1607 1374 1641 1404 et
1660 1381 1747 1405 suae

202 1429 331 1466 salutis
349 1428 547 1480 dispendio
565 1428 706 1466 detinet
718 1433 918 1479 occupatos
929 1457 939 1473 ,
954 1428 993 1464 in
1009 1427 1185 1478 injuriam
1200 1432 1233 1464 et
1249 1439 1446 1477 gravamen
1461 1426 1662 1476 praepositi
1677 1440 1746 1463 an-

204 1487 347 1533 tedicti,
366 1487 540 1524 eumdem
565 1486 761 1524 dominum
782 1486 964 1524 Leonium
983 1486 1235 1536 praepositum
1255 1485 1482 1535 Brugensem
1501 1483 1598 1520 idem
1622 1484 1747 1521 ‹lomi-

206 1559 275 1583 nus
293 1559 437 1591 comes,
470 1559 583 1596 super
609 1545 681 1582 hoc
704 1545 815 1582 etiam
842 1559 862 1582 a
889 1545 999 1582 nobis
1017 1545 1073 1581 vel
1093 1544 1140 1581 de
1172 1543 1348 1581 mandato
1374 1548 1502 1580 nostro
1527 1543 1746 1581 auctoritate

203 1604 408 1655 praedicta,
424 1604 502 1653 jam
520 1603 587 1640 diu
613 1609 686 1646 est,
713 1603 875 1654 legitime
904 1616 947 1640 ac
972 1606 1224 1652 competenter
1249 1607 1285 1638 et
1310 1601 1381 1638 sub
1399 1606 1498 1638 certa
1512 1602 1642 1647 [οι-ωε,
1662 1615 1744 1639 om-

204 1662 319 1713 nique
344 1662 555 1699 maturitate
579 1662 692 1712 s'uper
716 1662 788 1699 hoc
815 1661 1001 1708 adhibita,
1026 1661 1190 1698 monitus
1212 1666 1250 1698 ct
1265 1666 1417 1711 propter
1441 1661 1521 1710 ejus
1546 1666 1743 1698 contuma-

205 1721 300 1758 ciam
320 1720 684 1766 excommunicatus,
702 1720 872 1771 exigente
885 1720 1030 1770 justitia
1049 1733 1069 1756 a
1090 1719 1216 1764 nobis,
1234 1724 1347 1770 prout
1372 1719 1410 1755 in
1433 1718 1606 1768 legitimis
1624 1719 1743 1755 docu-

204 1779 338 1816 mentis
354 1791 468 1830 super
486 1778 558 1815 hiis
579 1779 756 1816 confectis
775 1778 866 1815 haec
883 1783 918 1815 et
931 1778 1001 1815 alia
1017 1778 1164 1827 plenius
1178 1777 1428 1821 continentur-2
1445 1789 1520 1814 non
1539 1777 1746 1822 admiserit.v

205 1851 272 1875 nec
289 1837 475 1882 admittat‚
499 1837 562 1874 sed
595 1837 789 1874 admittere
819 1836 1086 1874 contradixerit
1110 1842 1146 1873 et
1171 1841 1332 1882 recuset,
1357 1849 1425 1872 nec
1446 1835 1567 1872 eidem
1587 1835 1742 1873 domino

203 1895 415 1948 praeposito
433 1895 480 1932 de
496 1897 715 1933 cancellaria
730 1897 808 1946 jam
827 1895 937 1942 dicta,
957 1895 1112 1946 ejusque
1134 1895 1376 1946 proventibus
1393 1899 1429 1931 et
1443 1894 1612 1944 juribus7
1631 1899 1743 1944 prout

201 1955 312 1992 debet
327 1961 363 1992 et
377 1955 518 2001 debuit,
535 1955 749 2006 responderi
766 1955 903 1998 fecerit,
919 1968 986 1992 nec
1001 1955 1156 2001 curarit,
1173 1968 1241 1992 nec
1258 1959 1362 1991 curet
1377 1955 1495 1991 facere
1514 1953 1742 2003 responderi.

203 2025 430 2063 quamquam
453 2014 758 2064 praenominatus
779 2013 956 2051 dominus
980 2013 1212 2064 praepositus
1232 2013 1405 2063 pluribus
1430 2011 1662 2061 diversisque
1685 2011 1742 2047 vi-

203 2070 310 2107 cibus
327 2083 412 2108 cum
432 2073 608 2122 temporis
627 2072 792 2123 legitimo
818 2077 854 2109 et
878 2073 1006 2110 debito
1033 2072 1241 2117 intervalla,
1267 2085 1353 2108 cum
1390 2070 1538 2115 effectu,
1564 2069 1677 2106 niodo
1707 2074 1741 2106 et

205 2130 322 2165 forma
340 2129 476 2168 debitis
495 2136 747 2181 competenter
763 2131 942 2168 obtulerit
960 2144 998 2169 se
1015 2135 1184 2181 paratum
1203 2130 1359 2166 domino
1383 2128 1508 2165 comiti
1537 2132 1741 2164 memorato

204 2194 239 2225 ct
258 2193 408 2239 paratus
427 2190 554 2235 fuerit,
572 2196 608 2227 et
624 2191 695 2236 sic,
715 2191 858 2228 ratione
878 2190 1117 2227 cancellariae
1135 2188 1360 2239 praedictae,
1379 2190 1533 2237 ejusque
1552 2187 1742 2237 pertinen-

204 2248 338 2285 tiarum
357 2252 393 2284 et
407 2248 573 2297 jurium,
585 2249 752 2286 debitum
774 2250 988 2300 homagium
1008 2254 1043 2286 et
1060 2248 1282 2298 obsequium
1303 2247 1403 2284 dicto
1421 2246 1575 2283 domino
1594 2245 1719 2283 comiti
1732 2275 1740 2291 ,

203 2312 313 2357 prout
331 2307 428 2344 idem
448 2307 624 2345 dominus
642 2309 876 2359 praepositus
894 2309 939 2345 ad
959 2308 1030 2344 hoc
1049 2306 1163 2344 teneri
1185 2306 1334 2357 poterit,
1354 2306 1472 2342 facere
1486 2310 1522 2342 et
1538 2310 1739 2355 praestare:

204 2365 358 2412 idcirco7
373 2378 458 2402 cum
474 2365 684 2403 obedientia
697 2367 750 2403 ‘nil
767 2367 940 2418 prodesse
954 2366 1105 2403 deberet
1119 2365 1342 2411 humilibus,
1357 2364 1386 2401 si
1402 2368 1636 2413 contemptus
1651 2376 1741 2399 con-

204 2423 413 2461 tumacibus
429 2437 503 2461 non
518 2424 678 2470 obesset³
695 2430 730 2462 et
744 2426 972 2463 incremento
987 2425 1200 2462 rebellionis
1214 2428 1250 2460 et
1263 2423 1520 2461 contumaciae
1533 2421 1739 2458 accedente.
