2184 3074
739 318 900 357 CODEX
926 320 1169 359 DUNENsls.
1651 329 1720 365 ¹55

927 484 981 521 (ΣΙ.

185 602 306 639 Leetre
325 601 369 639 de
387 599 500 640 l’abbe'
517 600 560 638 de
583 599 730 638 ΤῘιοεαη
748 600 915 638 adresse'e
938 601 960 637 ἁ
979 600 1057 638 l'un
1079 601 1140 638 des
1167 602 1228 652 fils
1253 604 1296 640 de
1322 605 1397 642 Gui
1417 605 1460 642 de
1478 607 1712 655 Dampierre,

623 659 772 696 relative
797 659 820 696 ἀ
843 658 878 696 la
897 661 1012 696 meme
1029 662 1271 698 contestation.

232 854 325 891 Cum
353 867 398 891 ex
415 853 563 904 speciali
591 854 715 890 favore
737 858 772 890 et
796 853 992 890 devotione
1010 867 1123 904 quam
1143 868 1207 892 vos
1229 860 1264 892 ct
1282 859 1391 893 vestri
1418 857 1714 907 praedecessores

183 926 267 964 erga
285 913 455 950 ordinem
475 917 642 950 nostrum
667 911 849 949 habuistis
871 917 906 949 et
930 912 1097 950 habetis.
1122 914 1268 964 gratiis,
1291 915 1493 965 privilegiis
1511 921 1547 952 ct
1564 916 1714 953 liberta-

183 971 283 1008 tibus
300 970 408 1008 nobis
432 970 614 1008 concessis
633 983 652 1006 a
679 969 772 1008 Sede
799 958 1010 1020 Apostolica
1035 971 1150 1009 libere
1178 972 1233 1009 usi
1254 972 1433 1010 fuerimus
1456 978 1492 1010 et
1508 979 1658 1010 utamur
1677 975 1713 1010 in

182 1030 284 1068 omni
309 1034 404 1067 terra
426 1034 563 1076 vestra
587 1043 688 1067 nunc
709 1042 862 1081 quoque
883 1031 1044 1082 religiosi
1071 1031 1141 1069 viri
1166 1032 1280 1070 abbas
1302 1038 1337 1069 et
1363 1039 1568 1071 conventus
1592 1035 1713 1072 Sancti

183 1089 343 1127 Bavonis
367 1088 620 1126 Gandavensis
645 1088 799 1125 dilectos
827 1093 972 1126 nostros
999 1090 1170 1126 abbatem
1192 1095 1228 1127 et
1253 1096 1477 1128 conventum
1498 1091 1543 1128 dc
1570 1093 1714 1142 Capella

182 1160 295 1198 super
319 1147 544 1198 quibusdam
569 1146 742 1193 decimis,
765 1151 893 1184 contra
921 1148 1035 1184 nostri
1063 1148 1205 1186 ordinis
1237 1149 1445 1200 privilegia,
1470 1150 1648 1200 graviter.v
1676 1156 1715 1187 ut

183 1205 452 1251 intelleximus,
479 1205 688 1255 inquietent
709 1217 774 1241 seu
797 1205 1003 1255 inquietare
1031 1206 1243 1253 intendant7
1275 1208 1482 1257 praeclarae
1514 1208 1715 1246 nobilitatis

183 1269 323 1302 vestrae
349 1264 660 1315 magnificentiam
685 1264 946 1314 imploramus,
964 1265 1096 1302 humili
1117 1279 1268 1316 precum
1296 1267 1469 1304 instantia
1488 1268 1714 1317 postulantes

183 1327 366 1374 quatenus
390 1322 508 1360 dictos
534 1323 706 1360 abbatem
738 1327 774 1360 et
795 1329 1019 1361 conventum
1047 1324 1092 1361 de
1119 1325 1265 1375 Capella
1293 1317 1419 1362 contra
1448 1327 1714 1376 possessionem

183 1394 287 1420 suam
307 1381 498 1431 pacificam
517 1385 553 1418 et
576 1382 760 1432 quietam,
786 1382 883 1419 sicut
900 1382 1016 1420 felicis
1041 1383 1307 1420 recordationis
1329 1384 1518 1434 quondam
1541 1385 1714 1422 dominus

183 1439 323 1485 Guido,
342 1443 446 1490 pater
463 1444 600 1487 vester,
620 1440 748 1478 secisse
767 1441 992 1488 dinoscitur7
1016 1455 1090 1479 non
1109 1443 1238 1480 sinatis
1260 1443 1493 1494 aliquatenus
1513 1444 1713 1482 molestari,

183 1498 301 1536 donec
318 1511 408 1549 pace
427 1499 481 1535 vel
500 1499 743 1550 competentis
757 1499 896 1550 judicis
914 1501 1094 1538 sententia
1112 1501 1253 1539 dictum
1274 1503 1462 1553 negotium
1482 1503 1714 1549 terminetur,

183 1557 272 1608 ipsis
289 1570 351 1594 vos
369 1557 586 1594 exhibentes
605 1558 643 1594 in
662 1558 872 1608 praemissis
894 1564 931 1596 et
950 1559 1030 1596 aliis
1050 1561 1270 1597 favorabiles
1290 1566 1325 1597 ct
1342 1561 1542 1610 benignos,
1569 1567 1605 1598 ut
1631 1562 1715 1598 inde

182 1615 289 1652 vobis
303 1615 451 1652 divinae
469 1615 726 1653 retributionis
744 1622 926 1654 accrescat
943 1618 1133 1663 cumulus7
1148 1623 1182 1655 et
1200 1632 1325 1669 preces
1343 1620 1373 1656 si
1392 1624 1458 1656 etc.

890 1739 1002 1747 —Q-u—

909 1871 983 1908 Cll.

354 1989 478 2026 Lettre
496 1988 645 2026 relative
663 2001 740 2025 aux
754 1987 951 2038 privileqes
969 1988 1139 2026 accorde's
1156 2001 1235 2025 aux
1253 1994 1365 2024 lewes
1383 1987 1537 2024 novales.

233 2184 325 2221 Cum
359 2186 474 2223 felicis
506 2186 772 2224 recordationis
803 2185 978 2222 dominus
1010 2184 1224 2222 Bonisacius
1256 2196 1350 2234 papa
1390 2182 1503 2219 vinu·
1542 2182 1714 2218 universo

184 2241 416 2280 Cisterciensi
434 2244 557 2281 ordini
575 2245 797 2282 concesserit
814 2249 854 2281 ut
869 2244 966 2281 idem
985 2244 1076 2280 ordo
1096 2242 1142 2278 de
1161 2241 1265 2278 terris
1284 2241 1359 2277 suis
1374 2239 1482 2276 cultis
1501 2244 1536 2276 et
1550 2238 1714 2276 colendis

183 2299 229 2336 de
252 2301 391 2350 quibus
419 2302 544 2339 nullus
569 2302 753 2353 primitias
778 2303 834 2339 vel
863 2302 1025 2339 decimas
1047 2299 1225 2351 percepit,
1249 2299 1277 2334 si
1303 2311 1396 2348 quas
1420 2297 1498 2347 ipsc
1521 2297 1613 2334 ordo
1633 2297 1714 2333 aliis

184 2358 377 2396 tradiderit
397 2360 633 2406 excolendas,
657 2360 780 2397 nullus
811 2374 830 2396 a
854 2360 995 2397 colonis
1021 2359 1097 2396 suis
1121 2357 1282 2394 decimas
1309 2355 1488 2406 percipiat
1507 2356 1584 2392 sive
1609 2356 1711 2391 levet.

183 2428 325 2467 nosque
350 2418 395 2454 de
416 2417 515 2454 dicto
536 2417 668 2454 ordine
694 2418 890 2454 existentes
914 2423 997 2468 post
1027 2414 1242 2465 hujusmodi
1268 2413 1543 2450 concessionem
1567 2413 1711 2462 aliquas

1532 2471 1580 2507 ’ΞΟ
