2184 3074
451 335 500 372 98
659 323 661 325 ’
1007 321 1169 369 οουΕΧ
1194 330 1440 390 DUNENsls.

451 449 731 495 municationis,
752 462 797 485 ne
815 447 1032 497 hujusmodi
1053 448 1200 497 negotio
1220 447 1319 497 apud
1339 446 1472 483 Sedem
1491 446 1659 483 eamdem
1676 447 1862 497 pendente
1878 446 1987 498 quic-

450 524 563 561 quam
594 511 690 547 circa
721 510 792 545 hoc
819 509 1041 545 innovarent
1073 508 1130 544 vel
1167 512 1429 558 attemptarent
1464 521 1528 545 seu
1559 509 1769 558 attemptari
1800 522 1866 559 per
1895 509 1986 545 alios

449 573 711 620 procurarent,
738 582 780 604 ac
806 568 969 604 decrevit
999 571 1136 604 extunc
1167 567 1312 604 irritum
1345 572 1381 604 et
1403 568 1513 604 inane
1538 567 1568 604 si
1599 567 1692 617 quid
1724 572 1851 605 contra
1881 581 1985 605 suam

451 627 714 664 inhibitionem
733 625 948 675 hujusmodi
969 625 1200 675 contingeret
1219 625 1441 676 attemptari.

498 686 572 722 Nos
603 685 712 721 etiam
742 689 831 720 tunc
857 697 924 733 per
950 687 1093 720 nostras
1119 683 1207 720 certi
1234 684 1373 720 tenoris
1400 683 1538 720 litteras
1569 682 1714 720 dilectis
1743 683 1832 720 filiis
1862 683 1986 721 Sancti

449 742 617 779 Andreae
636 742 743 790 juxta
769 742 912 791 Brugas
938 755 980 777 ac
1004 741 1050 777 dc
1072 741 1181 777 Dulci
1209 741 1312 778 Valle
1330 741 1438 790 juxta
1463 740 1751 791 Erdenburgum
1779 741 1989 791 praedictae

448 799 691 837 Tornacensis
715 799 885 848 dyocesis
913 799 1223 836 monasteriorum
1247 799 1448 836 abbatibus
1475 798 1647 836 dedimus
1673 799 1712 835 in
1739 799 1923 836 mandatis
1947 803 1989 836 ut

449 857 519 907 ipsi
536 857 592 892 vel
608 857 699 893 alter
712 856 896 906 ipsorum,
910 870 977 906 per
994 870 1032 893 se
1050 857 1107 892 vel
1126 870 1193 906 per
1210 856 1325 893 alium
1344 869 1408 893 seu
1427 857 1534 903 alios,
1553 856 1740 906 praedicta
1758 857 1988 903 mandatum,

449 915 729 960 relaxationem,
747 914 1019 951 revocationem
1040 919 1076 951 et
1093 914 1357 951 inhibitionem
1377 914 1576 952 cardinalis
1601 914 1718 965 ipsius
1736 914 1782 951 ad
1801 914 1987 952 dictorum

449 972 632 1023 episcopi,
651 973 796 1010 abbatis
814 977 850 1009 et
866 973 1024 1010 aliorum
1039 986 1202 1024 quorum
1218 974 1409 1011 interesset
1423 973 1594 1010 notitiam
1609 973 1850 1020 deducentes,
1865 987 1906 1011 ea
1921 973 1988 1011 ubi

449 1034 485 1065 et
500 1030 653 1080 quando
672 1031 848 1081 expedire
866 1031 1036 1068 viderent
1051 1031 1244 1082 publicare
1265 1032 1521 1082 sollempniter
1537 1036 1800 1082 procurarent,
1819 1036 1931 1082 prout
1949 1031 1988 1069 in

449 1086 540 1137 ipsis
566 1089 702 1125 nostris
729 1089 860 1126 litteris
888 1089 1063 1126 seriosius
1088 1089 1338 1127 continentur.
1367 1089 1522 1136 Verum,
1541 1089 1626 1127 licet
1643 1089 1861 1139 hujusmodi
1881 1103 1989 1127 man—

449 1146 594 1193 datum,
623 1148 818 1195 relaxatio,
845 1148 1031 1185 revocatio
1056 1153 1092 1186 et
1117 1149 1293 1186 inhibitio
1320 1148 1518 1185 cardinalis
1543 1148 1721 1199 praedicti
1747 1148 1795 1185 ad
1820 1148 1988 1199 ipsorum

449 1203 612 1254 episcopi
626 1210 662 1241 et
675 1205 820 1243 abbatis
834 1219 876 1243 ac
885 1206 1044 1243 aliorum
1055 1220 1218 1257 quorum
1234 1207 1385 1244 interest
1393 1206 1532 1243 fuerint
1542 1206 1621 1255 jam
1631 1206 1790 1243 deducta
1805 1206 1989 1254 notitiam,

450 1275 526 1298 non
552 1267 674 1299 tamen
698 1277 740 1300 ca
763 1277 831 1314 per
856 1265 1113 1314 presbyteros,
1132 1265 1342 1315 capellanos
1361 1269 1395 1301 et
1414 1264 1606 1302 ministros
1624 1263 1791 1314 ejusdem
1815 1265 1990 1302 ecclesiae

449 1325 538 1357 sunt
551 1326 691 1358 servata
702 1350 711 1368 ,
725 1322 790 1359 sed
805 1323 940 1360 omissa
959 1323 1108 1373 penitus
1125 1328 1161 1360 et
1178 1328 1406 1374 contempta,
1426 1323 1606 1360 ministris
1624 1323 1715 1374 ipsis
1734 1323 1988 1374 insrascriptas

450 1379 728 1427 opponentibus
749 1380 985 1431 exceptiones
1011 1385 1048 1418 et
1071 1394 1199 1418 causas
1222 1395 1338 1432 quare
1356 1382 1543 1432 praedicta
1561 1380 1738 1418 dicebant
1759 1395 1835 1419 non
1853 1382 1989 1420 debere

450 1435 684 1486 aliquatenus
709 1438 921 1475 observari:
948 1439 1071 1489 primo
1093 1440 1267 1476 videlicet
1288 1440 1391 1490 quod
1416 1440 1512 1476 fama
1534 1444 1612 1476 erat
1634 1440 1736 1490 quod
1762 1440 1916 1490 quidam
1943 1441 1990 1479 de

450 1494 547 1531 dicta
565 1496 717 1534 ecclesia
738 1498 858 1535 fuerat
880 1499 1062 1536 violenter
1085 1504 1270 1537 extractus
1289 1505 1324 1536 et
1343 1500 1452 1550 longe
1470 1500 1518 1536 ab
1536 1499 1615 1550 ipsa
1637 1499 1789 1536 ecclesia
1816 1499 1991 1537 intersec-

451 1561 529 1602 tus3
548 1558 713 1595 secundo
728 1560 831 1609 quod
845 1560 999 1610 quidam
1014 1561 1170 1598 clericus
1185 1561 1256 1597 fuit
1273 1561 1338 1598 ubi
1359 1575 1479 1611 usque
1497 1560 1544 1598 ad
1562 1561 1754 1611 sanguinis
1771 1560 1990 1598 effusionem

451 1628 668 1666 percussus,
689 1618 795 1655 tertio
813 1619 917 1668 quod
934 1619 1089 1670 quidam
1108 1619 1202 1656 alius
1221 1620 1376 1656 clericus
1395 1619 1433 1656 in
1458 1619 1653 1668 cymiterio
1677 1618 1796 1656 dictae
1818 1618 1991 1656 ecclesiae

452 1675 574 1711 extitit
597 1677 836 1714 vulneratus:
862 1691 958 1728 quae
985 1683 1107 1715 tamen
1133 1692 1328 1729 nunquam
1360 1683 1444 1715 ante
1474 1678 1740 1715 relaxationem
1773 1677 1991 1727 hujusmodi

453 1732 560 1769 initio
578 1734 635 1770 vel
653 1748 829 1784 processu
847 1736 956 1786 litigii
976 1737 1166 1787 proposita
1184 1750 1262 1774 esse
1279 1737 1468 1773 dicuntur.
1488 1736 1695 1787 Episcopus
1713 1736 1823 1773 etiam
1848 1748 1992 1773 memo-

453 1797 554 1829 ratus
572 1793 709 1830 dicitur
724 1794 942 1831 afflictiones
960 1795 1227 1833 afflictionibus
1245 1797 1454 1833 cumulasse
1471 1796 1542 1833 sub
1560 1795 1991 1832 excommunicationum

454 1854 490 1887 et
511 1851 798 1901 suspensionum
821 1853 950 1902 poenis
969 1853 1041 1890 hoc
1065 1853 1146 1903 ipso
1170 1853 1339 1900 inflictis,
1357 1854 1578 1903 generaliter
1599 1853 1807 1890 inhibendo
1834 1866 1880 1889 ne
1905 1852 1991 1902 quis

454 1910 623 1947 sacerdos
641 1911 698 1947 vel
717 1911 872 1948 clericus
896 1912 972 1948 sive
991 1912 1028 1948 in
1047 1912 1175 1949 eadem
1200 1913 1368 1959 ecclesia,
1392 1913 1633 1949 beneficiatus
1659 1912 1736 1949 sive
1754 1925 1830 1949 non
1849 1911 1992 1948 benefi-

454 1967 571 2005 ciatus
590 1969 736 2016 existat,
756 1969 794 2006 in
814 1970 893 2020 ipsa
919 1971 1052 2007 audeat
1077 1971 1263 2008 celebrare
1289 1971 1434 2017 divina,
1462 1985 1504 2008 ac
1531 1971 1707 2012 omnibus
1734 1970 1991 2021 parrochianis

454 2026 572 2076 ipsius
589 2028 763 2064 ecclesiae
781 2041 827 2064 ne
845 2028 983 2065 divinis
1001 2029 1132 2066 officiis
1149 2029 1323 2067 interesse
1337 2033 1576 2080 praesumant
1589 2029 1627 2065 in
1645 2042 1755 2079 grave
1775 2028 1992 2065 scandalum

454 2086 729 2135 praedictorum
755 2087 991 2137 provisorum
1019 2092 1054 2124 et
1080 2088 1210 2138 populi
1234 2093 1270 2125 et
1292 2088 1420 2125 salutis
1445 2101 1595 2126 suarum
1618 2087 1891 2137 praejudicium
1909 2085 1993 2123 ani·
2062 2102 2065 2104 “

455 2157 612 2181 marum.
632 2145 814 2192 Quocirca
833 2159 900 2183 nos
919 2159 1030 2196 super
1051 2146 1122 2183 hoc
1143 2160 1187 2183 ex
1207 2147 1330 2183 officio
1349 2151 1475 2184 nostro
1497 2151 1532 2183 et
1549 2146 1738 2196 potestatis
1758 2144 1993 2195 plenitudine

456 2202 651 2252 providere
668 2204 832 2241 volentes
852 2218 898 2240 ne
914 2218 981 2255 per
998 2205 1123 2255 aliqua
1146 2205 1376 2255 subterfugia
1397 2205 1454 2241 vel
1477 2204 1704 2250 delusiones,
1722 2217 1818 2252 quae
1843 2203 1882 2239 in
1904 2215 1994 2253 pro-

456 2260 699 2298 tractionibus
725 2262 928 2312 litigiorum
957 2262 1172 2312 hujusmodi
1199 2263 1407 2300 adinveniri
1434 2263 1580 2313 saepius
1607 2262 1745 2307 solent,
1772 2261 1933 2311 populus
1958 2264 1995 2296 et

456 2331 636 2368 personae
653 2319 836 2357 dictarum
855 2322 1029 2359 ecclesiae
1046 2335 1089 2358 ac
1106 2322 1215 2358 villae
1233 2322 1362 2358 divino
1385 2322 1487 2358 cultu
1511 2326 1546 2357 et
1571 2323 1886 2357 sacramentorum
1912 2331 1994 2354 am-

459 2376 730 2414 ministratione
747 2378 984 2426 fraudentur,
1002 2380 1218 2416 discretioni
1236 2383 1377 2416 vestrae
1403 2393 1470 2430 per
1496 2378 1696 2429 apostolica
1723 2378 1859 2427 scripta
1886 2389 1994 2412 man-

459 2434 591 2471 damus
613 2439 797 2485 quatenus
819 2450 884 2473 vos
906 2437 962 2473 vel
987 2438 1078 2474 alter
1094 2442 1258 2475 vestrum
1284 2438 1331 2474 ad
1354 2438 1557 2488 praefatam
1577 2436 1788 2482 ecclesiam,
1812 2435 1858 2471 ad
1879 2447 1991 2485 quam
