2184 3074
735 291 897 329 CODEX
925 292 1169 331 DUNENSlS.
1651 297 1711 334 ยน5ยน

183 408 400 446 facultatum
420 414 455 446 et
473 408 609 459 negotii
633 408 828 459 qualitates
848 413 972 446 taxare
989 408 1150 446 habeant
1168 409 1378 447 subsidium
1404 411 1651 458 moderatum,
1677 428 1719 451 ae

183 467 468 515 nichilominus,
495 467 524 505 si
549 467 665 518 aliqui
689 481 734 504 ex
754 468 917 518 praefato
944 468 1042 504 clero
1069 481 1087 504 a
1113 469 1358 519 praestatione
1386 470 1542 508 subsidii
1566 473 1718 522 praefati

182 526 276 564 sorte
305 526 562 573 dissenserint,
590 526 688 577 ipsos
715 526 760 563 ad
789 526 827 563 id
853 531 889 564 et
915 527 1203 565 contradictores
1224 529 1413 579 quoslibet
1438 543 1503 581 per
1525 543 1717 569 censuram

182 585 484 634 ecclesiasticam,
501 585 750 636 appellatione
767 585 987 636 postposita,
1013 585 1262 632 cohercerent.v
1283 593 1395 638 prout
1415 587 1452 625 in
1477 588 1606 626 litteris
1628 603 1719 627 con-

182 643 397 682 cessionum
412 643 629 693 hujusmodi
646 643 821 681 seriosius
838 644 1060 682 continetur.

232 701 369 739 Verum
390 715 510 752 nuper
525 715 592 752 pro
611 706 714 752 parte
732 701 925 752 praelibati
946 702 1039 752 regis
1054 708 1180 740 nostro
1197 703 1265 740 suit
1280 705 1500 754 apostolatui
1517 711 1716 743 reseratum

181 760 284 811 quod
314 760 570 798 concessiones
599 760 806 811 praedictae
834 761 870 797 in
898 774 1073 812 magnum
1104 761 1269 811 ejusdem
1299 763 1394 813 regis
1422 769 1457 800 et
1479 764 1580 814 regni
1603 765 1659 801 sni
1683 770 1718 802 et

182 818 432 858 habitantium
452 819 490 856 in
510 819 657 862 eodem,
677 823 712 856 et
728 820 942 869 praesertim
967 820 1204 857 ecclesiarum
1231 826 1267 857 et
1284 822 1612 860 ecclesiasticarum
1633 837 1718 873 per-

181 889 359 915 sonarum
394 877 498 927 regni
533 877 711 914 Franciae
749 876 849 914 dicto
884 877 1074 914 comitatui
1105 878 1312 916 vicinarum
1350 885 1386 916 et
1416 880 1512 917 bona
1547 881 1585 918 in
1617 882 1717 919 dieto

182 936 360 974 comitatu
379 935 598 974 habentium
618 935 831 973 redundant
856 936 1145 986 praejudicium,
1169 937 1448 976 incommodum
1472 944 1508 976 et
1520 939 1715 989 jacturam.

181 994 304 1043 Quare
335 994 444 1032 nobis
473 994 561 1032 fecit
591 993 784 1031 humiliter
807 994 1009 1045 supplicari
1039 995 1141 1045 quod
1170 1009 1236 1033 nos
1262 1010 1433 1034 revocare
1463 998 1716 1036 concessiones

182 1052 398 1103 hujusmodi
419 1053 670 1104 dignaremur.

231 1110 308 1149 Nos
323 1124 411 1149 vero
435 1111 501 1162 qui
520 1111 697 1148 omnibus
716 1125 845 1149 sumus
870 1113 907 1149 in
923 1112 1066 1162 justitia
1085 1113 1270 1150 debitores
1293 1119 1329 1151 et
1345 1114 1513 1151 omnium
1538 1115 1716 1153 debemus

181 1160 339 1219 injurias
357 1173 392 1206 et
410 1169 637 1220 praejudicia
656 1169 810 1217 evitare,
829 1171 917 1221 quia
937 1170 982 1207 de
1000 1171 1197 1222 praedictis
1215 1172 1261 1208 ad
1280 1172 1431 1223 plenum
1452 1173 1620 1211 notitiam
1641 1188 1715 1212 non

181 1229 382 1276 habemus,
413 1230 460 1267 ad
487 1222 760 1282 praedictarum
792 1231 839 1268 ad
868 1245 1040 1282 praesens
1066 1233 1336 1270 revocationem
1364 1246 1438 1270 non
1470 1235 1717 1284 processimus

180 1288 402 1339 gratiarum,
429 1289 527 1340 ipsas
553 1293 675 1326 tamen
706 1289 841 1340 gratias
873 1303 937 1327 seu
967 1290 1237 1337 concessiones,
1263 1291 1558 1337 commissiones,
1582 1306 1716 1329 execu-

182 1347 302 1384 tiones'
320 1351 357 1384 et
373 1347 511 1385 litteras
529 1361 641 1398 super
659 1347 732 1385 hiis
749 1361 941 1386 concessas
957 1354 993 1386 et
1010 1349 1122 1386 factas
1134 1379 1142 1395 ,
1162 1349 1198 1386 in
1218 1354 1400 1400 quantum
1421 1363 1484 1386 vos
1502 1355 1537 1387 et
1555 1356 1716 1388 vestrum

182 1405 389 1456 quemlibet
409 1410 556 1456 tangere
574 1411 793 1453 noscuntur,
812 1407 936 1457 quoad
963 1421 1112 1445 omnem
1137 1421 1245 1445 suum
1265 1407 1452 1454 effectum,
1470 1422 1618 1446 exnunc
1635 1423 1718 1447 sus-

181 1462 382 1514 pendimus
399 1468 435 1501 et
447 1465 621 1502 volumus
636 1478 784 1502 manere
799 1478 996 1517 suspensas
1006 1496 1015 1513 ,
1030 1466 1149 1504 donec
1163 1467 1208 1503 de
1222 1467 1419 1518 praedietis
1438 1467 1583 1517 plenius
1599 1467 1717 1504 insor-

181 1522 270 1560 mali
289 1523 395 1560 aliter
412 1523 629 1561 duxerimus
649 1523 916 1572 ordinandum,
943 1526 1049 1563 vobis
1074 1532 1109 1563 et
1131 1531 1293 1569 vestrum
1317 1527 1487 1571 cuilibet,
1513 1540 1655 1564 necnon
1682 1533 1718 1564 et

181 1581 461 1628 executoribus,
473 1582 666 1632 Judicibus
692 1588 727 1620 et
747 1585 1011 1622 commissariis
1040 1586 1347 1636 quibuscunque,
1379 1599 1490 1636 super
1519 1586 1717 1636 praedictis

182 1639 308 1691 gratiis
326 1645 362 1678 et
379 1641 681 1679 concessionibus
699 1643 755 1679 vel
773 1656 903 1691 eorum
922 1644 1048 1694 aliquo
1068 1644 1267 1694 deputatis,
1289 1658 1334 1680 ne
1353 1644 1538 1694 praedicta
1559 1657 1716 1695 suspen-

183 1701 286 1738 sione
300 1701 458 1738 durante
476 1702 532 1739 vel
551 1702 597 1739 de
615 1702 811 1753 praedietis
830 1704 885 1740 vel
905 1704 1032 1754 aliquo
1051 1704 1324 1755 praedictorum
1345 1705 1579 1754 aliquatenus
1600 1705 1718 1742 intro-

184 1759 351 1806 mittant,
384 1765 420 1797 et
447 1761 543 1798 idem
574 1762 773 1812 praedictis
809 1764 1069 1800 executoribus
1105 1764 1159 1800 vel
1193 1763 1456 1801 commissariis
1489 1763 1717 1810 inhibemus,

184 1816 422 1856 decernentes
441 1833 590 1857 exnunc
609 1820 754 1858 irritum
778 1826 814 1858 et
834 1821 942 1858 inane
951 1822 984 1859 ei
1000 1835 1104 1859 secus
1128 1827 1254 1859 eontra
1274 1822 1535 1859 inhibitionem
1556 1828 1716 1859 nostram

186 1874 402 1926 hujusmodi
419 1878 578 1916 scienter
595 1880 651 1916 vel
670 1879 884 1930 ignoranter
897 1894 916 1916 a
931 1893 1122 1931 quoquam
1141 1881 1335 1930 contigerit
1349 1880 1569 1930 attemptari.

234 1935 369 1972 Datum
388 1935 631 1988 Burdegaliae
650 1937 686 1974 in
708 1937 875 1975 kalendis
893 1939 1037 1989 augusti
1049 1969 1057 1984 ,
1078 1939 1314 1990 pontificatus
1335 1938 1449 1976 nostri
1468 1951 1565 1975 annio
1585 1938 1715 1988 primo.
