2184 3074
462 336 534 374 524
1012 327 1173 365 CODEX
1199 325 1443 364 DUNENSIS.

464 449 684 487 multimoda
702 444 1063 484 recommendatione
1087 443 1261 493 dignum,
1282 444 1393 492 prout
1416 439 1493 489 ejus
1517 439 1678 490 religiosi
1701 438 1901 476 eminentia
1924 450 1990 488 per

465 509 634 546 effectum
652 507 798 558 plenius
813 503 1047 556 approbavit,
1065 502 1111 539 ad
1130 501 1278 539 Vestrae
1296 498 1527 536 paternitatis
1545 497 1796 542 clementiam,
1814 497 1860 533 de
1877 496 1991 533 bene-

466 569 601 620 placito
620 572 656 604 et
672 566 846 603 mandato
869 563 1060 601 reverendi
1078 561 1192 613 patris
1212 561 1326 598 nostri
1351 559 1494 597 domini
1514 588 1625 596 .....
1645 558 1789 596 abbatis
1807 557 1992 596 Clareval-

467 626 600 672 lensis,
618 625 793 662 duximus
811 620 1157 666 transmittendum,
1183 623 1340 656 vestram
1368 631 1436 669 pro
1463 618 1543 668 ipso
1569 617 1834 667 benignitatem
1861 615 1993 653 affeetu

468 697 544 735 quo
565 695 763 734 possumus
785 679 955 731 ampliori
982 679 1220 729 deprecantes
1241 677 1416 728 quatinus
1441 675 1612 712 eumdem
1634 680 1677 712 ut
1700 675 1784 726 pius
1806 679 1910 726 pater
1935 686 1994 710 re-

468 743 642 780 deuntem
661 741 780 777 filium
796 738 957 776 caritatis
975 736 1144 787 amplecti
1163 735 1324 773 brachiis
1342 734 1463 771 velitis
1481 738 1517 771 et
1529 733 1614 771 sinu
1632 733 1846 770 clementiae
1863 731 1996 782 digne-

468 801 560 838 mini
579 800 783 837 confovere.
803 796 991 836 Universis
1007 807 1095 832 vero
1118 807 1184 845 per
1203 806 1298 844 quos
1316 792 1514 830 transitum
1533 791 1660 829 fecerit
1681 795 1745 828 aut
1762 803 1904 828 moram
1926 790 1996 827 ali-—

468 871 579 909 quam
611 869 697 893 casu
727 855 879 892 fortuito
912 853 1076 899 traxerit,
1108 851 1245 889 obnixe
1270 863 1442 902 rogamus
1467 854 1509 887 ut
1535 849 1670 896 eidem,
1699 849 1837 886 intui-tu
1863 848 1940 885 Dei·
1961 852 1998 884 et

469 917 611 955 ordinis
626 914 877 953 Cisterciensis
896 912 1100 958 reverendi,
1118 912 1156 949 in
1174 911 1254 948 viae
1273 915 1308 948 et
1331 910 1428 947 vitae
1446 922 1534 946 suae
1552 908 1765 946 necessariis
1787 907 1998 945 misericor-

471 975 566 1012 diter
584 978 619 1010 et
636 973 837 1010 liberaliter
852 971 1082 1016 coassistant,
1100 975 1135 1007 et
1153 969 1199 1006 de
1216 974 1364 1006 vectura
1383 967 1596 1014 sufficienti,
1615 980 1700 1004 cum
1719 978 1866 1003 necesse
1890 963 2001 1002 fuerit

471 1039 506 1071 et
523 1033 569 1070 ab
588 1033 667 1083 ipso
686 1030 854 1082 requisiti
874 1030 1029 1075 fuerint,
1049 1029 1204 1066 sollicite
1221 1027 1452 1079 provideant.

1179 1155 1290 1165 -0——

1148 1297 1345 1336 CCCLXV.

539 1418 659 1454 Lettre
676 1417 719 1454 de
737 1415 849 1453 l’abbe'
863 1416 906 1452 de
924 1415 1130 1452 Clairvauae
1147 1426 1216 1451 sur
1232 1414 1281 1451 les
1298 1411 1487 1450 malheurs
1504 1412 1547 1449 de
1563 1412 1598 1450 la
1615 1423 1749 1462 querre
1768 1416 1801 1447 et
1816 1422 1885 1447 sur
1904 1410 1940 1447 Ια

921 1473 1018 1510 dime
1036 1474 1058 1510 ἀ
1072 1485 1192 1523 payer
1208 1485 1259 1510 au
1277 1473 1336 1509 roi
1353 1471 1396 1508 de
1412 1471 1564 1508 France.
1606 1470 1613 1477 '

532 1667 815 1704 venerabilibus
834 1672 869 1704 et
889 1667 928 1703 in
945 1666 1092 1704 Christo
1111 1666 1314 1704 karissimis
1331 1694 1337 1702 .
1355 1695 1362 1702 .
1377 1695 1384 1702 .
1401 1695 1407 1702 .
1428 1664 1671 1702 coabbatibus
1684 1664 1730 1701 de
1748 1664 1912 1715 lgniaco,
1930 1668 2011 1709 etc,

484 1738 629 1762 necnon
647 1725 846 1775 prioribus,
865 1725 1083 1769 cellerariis,
1104 1729 1183 1771 etc.,
1200 1724 1415 1762 eorumdem
1436 1725 1546 1760 frater
1567 1723 1592 1760 l.
1619 1723 1727 1760 dictis
1750 1723 1846 1760 abba
1865 1722 2012 1760 Clarae-

483 1783 607 1829 vallis,
625 1784 779 1820 salutem
798 1788 834 1819 et
855 1796 939 1820 cum
958 1784 1209 1820 consolatione
1227 1783 1354 1821 Sancti
1370 1783 1530 1833 Spiritus
1556 1781 1717 1832 septiferi
1740 1782 1902 1818 fructum
1921 1780 2012 1818 obe-

484 1841 644 1878 dientiae
661 1842 870 1878 salutarem.

534 1901 671 1938 Crebre
684 1901 870 1951 profunda
885 1902 1066 1938 traximus
1080 1906 1116 1938 et
1128 1901 1252 1938 adhuc
1266 1901 1447 1939 trahimus
1465 1901 1624 1953 suspiria
1643 1913 1727 1937 cum
1747 1899 1858 1936 anxio
1876 1899 2015 1950 gemitu

487 1959 624 2005 cordis,
646 1960 812 1997 videntes
840 1961 972 1998 diebus
1000 1961 1134 1998 nostris
1157 1961 1327 1998 ordinem
1351 1965 1538 2007 nostrum,
1563 1963 1715 2011 propter
1740 1971 1906 2009 guerras,
1925 1958 2016 1995 sub-

487 2018 694 2063 ventiones,
720 2018 1015 2055 contributiones
1039 2024 1075 2055 et
1097 2018 1276 2066 decimas,
1302 2018 1559 2064 intollerabili,
1579 2018 1649 2055 nisi
1672 2016 1869 2055 subveniat
1890 2016 2017 2053 divina

488 2077 668 2126 potentia,
693 2077 812 2113 subici
839 2077 1016 2114 servituti.
1046 2077 1117 2115 Vos
1141 2077 1328 2128 siquidem
1354 2078 1466 2114 latere
1485 2089 1565 2114 -non
1590 2076 1775 2113 credimus
1804 2074 1963 2125 qualiter
1983 2078 2020 2111 et

490 2135 560 2171 sub
578 2147 651 2184 qua
670 2135 788 2171 forma
806 2135 1005 2172 verborum
1023 2136 1142 2173 vocati
1162 2136 1301 2172 fuerint
1326 2139 1361 2172 et
1383 2135 1481 2172 citati
1511 2148 1579 2185 per
1605 2134 1743 2171 litteras
1762 2132 1904 2170 domini
1924 2132 2020 2183 regis

490 2193 667 2231 Franciae
688 2193 788 2243 apud
810 2193 989 2240 Parisios,
1010 2194 1048 2231 in
1067 2194 1204 2231 octavis
1224 2207 1345 2244 nuper
1361 2193 1576 2245 praeteritae
1594 2191 1869 2230 Purificationis
1889 2191 2020 2228 Beatae

491 2253 640 2299 Mariae,
654 2253 824 2303 praelati,
842 2253 993 2291 abbates
1012 2254 1172 2304 exempti
1191 2258 1227 2291 et
1245 2267 1320 2291 non
1339 2253 1516 2304 exempti,
1529 2252 1690 2303 capitula
1705 2255 1741 2288 et
1758 2249 1913 2301 collegia
1931 2249 2023 2293 dicti

492 2310 596 2360 regni
626 2310 673 2346 ad
703 2311 966 2360 praestandum
993 2316 1146 2362 propter
1169 2325 1341 2363 guerram
1366 2311 1560 2349 Flandriae
1579 2309 1789 2348 subsidium
1807 2308 1907 2345 dicto
1931 2306 2020 2358 regi.

493 2367 630 2404 Verum
657 2369 860 2406 reverendo
882 2370 977 2419 patri
999 2370 1037 2406 in
1057 2370 1204 2408 Christo
1226 2370 1380 2407 domino
1396 2369 1641 2420 Cysterciensi
1659 2373 1696 2406 et
1711 2371 1873 2418 quatuor
1888 2365 2020 2416 primis

497 2425 694 2462 abbatibus
729 2430 764 2462 et
793 2427 1019 2476 quibusdam
1050 2428 1131 2465 aliis
1162 2428 1360 2465 abbatibus
1390 2427 1530 2465 ibidem
1556 2427 1653 2464 dicta
1688 2425 1748 2462 die
1779 2422 2022 2461 existentibus
