2184 3074
484 336 556 373 ⁴60
1032 333 1193 371 CODEX
1219 333 1467 371 DUNENSlS.

482 453 720 495 constitutus,
749 451 889 488 habens
913 451 1008 486 inter
1033 454 1172 486 caetera
1199 463 1266 499 per
1289 450 1436 487 easdem
1463 451 1602 489 litteras
1621 458 1836 503 potestatem
1855 460 1891 493 et
1908 469 2015 493 man-

482 511 609 547 datum
633 510 790 560 speciale
813 507 1140 558 provocationibus
1158 512 1194 544 et
1209 508 1521 558 appellationibus
1540 510 1830 563 quibuscunque
1849 513 2014 565 interpo-

483 570 562 606 sitis
586 569 661 605 sive
681 567 784 604 factis
803 571 866 602 aut
891 565 1170 616 interponendis
1194 579 1259 602 seu
1285 566 1462 603 faciendis
1481 566 1706 605 adhaerendi
1725 574 1761 606 et
1780 570 2013 622 infrascripta

481 627 658 672 faciendi,
686 625 1014 676 provocationibus
1044 629 1079 676 et
1103 625 1415 674 appellationibus
1439 639 1458 662 a
1486 627 1761 665 venerabilibus
1784 633 1820 666 et
1844 629 2013 668 discretis

479 686 568 722 viris
596 685 758 721 dominis
782 684 844 720 W.
872 683 1012 719 decano
1038 687 1074 719 et
1096 683 1259 733 capitulo
1282 683 1456 720 ecclesiae
1478 684 1744 732 Tomacensis,
1769 700 1834 724 seu
1858 688 2009 726 nomine

478 746 664 795 ipsorum,
684 748 719 779 et
736 756 804 792 pro
824 742 913 792 ipsis
932 755 974 778 ac
987 755 1116 778 eorum
1136 741 1288 778 ecclesia
1305 742 1530 780 Tornacensi
1548 747 1584 780 et
1601 757 1669 794 pro
1684 745 1860 783 omnibus
1879 750 1914 783 et
1931 746 2011 784 sin-

476 803 572 853 gulis
594 802 664 839 sibi
688 801 866 846 subditis,
885 800 1012 850 eisque
1034 799 1324 837 adhaerentibus
1351 805 1386 837 et
1415 801 1615 838 adhaerere
1633 803 1843 841 volentibus
1874 804 1913 841 in
1941 805 2010 842 hac

476 866 579 911 parte
607 863 734 896 contra
760 858 1011 895 venerabilem
1037 857 1160 894 virum
1187 858 1405 908 magistrum
1433 858 1686 907 Willelmum,
1704 861 2008 900 archidiaconum

476 919 621 969 Algiae,
642 919 680 954 in
699 917 850 954 ecclesia
876 916 1110 962 Lexoviensi,
1129 916 1195 966 qui
1221 930 1260 953 se
1277 917 1371 966 gerit
1387 930 1456 967 pro
1477 919 1734 956 commissario
1752 932 1816 956 seu
1834 920 2010 958 subdele-

474 982 558 1028 gato
576 990 595 1013 a
622 976 832 1012 reverendis
852 975 890 1011 in
909 975 1056 1011 Christo
1074 975 1244 1025 patribus
1263 975 1316 1021 E„
1337 975 1402 1012 Dei
1420 976 1537 1026 gratia
1561 977 1843 1028 archiepiscopo
1860 978 2008 1016 Narbo-

475 1035 578 1072 nensi
604 1040 639 1071 et
657 1035 811 1070 domino
839 1034 878 1070 P.
902 1033 948 1069 de
976 1033 1233 1083 Bellapertica,
1260 1034 1375 1071 electo
1399 1034 1713 1082 Autisiodorensi,
1734 1037 1948 1086 gerentibus
1970 1050 2009 1074 se

472 1107 541 1144 pro
560 1093 821 1130 executoribus
840 1105 903 1128 seu
923 1091 1183 1128 collectoribus
1201 1091 1366 1128 decimae
1380 1092 1563 1130 biennalis
1577 1094 1886 1132 excellentissimo
1900 1095 2008 1146 prin-

470 1152 544 1202 cipi
564 1151 718 1188 domino
738 1151 934 1201 Philippo,
954 1151 1022 1187 Dei
1041 1151 1156 1200 gratia
1176 1151 1253 1201 regi
1278 1151 1506 1188 Francorum
1525 1153 1679 1200 illustri,
1699 1167 1719 1190 a
1737 1154 1831 1191 Sede
1846 1154 2007 1204 Aposto-

470 1211 539 1247 lica
566 1223 775 1255 concessae,
811 1214 852 1246 ut
876 1210 1026 1256 dieitur,
1052 1215 1088 1246 et
1119 1215 1247 1247 contra
1279 1224 1526 1261 quoscunque
1552 1212 1643 1249 alios
1671 1212 1790 1249 dictae
1821 1213 2005 1251 biennalis

469 1269 633 1305 decimae
664 1263 876 1305 executores
903 1282 944 1304 ac
973 1269 1125 1318 quosvis
1151 1269 1242 1305 alios
1267 1282 1362 1319 quos
1382 1283 1553 1319 praesens
1580 1270 1771 1321 negotium
1794 1271 1926 1321 tangit,
1957 1271 2004 1308 ad

469 1327 600 1364 Sedem
621 1326 871 1376 Apostolicam
888 1340 999 1376 super
1017 1326 1114 1363 dicta
1130 1327 1293 1363 biennali
1310 1327 1453 1364 decima
1473 1327 1511 1364 in
1526 1328 1672 1379 scriptis
1689 1328 1727 1365 in
1742 1328 1894 1366 ecclesia
1909 1329 2004 1367 Tor-

468 1385 615 1422 nacensi
632 1385 776 1421 noviter
789 1385 1016 1434 interpositis
1027 1385 1177 1434 publice
1190 1385 1267 1422 sive
1281 1385 1398 1431 sactis,
1408 1391 1520 1436 prout
1534 1386 1571 1422 in
1584 1386 1834 1424 instrumento
1849 1387 2002 1437 publico

464 1457 576 1480 manu
597 1443 667 1480 mei
690 1443 823 1479 notarii
842 1443 982 1493 publici
1000 1443 1224 1493 infrascripti
1248 1457 1359 1494 super
1379 1445 1707 1494 provocationibus
1728 1449 1764 1481 et
1780 1445 2000 1495 appellatio-

459 1502 573 1539 nibus
598 1501 812 1547 antedictis,
843 1501 890 1538 de
927 1501 1102 1538 mandato
1136 1502 1353 1539 eorumdem
1388 1502 1518 1539 decani
1542 1507 1587 1545 ‚et
1623 1502 1776 1554 capituli
1808 1504 1998 1550 confecto,

459 1560 596 1610 scripto
621 1564 657 1596 et
686 1559 895 1609 publicam,
919 1560 1101 1610 signoque
1129 1573 1211 1596 meo
1233 1561 1378 1610 signato
1405 1566 1583 1598 consueto
1606 1561 1754 1611 plenius
1774 1562 1998 1610 continetur,

460 1620 562 1656 omni
578 1620 689 1656 modo
704 1624 740 1656 et
757 1620 908 1656 nomine
925 1632 1000 1670 quo
1020 1620 1152 1656 melius
1168 1620 1308 1670 potuit,
1323 1633 1407 1666 suo,
1423 1634 1567 1657 necnon
1582 1621 1727 1658 abbatis
1741 1626 1777 1658 et
1790 1627 1996 1659 conventus

459 1678 734 1728 praedictorum
753 1683 788 1714 et
806 1691 873 1728 pro
892 1678 1061 1728 quolibet
1079 1678 1296 1715 eorumdem
1315 1691 1357 1715 ac
1376 1679 1528 1716 ecclesia
1548 1693 1613 1716 sua
1639 1680 1827 1730 praedicta
1844 1681 1997 1718 nomine

459 1736 715 1786 procuratorio
739 1736 905 1785 ipsorum
927 1741 962 1772 et
986 1749 1052 1785 pro
1071 1736 1160 1786 ipsis
1178 1741 1310 1786 sponte
1327 1737 1359 1773 ei
1387 1737 1502 1774 libere
1521 1737 1706 1784 adhaesit,
1725 1739 1998 1790 supposuitque

459 1808 497 1831 se
527 1795 697 1831 abbatem
726 1799 761 1831 et
783 1799 1007 1831 conventum
1033 1808 1075 1831 ac
1099 1795 1290 1832 ecclesiam
1313 1808 1417 1833 suam
1437 1796 1682 1846 praedictam,
1701 1797 1800 1834 bona
1825 1802 1862 1834 et
1878 1802 1995 1835 status

459 1866 588 1890 eorum
608 1853 829 1903 protectioni
849 1858 884 1890 et
901 1854 1128 1891 ordinationi
1149 1854 1253 1892 Sedis
1273 1855 1518 1904 Apostolicae.

508 1914 596 1948 Acta
611 1915 698 1948 sunt
716 1911 804 1948 haec
819 1911 857 1947 in
872 1912 1023 1948 ecclesia
1038 1912 1262 1949 Tornacensi
1278 1913 1478 1963 praedicta,
1492 1926 1604 1960 anno,
1621 1913 1839 1958 indictione,
1855 1927 1993 1962 mense,

456 1970 533 2014 die,
553 1970 633 2006 loco
649 1974 684 2006 et
702 1969 920 2019 pontificatu
937 1970 1152 2020 praedictis,
1174 1971 1429 2020 praesentibus
1452 1972 1625 2022 religioso
1642 1973 1775 2008 viro...
1795 1972 1928 2009 abbate
1947 1973 1994 2010 de

455 2029 598 2073 Laude,
626 2028 878 2064 Cisterciensis
903 2028 1066 2074 ordinis,
1090 2029 1122 2066 J.
1146 2029 1338 2066 scolastico
1364 2030 1606 2076 Tornacensi,
1626 2031 1802 2080 magistro
1831 2031 1873 2068 N.
1901 2031 1992 2069 Cos-

454 2089 551 2133 tard,
582 2088 722 2125 Jacobo
751 2088 797 2124 de
825 2088 1012 2133 Heuchin,
1039 2088 1190 2134 clerico,
1216 2089 1370 2126 domino
1397 2090 1538 2127 Jacobo
1569 2089 1668 2127 dicto
1694 2090 1787 2127 Caro
1810 2089 1926 2136 Filio,
1953 2094 1989 2127 et

453 2146 623 2196 pluribus
641 2146 721 2182 aliis
737 2146 904 2195 personis
923 2145 1120 2196 fidedignis
1139 2146 1294 2184 testibus
1312 2147 1358 2184 ad
1378 2147 1448 2184 hoc
1466 2148 1604 2184 vocatis
1621 2153 1657 2184 et
1674 2148 1821 2198 rogatis.

502 2205 546 2241 Et
564 2218 630 2254 ego
649 2204 853 2250 Johannes,
877 2205 998 2241 dictus
1022 2205 1068 2241 de
1087 2206 1165 2242 Rel.
1183 2235 1189 2240 .
1207 2235 1232 2250 .,
1253 2206 1495 2243 Tornacensis
1514 2207 1703 2256 dyocesis,
1729 2206 1993 2245 sacrosanctae,

451 2263 638 2299 Romanae
660 2263 843 2299 Ecclesiae
865 2263 1038 2312 publicus
1057 2264 1314 2301 aucthenticus
1337 2265 1521 2311 notarius,
1537 2265 1734 2316 praedictis
1755 2263 1988 2310 adhaesioni,

450 2320 695 2369 suppositioni
713 2326 749 2356 et
776 2321 856 2358 aliis
883 2322 1106 2372 supradictis
1125 2336 1199 2359 una
1219 2323 1618 2373 cumpraenominatis
1638 2323 1794 2360 testibus
1815 2322 1987 2368 interfui,

448 2390 620 2426 praesens
641 2378 710 2414 hoc
736 2379 1023 2417 instrumentum
1050 2382 1244 2432 publicum
1274 2382 1360 2418 inde
1381 2383 1544 2429 confeci,
1571 2382 1701 2432 scripsi
1720 2385 1756 2418 et
1773 2380 1981 2431 publicavi,

447 2448 604 2485 meoque
622 2435 727 2485 signo
745 2437 886 2486 signavi
906 2444 1064 2488 rogatus.

1159 2526 1275 2536 ᾗ
