2184 3074
468 330 546 374 406
1016 333 1175 381 CODEX
1202 334 1449 373 DUNENSlS.

471 450 647 488 creaturis
660 449 798 500 praedo
812 449 908 485 vitae
921 448 1104 485 violentus
1118 449 1267 485 existat!
1284 448 1358 486 Nec
1373 449 1524 499 ingenui
1540 450 1732 500 sanguinis
1745 451 1919 497 claritati,
1933 463 2002 488 nec

470 508 532 544 alti
548 520 702 558 parcens
716 506 890 543 culminis
905 506 1097 555 majestati.
1114 506 1213 543 Haec
1225 510 1348 544 autem
1362 506 1516 544 humani
1531 508 1676 557 generis
1693 508 1844 545 inimica
1862 508 2003 545 invidia

471 565 622 615 dyaboli
643 564 810 601 introivit
828 564 865 600 in
885 564 1013 601 orbem
1033 569 1234 611 terrarum,
1254 565 1331 602 illic
1348 566 1491 602 tamdiu
1513 571 1710 616 regnatura
1733 567 1852 604 donec
1878 567 2004 605 novis-

473 624 564 660 sima
590 623 740 660 inimica
761 623 974 660 destruatur
994 628 1031 660 et
1049 623 1320 660 absorbeatur·
1310 637 1350 661 in
1368 624 1522 662 victoria
1544 625 1677 663 Jhesu-
1679 625 1815 663 Christi
1825 625 1921 676 ‚qui
1937 638 2005 666 sua

474 687 591 719 morte
612 682 697 731 jura
724 681 853 718 mortis
872 675 1042 732 potenter
1064 682 1272 732 infringens
1296 682 1498 720 electorum
1523 696 1678 720 suorum
1704 696 1840 734 corpus
1863 683 2006 720 humile

437 750 443 757 ·
471 741 687 778 reformabit
703 746 738 777 et
751 741 1023 791 configuratum
1038 741 1185 791 corpori
1204 741 1379 778 claritatis
1392 755 1480 779 suae
1493 755 1619 779 secum
1635 742 1868 779 aeternaliter
1881 754 2007 792 regna·

473 805 597 839 turum
612 799 808 849 dignanter
821 798 994 835 tandem'
985 812 1021 835 in
1037 799 1192 849 gloriam
1207 799 1415 836 collocabit.
1431 799 1549 843 Unde,
1564 800 1649 837 licet
1662 800 1830 851 reprobis
1843 813 2006 851 quorum

475 857 644 894 nativitas
659 857 766 902 mala,
781 857 856 893 vita
871 857 986 907 pejor,
1002 871 1099 894 mors
1114 858 1271 908 pessima
1287 858 1389 895 triste
1405 859 1452 895 sit
1465 858 1728 895 exterminium
1739 859 1870 908 ,justis
1884 863 2006 896 tamen

472 916 609 967 quibus
630 916 754 952 vivere
778 920 831 952 est
854 915 891 951 in
913 915 1060 952 Christo
1084 916 1199 962 mori,
1225 916 1371 953 lucrum
1398 922 1646 967 cooperantur
1670 917 1709 954 in
1735 917 1889 954 bonum.
1917 917 2007 972 Sed,

472 988 589 1025 quum
612 974 711 1025 apud
734 973 853 1011 Deum
879 988 924 1011 ex
950 974 1112 1025 propriis
1136 975 1313 1026 operibus
1344 975 1470 1012 nullus
1493 974 1779 1026 justificabitur,
1808 975 1880 1014 nisi
1906 975 2009 1030 rigor

472 1033 590 1071 divini
609 1033 790 1070 examinis
812 1033 1104 1070 habundantiori
1131 1033 1324 1071 clementia
1342 1038 1586 1085 temperetur,
1605 1048 1647 1072 ac
1666 1035 1823 1086 proinde
1841 1034 2007 1074 divinam

472 1092 668 1128 excitando
688 1091 979 1128 misericordiam
1000 1091 1103 1142 pium
1130 1091 1178 1128 sit
1198 1105 1240 1129 ac
1262 1092 1410 1129 salubre
1428 1106 1497 1143 pro
1519 1093 1702 1131 defunctis
1730 1104 1897 1140 exorare,
1915 1092 2011 1132 Uni-

472 1150 679 1187 versitatem
700 1149 884 1196 Vestram,
903 1163 967 1187 vos
985 1154 1106 1187 tamen
1125 1149 1302 1187 obnixius
1327 1151 1393 1202 qui
1414 1151 1521 1189 nobis
1541 1151 1626 1201 jure
1650 1151 1854 1202 spiritualis
1877 1144 2008 1189 frater·-

475 1209 598 1246 nitatis
617 1208 770 1245 obnoxii
791 1208 986 1254 tenemini,
1006 1221 1179 1259 rogamus
1197 1214 1232 1246 et
1245 1222 1443 1247 exoramus
1457 1210 1495 1246 in
1515 1210 1678 1247 Domino
1693 1214 1878 1260 quatenus
1889 1209 2008 1247 divini

474 1267 608 1304 amoris
625 1267 763 1304 intuitu
781 1280 849 1318 pro
867 1267 1011 1304 dilectis
1031 1268 1166 1305 nostris
1185 1281 1304 1319 nuper
1317 1268 1425 1317 juxta
1448 1272 1601 1306 naturae
1619 1267 1787 1305 debitum
1806 1267 1905 1305 viam
1921 1267 2012 1306 uni...

474 1339 599 1363 versae
612 1325 733 1362 earnis
748 1325 922 1376 ingressis
936 1326 1054 1363 Deum
1073 1326 1132 1363 cui
1151 1327 1347 1377 proprium
1367 1331 1421 1364 est
1438 1326 1616 1372 misereri,
1635 1326 1842 1376 dignemini
1860 1335 2013 1364 exorare

474 1388 656 1435 quatenus
680 1388 885 1420 vestrarum
911 1397 1062 1434 precum
1088 1383 1272 1435 suffragiis
1291 1389 1422 1422 cuncta
1447 1398 1543 1436 quae
1562 1398 1607 1422 ex
1630 1384 1793 1422 humana
1816 1385 2012 1436 fragilitate

475 1456 536 1478 ¹seu
557 1441 741 1478 diabolica
758 1441 936 1478 suadente
954 1442 1097 1479 fallacia
1115 1442 1254 1493 peccati
1276 1443 1444 1493 contagia
1466 1447 1749 1488 contraxerunt,
1767 1457 1834 1494 per
1850 1443 1918 1480 Dei
1939 1443 2012 1480 mi-

475 1500 712 1538 sericordiam
733 1500 948 1538 remissione
967 1506 1143 1552 perpetua
1161 1502 1375 1549 deleantur,
1393 1502 1580 1553 simulque
1599 1502 1792 1540 humiliter
1808 1502 2012 1554 deprecan-

476 1564 527 1596 tes
546 1563 728 1608 quatenus
748 1558 884 1595 intuitu
904 1559 993 1608 Ejus
1011 1573 1123 1610 quem
1142 1561 1252 1597 semel
1277 1561 1419 1598 reddita
1437 1575 1583 1611 semper
1601 1561 1774 1598 obtinent
1790 1561 2012 1608 debitorem,

478 1617 637 1654 caritatis
670 1617 840 1654 videlicet
871 1618 933 1654 tali
966 1623 1175 1668 praesentes
1202 1619 1363 1669 portanti
1393 1624 1428 1656 et
1459 1624 1730 1670 competentem
1753 1619 2012 1670 hospitalitatis

476 1676 629 1726 gratiam
645 1676 879 1722 exhibentes,
898 1676 996 1713 diem
1012 1691 1088 1727 quo
1106 1691 1144 1714 se
1157 1678 1264 1714 vobis
1279 1678 1580 1728 praesentaverit,
1601 1677 1689 1715 huie
1707 1678 1858 1715 cedulae
1876 1679 2013 1729 pariter

478 1734 676 1779 annotetis,
696 1747 714 1770 a
734 1734 842 1771 nobis
862 1739 1074 1785 opportuno
1094 1740 1259 1786 tempore
1277 1735 1412 1772 similia
1430 1736 1625 1786 recepturi.

1192 1859 1298 1869 -υ-οο-

1133 2001 1367 2039 CCLXXVll.

613 2119 706 2155 leem
725 2118 779 2155 dit
802 2118 916 2156 Tobin
928 2147 940 2164 ,
957 2118 1150 2164 chevalier,
1171 2120 1264 2157 vend
1284 2133 1335 2157 un
1355 2120 1524 2157 domaine
1541 2120 1564 2157 ἁ
1582 2119 1880 2159 Ruddervoorde.

530 2320 616 2357 Viro
636 2323 836 2359 venerabili
856 2327 890 2360 et
908 2323 1068 2361 discreto
1085 2324 1348 2362 domino..
1366 2354 1373 2362 .
1391 2354 1398 2361 .
1423 2325 1572 2362 officiali
1591 2324 1832 2367 Tornacensi,
1849 2324 2012 2361 decanus

481 2378 756 2416 christianitatis
775 2381 993 2431 Brugensis,
1012 2382 1196 2419 salutem'
1188 2396 1225 2419 in
1244 2354 1417 2420 Domino.

532 2436 610 2472 Nov
603 2437 682 2473 erit
698 2437 880 2475 Discretio
895 2439 1020 2476 Vestra
1038 2441 1139 2490 quod
1154 2454 1278 2478 coram
1294 2441 1401 2479 nobis
1418 2446 1569 2492 propter
1582 2441 1653 2478 hoc
1666 2439 1909 2491 personaliter
1921 2451 2012 2476 con-
