2184 3074
721 315 882 353 CODEX
908 315 1156 354 DUNENSlS.
1642 316 1708 354 145

173 430 450 469 incertitudinis
474 431 682 482 periculum
702 431 818 481 possit
834 429 1000 476 excludi,
1027 430 1254 468 venerabiles
1275 431 1471 469 coabbates
1494 437 1638 470 nostros
1662 433 1709 470 de

173 490 403 529 Camherone
427 495 464 528 et
482 490 528 528 de
553 490 700 541 Capella
723 489 900 527 duximus
925 489 1131 540 eligendos,
1150 489 1233 540 qui,
1253 490 1422 540 partibus
1442 491 1653 528 convocatis
1673 496 1708 528 et

171 549 445 601 praesentibus,
468 549 498 586 si
522 548 648 586 adesse
667 548 853 585 voluerint
878 552 913 584 et
937 561 1002 585 sua
1028 548 1254 585 crediderint
1275 548 1450 586 interesse
1475 549 1704 600 praedictum

171 606 335 644 officium
350 607 397 644 ad
411 607 513 659 quod
533 606 631 657 ipsos
650 606 836 656 eligimus,
856 606 1046 656 diligentia
1066 619 1139 656 qua
1158 607 1331 643 convenit
1349 612 1597 657 exequantur:
1619 607 1705 655 ipsis

171 665 270 702 enim
285 669 467 716 quantum
483 665 529 702 ad
549 665 619 702 hoc
635 665 882 719 ministerium
897 665 1164 702 committimus
1179 665 1275 702 vices
1293 671 1447 702 nostras.
1469 667 1617 711 Actum,
1637 671 1705 703 etc.

891 789 999 798 *oe-—

879 930 1002 968 xcvi.

233 1049 364 1088 L'abbe'
381 1050 424 1087 de
446 1049 595 1087 rhosan
613 1049 791 1087 demande
810 1049 1079 1087 l’auaeorisation
1099 1050 1278 1087 d'aliener
1294 1052 1465 1102 quelques
1483 1051 1580 1090 biens
1598 1054 1641 1090 de

782 1122 818 1146 ce
837 1111 1040 1146 mona-§tere
1058 1114 1077 1145 ·.

213 1313 307 1351 Cum
336 1326 381 1350 ex
411 1312 608 1358 incendiis,
640 1324 715 1350 non
747 1325 793 1349 ex
817 1325 947 1363 guerra
973 1312 1036 1350 sed
1067 1313 1140 1350 alio
1167 1312 1369 1350 miserabili
1395 1314 1697 1365 contingentibus

165 1371 371 1410 infortunio
389 1371 625 1409 othonorum
644 1375 856 1408 nostrorum
875 1376 1028 1422 propter
1041 1370 1305 1408 dissentionem
1323 1371 1536 1422 principum
1555 1372 1592 1410 in
1612 1387 1698 1424 par—

164 1429 264 1468 tibus
279 1429 477 1468 zelandiae
493 1429 692 1480 praecipue
717 1429 969 1467 subtractione
994 1430 1102 1480 longa
1125 1430 1276 1467 ecclesia
1302 1434 1425 1467 nostra
1443 1430 1544 1468 dirae
1563 1433 1698 1470 amari—

164 1487 304 1526 tudinis
319 1488 433 1526 calice
450 1487 497 1525 sit
515 1492 656 1538 potata,
675 1492 711 1525 et
728 1487 911 1539 obligatio
926 1487 1115 1538 praedicta
1133 1492 1169 1524 et
1183 1488 1253 1524 alia
1273 1488 1311 1524 in
1331 1493 1448 1526 tantas
1468 1490 1697 1528 necessitates

162 1545 336 1584 inciderit
353 1546 517 1584 maximo
530 1546 743 1584 debitorum
753 1559 865 1584 onere
878 1551 1115 1597 praegravata
1130 1551 1262 1584 cuncta
1281 1547 1476 1584 mobilium
1492 1547 1696 1586 substantia

160 1604 309 1655 penitus
325 1604 512 1642 denudata
531 1604 634 1654 quod
651 1603 898 1642 creditoribus
917 1605 1096 1642 continuo
1116 1605 1334 1655 urgentibus
1352 1605 1599 1643 satisfaciendi
1622 1620 1695 1644 non

161 1663 231 1700 erit
259 1663 431 1710 facultas,
451 1656 564 1700 ⁴'nulla
594 1662 750 1700 omnino
780 1664 826 1700 ad
856 1676 1028 1714 praesens
1058 1664 1283 1714 possibilitas
1315 1664 1566 1715 relinquetur,
1597 1666 1697 1703 unde

160 1721 322 1759 suboriri
354 1721 526 1759 scandala
557 1721 800 1759 formidamus
833 1735 907 1759 non
935 1722 1080 1760 modica
1106 1727 1142 1759 et
1171 1722 1366 1772 dispendia
1391 1723 1577 1774 graviora,
1601 1725 1630 1762 si
1658 1726 1695 1762 in

160 1779 234 1817 fide
246 1784 282 1817 et
299 1780 545 1817 conventione
562 1780 798 1818 deficerimus
817 1781 1064 1818 creditoribus
1083 1781 1304 1818 memoratis.
1326 1781 1460 1819 Verum
1479 1782 1566 1832 quia
1586 1783 1695 1820 variis

159 1837 231 1878 viis
256 1838 452 1889 exquisitis
475 1842 511 1876 ct
538 1838 660 1876 modis
681 1852 748 1890 per
767 1852 865 1890 quae
887 1838 965 1890 ipsa
994 1843 1118 1876 nostra
1140 1839 1292 1876 ecclesia
1314 1852 1334 1876 a
1352 1840 1560 1889 praemissis
1579 1841 1696 1877 valeat

159 1896 330 1943 relevari,
348 1897 395 1934 de
413 1897 619 1947 proborum
638 1896 794 1934 consilio
814 1897 932 1947 ipsam
951 1897 1138 1934 credimus
1155 1897 1404 1942 commodius,
1430 1898 1545 1934 levius
1567 1903 1603 1935 et
1620 1899 1695 1935 uti-

159 1955 232 1994 lius
258 1955 507 2003 liberandam,
536 1956 565 1994 si
596 1957 844 2007 quarumdam
877 1961 1056 1994 terrarum
1084 1956 1360 1994 distractionem
1392 1957 1515 1993 minus
1545 1957 1692 1994 utilium

159 2018 312 2065 propter
338 2014 475 2052 fiscalia
505 2027 618 2052 onera
649 2019 686 2052 et
711 2015 781 2052 alia
811 2028 908 2066 quae
938 2014 1160 2055 incombunt
1190 2014 1327 2051 eisdem
1360 2015 1477 2051 facere
1504 2028 1693 2065 possemus

160 2071 356 2110 vendendo
373 2073 531 2111 easdem.
555 2073 678 2121 Quare
696 2073 918 2111 reverendae
937 2073 1147 2124 paternitati
1176 2077 1317 2109 vestrae
1342 2072 1532 2109 humiliter
1548 2074 1693 2124 suppli-

159 2143 302 2176 camus,
328 2131 498 2181 generale
521 2131 726 2183 capitulum
753 2137 905 2183 propter
931 2131 1184 2169 infestantium
1213 2130 1438 2168 creditorum
1468 2131 1692 2182 importuni-

161 2193 272 2226 tatem
292 2193 504 2240 exspectare
525 2203 599 2227 non
626 2191 808 2236 valentes,
836 2190 1019 2227 dictarum
1047 2194 1227 2226 terrarum
1253 2188 1458 2225 venditioni
1485 2189 1691 2239 dignemini

159 2246 356 2293 assentire,
381 2251 519 2284 vestras
543 2247 631 2284 inde
657 2253 822 2298 patentes
846 2249 983 2285 litteras
1001 2247 1255 2284 concedentes.
1274 2247 1349 2283 Aut
1365 2246 1394 2283 si
1415 2247 1531 2298 magis
1545 2247 1694 2297 judica—

158 2305 284 2343 veritis
303 2305 497 2356 expedire,
522 2319 542 2343 a
559 2305 714 2344 domino
732 2306 964 2344 Cisterciensi
991 2306 1027 2342 id
1046 2305 1175 2342 vestris
1197 2305 1326 2342 litteris
1343 2309 1379 2341 et
1403 2305 1576 2355 precibus
1595 2305 1693 2342 obti-

198 2427 206 2442 ¹
228 2427 318 2460 Voyez
332 2427 460 2454 ci-dcasus
475 2428 498 2454 lc
512 2435 541 2454 11⁰
557 2428 716 2455 Lxxxvn.
