2184 3074
714 310 876 348 conssx
904 309 1147 348 DUNENSlS.
1629 309 1701 349 4¹9

168 432 245 474 net,
259 433 295 465 et
313 442 353 465 ea
372 428 462 479 ipsis
480 427 742 465 executoribus
764 426 809 463 ad
831 438 923 477 opus
939 425 1168 462 executionis
1190 425 1375 462 dictorum
1395 429 1698 462 testamentorum

165 486 370 524 deliberare
389 499 464 523 non
483 485 641 531 curavit,
660 497 780 535 neque
797 487 916 529 curat,
939 482 1002 520 sed
1023 483 1146 533 potius
1166 483 1289 520 minus
1303 483 1403 532 juste
1420 482 1646 520 contradixit
1664 486 1699 519 et

166 544 401 589 contradicit,
419 557 531 595 super
549 543 619 580 hoc
640 547 761 580 tamen
780 530 1031 592 competenter
1050 541 1266 592 requisitus,
1289 541 1556 592 impedivitque
1574 545 1610 577 et
1627 540 1698 577 im-

165 602 270 653 pedit
287 602 387 653 ipsos
403 605 617 639 executores
635 599 760 637 minus
773 599 875 650 juste
892 599 1096 650 quominus
1114 599 1212 636 dicta
1230 598 1327 636 bona
1348 598 1484 635 habere
1500 603 1536 635 et
1554 598 1592 635 in
1610 611 1697 635 exe—

166 661 332 698 cutiones
352 661 537 697 dictorum
561 663 864 697 testamentorum
887 662 1118 703 convertere,
1142 658 1296 708 ipsaque
1322 661 1536 694 testamenta
1562 657 1695 707 exequi

166 718 309 770 possint
325 717 530 755 secundum
548 717 648 768 piam
674 717 840 766 ipsorum
869 720 1083 753 testatorum
1104 720 1304 752 extremam
1324 716 1567 759 voluntatem,
1585 728 1698 765 super

165 776 304 829 quibus
323 775 412 814 dicti
439 779 653 813 executores
679 774 788 812 nobis
812 773 1004 811 humiliter
1029 773 1288 824 supplicarunt
1306 773 1376 810 sibi
1400 772 1603 811 subveniri.
1623 773 1696 810 Nos

163 834 277 885 igitur
308 846 438 872 eorum
464 833 586 883 justae
614 832 877 884 supplicationi
907 836 1133 877 annuentes,
1161 836 1272 882 prout
1307 836 1476 868 tenemur
1505 835 1540 867 et
1571 835 1697 867 nostro

165 892 350 930 incumbit
369 891 508 938 officio,
533 891 640 929 vobis
661 891 837 928 omnibus
857 894 894 927 et
915 890 1072 940 singulis
1095 889 1132 926 in
1152 890 1286 927 virtute
1303 894 1449 928 sanctae
1466 889 1697 927 obedientiae

165 954 200 988 et
217 950 288 988 sub
305 963 424 1002 poena
445 949 623 987 canonica
645 949 801 986 firmiter
823 952 859 986 et
880 948 1046 986 districte
1071 947 1331 998 praecipiendo
1355 947 1575 985 mandamus
1602 960 1697 997 qua-

165 1013 272 1047 tenus
296 1009 438 1055 statim,
458 1009 544 1046 visis
571 1008 720 1055 litteris,
740 1008 786 1046 ad
805 1008 947 1045 dictum
976 1008 1191 1045 Lamsinum
1218 1006 1460 1058 personaliter
1484 1005 1696 1043 accedentes

166 1069 346 1107 moneatis
364 1069 487 1120 ipsum
507 1068 723 1106 Lamsinum
742 1068 879 1119 primo,
897 1067 1062 1105 secundo
1086 1071 1121 1104 et
1138 1067 1264 1114 tertio,
1283 1080 1434 1118 unoque
1451 1066 1697 1117 peremptorie

165 1140 233 1178 pro
256 1126 448 1173 omnibus,
467 1125 537 1164 suh
562 1139 680 1176 poena
707 1125 1102 1163 excommunicationis
1124 1129 1160 1162 et
1181 1125 1251 1162 sub
1275 1138 1393 1176 poena
1412 1126 1439 1162 C
1460 1124 1695 1161 marcharum

165 1184 289 1223 curiae
309 1184 532 1222 Tornacensi
556 1184 881 1235 applicandarum,
899 1187 941 1221 ut
965 1183 1044 1234 ipse
1066 1183 1218 1220 indilate
1240 1187 1323 1234 post
1340 1187 1496 1220 vestram
1520 1182 1697 1220 monitio-

165 1255 249 1280 nem
281 1242 328 1279 ab
362 1242 579 1280 attractione
609 1246 646 1280 et
669 1242 882 1280 detentione
917 1241 1103 1278 dictorum
1138 1241 1324 1278 bonorum
1358 1254 1399 1278 ae
1429 1240 1695 1291 impedimento

164 1300 354 1352 praedicto
370 1305 486 1339 cesset
501 1301 649 1351 penitus
667 1304 703 1338 et
720 1300 889 1346 desistat,
909 1299 1124 1350 dictamque
1144 1299 1399 1336 executionem
1417 1299 1463 1336 de
1481 1303 1601 1336 cetero
1620 1311 1694 1336 non

164 1359 360 1410 impediat,
386 1359 560 1410 dictaque
591 1359 689 1397 bona
715 1373 812 1411 quae
841 1363 1005 1410 tempore
1031 1371 1184 1396 suorum
1215 1358 1433 1396 decessuum
1465 1358 1694 1403 habuerunt,

163 1419 259 1457 infra
276 1424 415 1470 septem
433 1419 512 1457 dies
529 1424 613 1471 post
630 1420 874 1458 monitionem
887 1424 1047 1457 vestram
1067 1419 1175 1457 dictis
1193 1420 1469 1465 executoribus,
1485 1432 1629 1457 necnon
1647 1420 1692 1456 ad

164 1491 259 1529 opus
275 1479 503 1516 executionis
521 1478 708 1516 dictorum
728 1482 1031 1516 testamentorum
1049 1477 1244 1524 deliberet,
1258 1491 1374 1529 eaque
1388 1478 1426 1514 in
1440 1478 1693 1515 executionem

163 1535 349 1574 dictorum
367 1541 671 1574 testamentorum
691 1550 758 1588 per
776 1550 838 1574 eos
858 1537 1021 1574 converti
1041 1536 1243 1587 permittat,
1261 1535 1466 1573 secundum
1487 1535 1566 1586 pias
1585 1539 1695 1572 testa-

165 1598 287 1632 torum
313 1596 462 1634 ultimas
480 1596 705 1643 voluntates,
720 1600 832 1647 prout
855 1596 970 1633 decet.
989 1596 1144 1646 Insuper
1162 1595 1268 1633 vobis
1285 1595 1461 1632 omnibus
1479 1598 1516 1631 et
1539 1594 1696 1644 singulis

163 1653 319 1691 firmiter
335 1654 599 1705 praecipiendo
617 1654 838 1692 mandamus
854 1653 958 1705 quod
972 1666 1100 1691 omnes
1113 1658 1149 1690 et
1166 1653 1334 1704 singulos
1352 1652 1527 1698 ballivos,
1540 1652 1695 1690 subbal-

164 1711 274 1758 livos,
286 1712 475 1757 scultetos,
490 1712 678 1758 scabinos,
692 1711 936 1762 judicatores,
946 1711 1168 1762 justitiarios
1189 1716 1224 1748 et
1238 1711 1396 1761 laycales
1406 1710 1568 1760 justitias
1586 1710 1695 1747 villae

160 1770 361 1821 Brugensis
377 1783 420 1807 ac
438 1770 529 1808 alios
547 1783 793 1821 quoscunque
809 1770 856 1807 de
873 1770 1012 1821 quibus
1030 1769 1174 1807 fueritis
1192 1768 1378 1820 requisiti,
1397 1767 1593 1818 diligenter
1611 1781 1693 1805 mo-

163 1827 280 1866 neatis
297 1827 434 1878 primo,
451 1828 616 1866 secundo
633 1832 670 1865 et
688 1827 813 1875 tertio,
831 1840 984 1878 unoque
1001 1826 1249 1879 peremptorie
1267 1838 1336 1877 pro
1353 1825 1545 1872 omnibus,
1564 1830 1605 1862 ut
1623 1825 1692 1876 ipsi

161 1889 232 1927 sub
258 1901 378 1940 poena
403 1889 799 1927 excommunicationis
822 1902 865 1927 ac
881 1889 992 1926 etiam
1018 1889 1089 1926 sub
1121 1901 1239 1940 poena
1257 1887 1285 1925 C
1306 1887 1540 1924 marcharum
1571 1885 1694 1922 curiae

161 1946 384 1985 Tornacensi
416 1947 678 1985 solvendarum
703 1947 857 1985 indilate
887 1951 971 1998 post
994 1951 1152 1984 vestram
1179 1945 1424 1983 monitionem
1449 1944 1520 1982 sibi
1544 1944 1693 1988 factam,

161 2004 320 2052 dictum,
339 2005 369 2042 si
383 2004 503 2043 dictae
532 2005 730 2043 monitioni
756 2005 827 2043 sibi
847 2007 963 2043 factae
981 2018 1056 2042 non
1072 2004 1254 2055 paruerit,
1268 2016 1355 2040 cum
1372 2003 1504 2041 effectu
1521 2002 1568 2039 ad
1585 2013 1693 2052 prae-

162 2062 274 2100 missa
292 2062 459 2101 facienda
483 2067 520 2100 et
539 2063 728 2114 implenda
745 2063 903 2101 viriliter
919 2076 986 2114 per
1001 2075 1112 2100 suum
1131 2061 1327 2099 brachium
1345 2061 1511 2098 seculare
1528 2059 1693 2110 compel-

162 2121 249 2159 lant.
267 2121 314 2158 Et
330 2134 371 2158 ea
389 2134 485 2172 quae
510 2121 556 2158 de
577 2121 787 2172 praemissis
810 2125 890 2159 acta
917 2121 1056 2159 fuerint
1073 2124 1109 2158 et
1131 2132 1260 2157 eorum
1286 2119 1565 2170 responsionem
1584 2117 1692 2156 nobis

161 2178 304 2230 liquide
322 2178 548 2226 rescribatis,
566 2179 615 2217 ita
633 2179 736 2231 quod
758 2180 797 2217 in
814 2178 887 2216 hiis
905 2178 1134 2230 exequendis
1159 2190 1256 2215 unus
1273 2177 1330 2214 vel
1350 2176 1445 2214 alius
1463 2175 1587 2214 statim
1604 2175 1693 2213 visis

161 2236 292 2275 litteris
308 2249 383 2274 non
401 2241 594 2288 exspectet.
631 2270 634 2273 ,

876 2371 976 2381 <oo—m
