2184 3074
489 246 561 289 578
1030 253 1194 291 conEx
1218 250 1464 292 DUNENSIS.

489 365 581 416 quid
607 366 696 403 dicti
719 367 936 404 thesaurarii
962 370 1077 417 gratia
1103 367 1277 413 feceritis,
1304 373 1341 404 et
1368 368 1522 405 honoris
1552 368 1675 410 nobisj
1692 369 1830 406 sadum
1857 368 2012 420 speciali

489 437 643 461 munere
659 428 885 474 reputamus.
904 423 978 462 Nee
995 425 1181 462 miremini
1200 425 1229 462 si
1252 425 1362 463 vobis
1387 425 1426 463 in
1449 427 1521 462 isto
1546 425 1693 476 negotio
1720 424 1895 464 nuntium
1926 427 2015 464 mit·

489 482 602 519 timus
619 486 693 519 tam
711 482 910 532 pusillum,
928 495 972 519 eo
989 483 1092 534 quod
1118 483 1191 520 hoc
1214 483 1374 520 scienter
1399 484 1554 521 facimus
1570 489 1608 521 et
1621 496 1679 522 'ex
1705 496 1826 522 causa.
1852 484 1902 521 Si·
1917 483 2016 521 enim

490 540 737 589 contingeret,
755 539 858 590 quod
877 540 990 586 absit,
1008 546 1297 591 preces'nostras
1315 554 1399 578 cum
1425 554 1558 592 magna
1582 541 1757 580 instantia
1779 541 1889 579 vobis
1898 540 2016 583 &act-⁸

488 598 660 635 effectum
685 598 853 635 debitum
873 611 948 635 non
966 599 1106 645 sortiri,
1128 599 1358 637 tolerabilius
1384 599 1493 637 nobis
1518 605 1613 637 esset
1637 601 1713 651 pati
1739 601 1925 652 repulsam
1945 612 2016 646 ‘sea

490 657 719 695 confusionis
740 657 930 694 materiam
949 657 1020 694 sub
1038 658 1214 695 missione
1239 662 1313 695 tam
1337 656 1473 695 modici
1492 658 1613 696 nuntii
1630 659 1745 709 quam
1762 657 1923 709 majoris.
1940 659 2016 697 noa

490 715 641 753 mandet
665 715 793 761 nobis,
812 715 842 752 si
865 715 1000 765 placet,
1018 715 1144 753 Vestra
1163 716 1367 754 Paternitas
1385 716 1422 752 in
1448 716 1658 766 praemissis
1675 721 1817 754 vestrae
1838 717 2015 768 benepla-

490 773 604 810 citum
622 773 834 810 voluntatis.
854 773 953 810 Bene
970 778 1006 810 et
1023 774 1107 821 diu,
1126 780 1192 811 etc.
1219 779 1234 783 ''

1199 900 1306 910 -ο-οο-

1181 1042 1332 1080 ceux.

562 1158 683 1195 Lettre
700 1158 743 1194 de
759 1157 1094 1194 recommandation
1111 1157 1249 1194 donnae
1266 1157 1290 1194 ἁ
1305 1157 1369 1195 des
1386 1158 1521 1194 moines
1538 1157 1690 1207 ckaryds
1708 1157 1750 1193 de
1767 1156 1952 1194 recueillir

1127 1217 1188 1254 des
1206 1216 1391 1254 aumones.

1225 1313 1274 1321 -ι

485 1423 488 1429 ’
537 1408 630 1446 Cum
658 1421 727 1459 pro
753 1409 975 1446 relevatione
1000 1409 1135 1446 domus
1162 1413 1309 1447 nostrae
1335 1421 1448 1460 super
1472 1408 1568 1446 vires
1596 1409 1690 1447 aeris
1712 1408 1825 1446 alieni
1850 1408 2015 1459 pontione

488 1471 765 1518 praegravatae,
778 1467 824 1504 de
836 1480 988 1505 assensu
1006 1472 1042 1505 et
1053 1468 1243 1506 voluntate
1258 1467 1480 1505 venerabilis
1497 1466 1612 1518 patris
1629 1471 1666 1504 et
1681 1466 1880 1504 visitatoris
1898 1468 2013 1506 nostri

488 1525 630 1562 domini
649 1525 794 1563 abbatis
811 1554 1019 1563 ........
1038 1539 1113 1563 non
1129 1526 1210 1563 sine
1227 1525 1350 1563 cordis
1365 1525 1631 1570 amaritudine,
1651 1525 1796 1575 aliquos
1813 1524 1859 1561 de
1877 1525 2013 1571 nost-iq

488 1584 597 1630 soeiis
614 1584 815 1621 monachos
833 1589 869 1620 et
886 1597 1082 1622 conversos
1099 1584 1266 1621 emittere
1283 1588 1319 1621 et
1334 1583 1380 1621 ad
1393 1583 1568 1634 speciales
1586 1583 1725 1620 amicos
1743 1585 1888 1620 nosti-os
1905 1595 2014 1620 eausa

490 1642 701 1692 temporalis
720 1643 996 1679 sustentationis
1014 1643 1159 1679 mittere
1175 1642 1457 1692 compellamur..
1471 1646 1583 1692 prout
1596 1641 1634 1678 in
1649 1641 1779 1679 litteris
1793 1641 2014 1680 venerabilis

489 1701 604 1750 patris
622 1700 736 1737 nostri
755 1700 880 1737 videre
899 1701 1084 1751 poteritis,
1103 1701 1134 1738 si
1152 1701 1289 1751 placet,
1302 1700 1449 1751 plenius
1467 1699 1668 1746 contineri,
1684 1699 1818 1737 affeetu
1833 1713 1911 1751 quo
1927 1712 2016 1750 poc-

488 1771 618 1795 sumus
644 1758 831 1808 ampliori7
855 1759 893 1795 in
912 1759 1075 1796 Domino
1100 1771 1166 1796 vos
1191 1771 1363 1809 rogamus
1384 1759 1562 1809 quatinus
1587 1759 1720 1796 latores
1743 1758 2013 1809 praesentium,

489 1829 584 1866 quos
597 1829 643 1853 ex
656 1829 765 1853 causa
778 1817 965 1866 praedicta
979 1817 1026 1853 ad
1039 1817 1163 1854 sinum
1174 1816 1302 1855 Vestra
1311 1816 1555 1854 Celementiae
1571 1816 1748 1854 duximus
1764 1808 2015 1863 destinandos,

489 1875 674 1925 recipiatis
692 1875 943 1912 favorabiliter
958 1880 994 1913 et
1010 1876 1187 1926 benigne,
1201 1875 1302 1926 ipsos
1319 1889 1405 1913 eum
1423 1876 1554 1913 vestris
1570 1875 1657 1912 liliis
1675 1879 1826 1925 paterna
1842 1874 2016 1926 benigni-

490 1938 563 1970 tate
586 1937 782 1970 tractantes
805 1938 840 1970 et
863 1934 1060 1971 retinentes
1083 1934 1277 1971 vobiscum
1299 1935 1418 1972 donec
1447 1947 1558 1985 super
1587 1935 1753 1984 ipsorum
1783 1934 2015 1973 revocatione

491 1993 587 2030 inter
605 2005 672 2029 nos
691 1992 853 2029 extiterit
869 1993 974 2030 aliter
992 1993 1216 2030 ordinatum.
1235 1993 1433 2032 Universos
1450 1997 1572 2031 autem
1583 2022 1592 2038 ‚
1609 1998 1677 2029 etc.
