2184 3074
740 343 914 403 *conssx
942 343 1185 383 DUNENSlS.
1663 347 1734 386 499

206 475 312 501 casus
330 461 539 501 communis
559 465 595 498 et
611 460 792 498 evidentis
811 461 1036 499 necessitatis
1056 461 1261 512 ingrueret,
1282 467 1394 514 prout
1415 469 1533 501 vestra
1552 462 1735 500 fatebatur

204 521 374 567 assertio,
392 533 435 558 ac
456 519 555 557 idem
581 532 646 556 rex
663 523 821 556 vestram
844 531 888 556 ac
916 519 1073 557 aliarum
1096 521 1333 559 ecelesiarum
1360 526 1395 559 et
1419 534 1661 573 personarum
1692 533 1734 559 ac

204 581 391 630 bonorum
417 577 749 616 ecclesiasticorum
773 577 869 615 sicut
888 582 1115 615 caeterarum
1138 592 1401 629 personarum,
1427 581 1593 619 locorum
1612 584 1648 618 et
1662 579 1734 617 bo-

204 652 339 678 norum
352 637 526 689 ejusdem
549 636 653 687 regni
675 636 786 674 vellet
806 637 1059 675 defensionem
1087 650 1273 676 assumere
1292 643 1328 676 et
1346 643 1513 690 patenter
1533 643 1735 677 assumeret

204 702 242 737 et'
253 698 460 737 ,efficaciter
481 697 657 748 prosequi
684 701 915 747 procuraret,
934 700 970 734 et
995 697 1033 733 id
1057 696 1183 735 Vestra
1202 698 1342 735 videret
1360 698 1535 750 expedire
1551 698 1734 736 Discretio

203 757 311 807 vebis
329 760 365 794 et
381 756 519 794 eisdem
537 754 724 807 praelatis,
741 755 903 792 ecclesiis
917 759 953 792 et
970 756 1137 806 personis
1155 756 1424 803 ecclesiasticis,
1440 757 1581 808 absque
1595 756 1735 794 consti-

205 815 360 854 tutionis
377 818 600 852 memoratae
617 812 833 860 formidine,
851 814 1015 864 praefato
1034 814 1108 865 regi
1131 827 1199 865 pro
1218 814 1433 864 hujusmodi
1451 819 1592 853 vestrae
1609 828 1652 853 ac
1670 815 1729 867 ip-

204 887 330 913 sorum
347 873 443 924 regis
461 877 498 910 et
519 872 623 922 regni
642 871 863 909 intrinsecae
885 872 1110 909 defensionis
1137 872 1305 910 subsidio
1330 874 1614 911 subventionem
1641 886 1733 911 con-

203 945 350 984 gruam,
381 935 494 983 prout
522 930 629 968 vobis
665 935 701 967 et
734 930 886 967 caeteris
918 929 1007 967 dicti
1039 930 1141 980 regni
1173 931 1345 982 praelatis
1375 945 1439 969 seu
1475 931 1604 982 majori
1638 931 1733 982 parti

203 996 367 1029 vestrum
384 994 421 1028 et
437 990 604 1041 ipsorum
624 989 788 1040 apertius
805 988 1006 1034 videretur,
1021 989 1268 1026 voluntariam
1279 1019 1288 1036 ,
1307 989 1495 1028 liberalem
1513 995 1550 1027 et
1566 990 1734 1035 liberam,

202 1049 344 1100 absque
367 1048 470 1086 omni
493 1049 755 1091 concussione,
782 1047 974 1085 exactione
999 1060 1042 1084 ac
1063 1048 1281 1085 executione
1305 1049 1498 1100 temporali
1525 1049 1581 1086 vel
1614 1048 1732 1086 laicali

202 1107 402 1159 exigentia,
421 1111 547 1145 nostra
568 1107 716 1144 licentia
739 1107 941 1158 impertiri,
964 1120 1120 1158 eamque
1145 1107 1270 1144 liceret
1291 1108 1461 1145 similiter
1478 1107 1553 1159 regi
1571 1107 1734 1159 recipere

203 1171 413 1204 memorato.
441 1167 621 1204 Volumus
644 1170 766 1204 autem
791 1166 821 1203 si
849 1166 1133 1203 subventionem
1162 1166 1376 1216 hujusmodi
1403 1167 1555 1218 praefati
1586 1165 1734 1203 contin-

202 1229 318 1276 geret,
333 1225 487 1263 modum
501 1230 537 1262 et
550 1226 708 1262 sormam
722 1238 764 1261 ac
778 1224 888 1262 etiam
907 1225 1124 1275 quantitatis
1142 1229 1178 1261 et
1195 1225 1380 1276 quidquid
1401 1239 1511 1276 super
1528 1225 1598 1262 hoc
1615 1225 1733 1270 lieret,

202 1287 323 1321 vestra
339 1283 448 1321 nobis
461 1283 596 1334 pagina
610 1295 772 1321 reserare
785 1287 827 1320 ut
839 1283 1001 1334 qualiter
1014 1283 1211 1333 praemissa
1229 1283 1487 1334 procederent,
1504 1288 1539 1320 et
1556 1283 1585 1321 si
1604 1296 1734 1334 aceep-

204 1341 379 1380 tationem
401 1341 459 1379 vel
486 1341 778 1379 moderationem
805 1341 1011 1392 exigerent,
1047 1341 1184 1378 clarius
1215 1341 1444 1387 videremus,
1476 1342 1559 1379 licet
1589 1345 1734 1379 nostrae

203 1399 419 1439 intentionis
453 1399 624 1437 existeret
653 1399 757 1450 quod
789 1399 931 1450 absque
965 1399 1158 1436 iteratione
1192 1400 1360 1436 licentiae
1391 1399 1502 1449 hujus
1534 1399 1733 1437 subventio

201 1459 402 1497 terminum
420 1471 496 1496 non
514 1458 702 1495 excederet
719 1457 930 1495 annualem.
948 1457 1021 1496 Vos
1036 1463 1175 1504 autem,
1191 1458 1262 1495 hiis
1277 1458 1406 1495 litteris
1422 1458 1555 1495 nostris
1573 1457 1731 1508 receptis

202 1522 239 1556 et
259 1530 430 1556 concessa
444 1531 511 1568 per
524 1530 587 1555 eas
605 1517 712 1554 vobis
730 1517 877 1554 licentia
901 1517 1103 1563 intellecta,
1123 1517 1272 1554 insimul
1293 1517 1533 1561 convenistis,
1557 1522 1592 1554 et
1617 1515 1733 1567 ipsius

187 1576 372 1614 'licentiae
396 1589 461 1614 seu
485 1575 650 1613 mandati
675 1575 790 1613 nostri
817 1575 951 1613 limites
969 1576 1219 1620 observantes,
1239 1575 1387 1612 tandem
1415 1580 1497 1626 post
1524 1575 1670 1625 longam
1698 1579 1734 1612 et

203 1640 369 1672 exactam
386 1634 692 1672 deliberationem
716 1647 828 1685 super
849 1634 1110 1685 procuratione
1127 1634 1375 1685 praelatorum
1394 1633 1602 1671 absentium
1623 1646 1734 1684 super

203 1693 275 1731 hoc
295 1692 472 1737 habitam,
489 1692 609 1730 eidem
628 1692 703 1743 regi
727 1692 765 1729 in
786 1697 859 1729 tam
879 1692 1023 1742 urgenti
1043 1697 1078 1729 et
1098 1692 1258 1729 evidenti
1280 1691 1493 1728 necessitate
1507 1691 1733 1728 defensionis

204 1751 424 1790 intrinsecae
445 1752 535 1788 dicti
568 1751 670 1801 regni
701 1751 882 1788 decimam
909 1750 1241 1788 ecclesiasticorum
1269 1755 1516 1801 proventuum
1541 1755 1577 1786 et
1606 1749 1733 1787 reddi-

203 1815 309 1848 tuum
328 1823 398 1860 pro
421 1823 497 1847 uno
516 1822 614 1847 anno
632 1809 822 1846 voluntate
842 1809 1010 1846 unanimi
1028 1814 1064 1845 et
1091 1813 1291 1859 spontanea
1317 1809 1553 1846 consensistis
1575 1809 1612 1844 in
1641 1808 1733 1845 festo

204 1869 435 1906 Pentecostes
457 1873 614 1905 venturo
634 1868 805 1919 proximo
826 1869 966 1918 integre
985 1867 1286 1918 persolvendam,
1308 1867 1552 1917 colligendam
1573 1872 1609 1903 et
1635 1866 1729 1902 reci-

201 1927 391 1978 piendam,
413 1927 630 1964 auctoritate
652 1927 852 1974 Ecclesiae,
866 1939 941 1964 non
962 1927 1126 1963 invocata
1145 1926 1307 1976 potentia
1327 1925 1468 1962 brachii
1488 1925 1671 1962 secularis.
1690 1924 1734 1961 Et

201 1985 231 2023 si
251 1998 325 2036 pax
342 1985 491 2022 interim
511 1998 586 2022 non
606 1985 846 2022 interveniret
859 1990 923 2022 aut
936 1989 1061 2035 treuga
1082 1984 1159 2035 ipsa
1178 1997 1309 2034 guerra
1330 1997 1403 2020 non
1423 1988 1598 2026 cessaret,
1621 1982 1731 2019 aliam

201 2043 383 2082 decimam
402 2043 560 2081 similem
585 2044 655 2095 ipsi
675 2044 750 2095 regi
774 2043 1000 2080 inkalendis
1026 2043 1162 2079 mensis
1185 2042 1346 2079 octobris
1370 2041 1550 2078 secuturis
1577 2053 1732 2078 concor—

200 2101 314 2140 dastis
328 2102 532 2139 liberaliter
544 2102 704 2139 exibere.
718 2102 792 2139 Nos
807 2102 932 2152 itaque
944 2101 1101 2151 dignum
1114 2130 1123 2147 ,
1140 2113 1346 2150 congruum
1361 2113 1403 2136 ac
1418 2099 1604 2136 laudabile
1618 2112 1730 2149 repu—

201 2163 318 2197 tantes
335 2159 438 2210 quod
456 2172 523 2210 per
543 2172 608 2197 vos
626 2159 665 2197 in
684 2159 752 2196 hac
775 2163 878 2210 parte
893 2159 1102 2196 dinoscitur
1118 2172 1196 2196 esse
1215 2159 1372 2202 factum,
1392 2157 1547 2207 singulis
1566 2162 1730 2194 vestrum

199 2222 236 2254 et
251 2218 333 2255 aliis
351 2217 640 2268 archiepiscopis
657 2222 694 2255 et
710 2217 892 2268 episeopis
908 2217 997 2254 dicti
1016 2217 1119 2268 regni
1139 2216 1334 2267 colligendi
1355 2221 1390 2252 et
1409 2215 1565 2253 faciendi
1584 2228 1651 2266 per
1667 2228 1732 2253 vos

200 2277 259 2313 vel
272 2289 339 2327 per
355 2275 469 2312 alium
484 2289 549 2313 seu
566 2276 658 2313 alios
676 2276 714 2313 in
729 2276 941 2313 civitatibus
960 2280 996 2312 et
1009 2275 1233 2325 dyocesibus
1247 2274 1378 2311 vestris
1393 2273 1596 2310 secundum
1615 2273 1735 2310 dictae

200 2339 341 2372 vestrae
358 2334 607 2371 concessionis
626 2339 791 2371 tenorem
812 2333 974 2370 decimas
997 2332 1120 2384 colligi
1141 2332 1388 2382 supradictas,
1408 2337 1443 2368 et
1467 2344 1526 2368 eas
1546 2331 1734 2381 praedicto

201 2392 278 2444 regi
297 2391 524 2443 integraliter
548 2391 801 2443 persolvendi,
826 2404 970 2428 necnon
995 2395 1030 2428 et
1053 2390 1299 2441 compellendi
1321 2403 1387 2440 per
1404 2402 1598 2426 censuram
1616 2390 1734 2426 ecele-

201 2451 384 2490 siasticam
408 2454 548 2488 vestros
565 2450 735 2488 subditos
755 2450 800 2486 ad
820 2449 1051 2487 solutionem·
1069 2449 1298 2486 decimarum
1324 2448 1487 2498 ipsarum
1503 2477 1510 2493 ‚
1529 2451 1639 2497 prout
1657 2447 1735 2484 sin-
