2184 3074
440 307 507 343 ¹40
986 303 1150 340 CODEX
1175 302 1424 340 DUNENSlS.

435 428 623 472 posterum
645 422 954 466 conservandam,
972 422 1193 458 assentirent
1213 420 1448 457 concorditer
1474 425 1509 456 et
1532 420 1686 456 mallent
1702 432 1870 456 annuum
1888 418 1974 455 red-

435 481 554 517 ditum
574 495 621 517 xn
641 481 821 517 librarum
847 479 1132 516 Flandrensium
1160 492 1180 515 a
1206 478 1314 515 nobis
1335 478 1373 514 in
1402 482 1594 514 numerata
1618 477 1775 528 pecunia
1794 481 1974 527 perpetuo

435 539 505 575 sibi
533 539 643 583 solvi,
669 551 781 589 quam
813 538 1088 588 praedictarum
1114 537 1342 573 decimarum
1371 536 1554 573 fructibus
1578 535 1746 572 insistere
1763 564 1770 572 .
1793 564 1799 571 .
1821 563 1827 571 .
1849 563 1857 570 .
1879 549 1886 569 :
1907 546 1974 570 nos

435 597 701 634 deliberatione
718 596 934 647 praehabita
953 596 1122 646 diligenti
1139 600 1175 632 et
1193 595 1289 632 circa
1313 595 1538 631 solutionem
1563 593 1781 644 hujusmodi
1805 592 1974 630 redditus

436 655 551 705 magis
577 668 688 705 quam
715 654 811 690 eirca
839 654 1068 690 decimarum
1093 658 1304 690 nostrarum
1333 649 1611 689 translationem
1638 652 1863 698 faciendam,
1889 664 1975 702 per-

434 719 546 763 petuo
565 718 710 749 nostrae
728 712 902 749 ecclesiae
926 712 1126 748 utilitatem
1145 715 1181 748 et
1202 711 1442 747 commodum
1465 711 1543 747 lieri
1563 710 1809 756 attendentes,
1831 709 1975 760 promi-

434 772 549 808 simus
562 801 570 817 ,
589 771 842 821 promittimus
857 777 892 808 et
900 776 1089 817 tenemur,
1103 785 1172 822 pro
1187 772 1296 808 nobis
1312 777 1348 808 et
1366 771 1501 816 nostris
1518 771 1809 817 successoribus,
1823 771 1975 808 nomine

434 831 607 868 ccclesiae
627 837 772 868 nostrae
795 831 841 868 de
859 831 1016 878 Bodelo,
1041 832 1228 882 predictae
1254 831 1462 868 abbatissae
1479 837 1516 868 et
1533 831 1731 868 conventui
1749 831 1796 868 de
1813 830 1975 877 Boscho,

434 889 608 926 ecclesiae
634 902 721 926 suae
748 890 916 936 nomine,
940 890 1128 927 redditum
1152 904 1204 927 xn
1228 891 1409 927 librarum
1431 890 1718 927 Flandrensium
1748 902 1816 940 pro
1841 889 1976 938 hujus-

435 948 534 984 modi
555 948 727 995 dccimis,
746 962 839 999 quas
857 949 996 986 eisdem
1021 949 1225 1000 assignare,
1245 954 1287 986 ut
1310 954 1448 986 tactum
1471 953 1526 986 est
1542 949 1733 999 superius,
1757 948 1976 985 tenebamur

435 1007 528 1042 infra
554 1021 717 1044 mensem
745 1008 899 1058 aprilem
925 1008 964 1044 in
989 1008 1084 1045 curti
1112 1009 1158 1044 de
1183 1008 1304 1046 Veteri
1334 1007 1481 1045 Boscho
1508 1007 1579 1044 sub
1598 1003 1750 1044 nomine
1771 1006 1975 1057 personalis

434 1070 470 1101 et
483 1079 661 1116 expensas
684 1067 826 1103 solvere
844 1067 882 1103 in
905 1072 1127 1117 perpetuum
1146 1066 1350 1103 annuatim.
1371 1067 1427 1103 De
1444 1079 1520 1116 quo
1540 1065 1727 1117 siquidem
1746 1065 1913 1111 redditu,
1933 1069 1976 1101 ut

435 1124 676 1174 praedicitur,
690 1125 798 1162 dictis
819 1125 943 1162 abbati
965 1130 1000 1162 et
1017 1126 1216 1162 conventui
1236 1139 1256 1162 a
1276 1125 1384 1162 nobis
1404 1125 1551 1175 plenius
1569 1124 1815 1175 persolvendo
1834 1124 1974 1160 eisdem

433 1182 719 1231 assignationem
751 1184 905 1221 fecimus
935 1189 972 1221 et
996 1185 1153 1221 facimus
1180 1184 1226 1220 ad
1261 1188 1403 1221 nostras
1434 1183 1596 1220 decimas
1629 1176 1706 1220 sive
1743 1182 1975 1219 decimarum

435 1242 575 1278 fructus
597 1255 689 1291 quas
709 1242 745 1278 in
769 1243 963 1292 parrochia
989 1243 1035 1279 de
1064 1243 1231 1280 Lokerne
1254 1242 1482 1293 percipimus
1510 1246 1546 1278 et
1568 1241 1759 1292 percipere
1778 1241 1975 1278 consuevi-

435 1313 533 1342 mus,
556 1300 652 1336 sicut
678 1301 833 1338 inferius
855 1306 1099 1347 annotantur,
1119 1301 1291 1337 videlicet
1309 1301 1354 1338 ad
1375 1301 1462 1337 tales
1483 1306 1518 1337 et
1539 1301 1642 1346 tales,
1661 1299 1869 1350 praedictos
1886 1312 1974 1336 vero

433 1358 661 1395 decimarum
684 1360 825 1396 fructus
852 1373 919 1410 pro
941 1360 1111 1410 portione
1132 1373 1198 1396 nos
1223 1360 1460 1409 contingente
1480 1360 1517 1395 in
1542 1359 1648 1395 terris
1666 1371 1729 1395 seu
1755 1358 1845 1394 locis
1866 1370 1975 1408 prae-

433 1416 540 1452 dictis
559 1431 627 1466 pro
646 1418 831 1454 antedicto
853 1419 1001 1455 redditu
1023 1419 1214 1456 annuatim
1239 1424 1275 1455 et
1300 1424 1498 1469 perpetuO,
1526 1423 1568 1454 ut
1586 1418 1663 1467 jam
1689 1417 1831 1453 dictum
1856 1422 1927 1462 est,
1953 1429 1972 1452 a

434 1474 542 1510 nobis
557 1479 592 1510 ct
611 1476 745 1513 nostris
759 1478 1036 1515 successoribus
1057 1478 1304 1528 persolvendo
1329 1477 1467 1514 eisdem
1489 1476 1695 1514 abbatissae
1708 1480 1744 1512 et
1758 1475 1972 1520 conventui,

433 1532 470 1568 in
498 1534 704 1582 praesentia
723 1535 981 1585 religiosorum
1006 1536 1170 1574 virorum
1192 1537 1349 1573 fratrum
1374 1535 1575 1581 Johannis,
1596 1534 1732 1585 prioris
1751 1535 1821 1571 loci
1847 1534 1972 1571 Sancti

435 1590 627 1637 Bernardi,
646 1597 681 1628 et
698 1592 918 1639 Franconis,
933 1595 1124 1644 quondam
1151 1587 1331 1631 cellerarii
1360 1595 1406 1631 de
1425 1594 1591 1644 Capella,
1609 1593 1655 1629 ad
1675 1592 1746 1629 hoc
1765 1591 1973 1642 specialiter

432 1654 663 1696 vocatorum,
690 1652 829 1701 quibus
854 1653 1029 1690 dominus
1057 1653 1371 1690 Claromontensis
1398 1653 1493 1689 circa
1519 1652 1590 1688 boc
1614 1651 1849 1688 commiserat
1874 1651 1973 1687 vices

431 1720 535 1754 suas,
553 1709 673 1745 taliter
692 1711 902 1760 obligamus
921 1717 957 1748 et
974 1712 1052 1748 fore
1070 1712 1245 1749 volumus
1260 1713 1440 1762 perpetuo
1462 1711 1642 1760 obligatas
1654 1740 1663 1757 ,
1681 1710 1853 1746 videlicet
1869 1710 1972 1760 quod

431 1767 734 1818 quandocunque
752 1769 789 1805 in
809 1775 998 1820 posterum
1018 1784 1085 1808 nos
1110 1785 1174 1808 seu
1199 1771 1315 1808 nostri
1342 1783 1570 1807 successores
1597 1770 1693 1806 infra
1715 1769 1972 1820 supradictum

431 1837 594 1862 mensem
623 1831 879 1876 praenotatum
911 1829 1098 1866 redditum
1128 1843 1203 1866 non
1231 1829 1471 1874 solverimus,
1494 1828 1700 1879 saepedicta
1727 1827 1913 1864 abbatissa
1937 1832 1974 1864 et
1991 1837 1998 1840 ·

430 1890 634 1923 conventus
659 1900 725 1936 per
752 1900 789 1924 se
810 1889 866 1924 vel
892 1902 959 1938 per
983 1889 1074 1926 alios
1101 1898 1348 1939 quoscunque
1371 1888 1571 1933 voluerint,
1594 1887 1735 1936 absque
1755 1888 1973 1922 auctoritate

429 1943 631 1993 superioris
651 1945 776 1995 aliqua
802 1947 1026 1996 requirenda
1053 1948 1107 1984 vel
1130 1948 1269 1997 judicis
1295 1947 1554 1997 cujuscunque
1571 1949 1788 1996 praecepto,
1806 1957 1875 1994 pro
1892 1944 1973 1981 vice

430 2003 598 2052 qualibet
614 2017 679 2040 seu
702 2005 847 2042 defectu
871 2007 917 2042 ad
941 2007 1058 2044 dictas
1083 2007 1245 2044 decimas
1264 2012 1407 2043 nostras
1424 2020 1489 2043 seu
1508 2005 1722 2043 earumdem
1741 2004 1971 2041 decimarum

431 2061 571 2098 fructus
602 2076 735 2099 manus
762 2076 966 2114 apponere,
1000 2065 1175 2116 ipsosque
1205 2065 1346 2115 integre
1375 2065 1583 2115 percipere,
1610 2063 1767 2099 retinere
1793 2062 1908 2099 libere
1936 2067 1973 2098 et

431 2119 612 2169 quicquid
631 2120 718 2157 inde
734 2121 804 2170 sibi
824 2120 1007 2172 placuerit
1024 2124 1142 2160 facere
1166 2123 1375 2174 potuerint,
1395 2135 1493 2159 anno
1517 2135 1582 2159 seu
1609 2134 1734 2157 mense
1760 2120 1973 2157 immediate

431 2178 629 2214 terminum
650 2193 725 2229 quo
745 2181 941 2219 solutionis
960 2181 1125 2218 desectus
1143 2181 1340 2232 contigerit
1360 2181 1533 2232 proximo
1547 2180 1817 2230 subsequente,
1830 2177 1972 2228 absque

430 2236 696 2286 impedimento
728 2253 792 2275 seu
825 2240 1047 2289 objectionis
1078 2241 1134 2277 vel
1168 2240 1474 2277 contradictionis
1503 2239 1696 2276 obstaculo
1728 2237 1920 2274 inferendo
1950 2249 1971 2273 a

430 2295 538 2331 nobis
557 2296 612 2331 vel
633 2308 860 2347 quocunque
877 2299 950 2335 alio
971 2294 1098 2336 nostro
1125 2299 1293 2345 nomine,
1314 2299 1363 2335 ita
1387 2299 1490 2349 quod
1515 2311 1614 2334 anno
1631 2310 1708 2348 quo
1727 2295 1888 2332 decimas
1906 2307 1971 2332 seu

428 2352 656 2390 decimarum
677 2355 818 2392 fructus
839 2358 1088 2408 perceperint,
1107 2358 1295 2395 redditum
1316 2358 1355 2394 in
1375 2356 1532 2408 pecunia
1552 2369 1627 2393 non
1647 2356 1788 2400 levent,
1815 2358 1851 2390 et
1868 2358 1972 2390 tene-

429 2412 572 2448 buntur
594 2412 714 2450 dictae
737 2414 782 2450 de
807 2415 955 2452 Boscho
980 2417 1043 2452 tali
1072 2422 1219 2453 moneta
1242 2417 1399 2467 singulis
1421 2415 1528 2452 annis
1553 2428 1630 2451 esse
1648 2417 1842 2450 contentae
1868 2412 1970 2462 quali

2180 2424 2184 2437 -
2172 2326 2184 2412 ..au-dat.
2175 2230 2184 2310 Δ-..ιι-
