2184 3074
430 240 502 277 256
824 284 827 287 f
978 238 1139 276 CODEX
1167 240 1411 278 DUNENSIS.

430 356 598 393 formiter
624 356 849 401 moliuntur,
874 356 1044 393 Sanctam
1072 360 1108 392 et
1131 355 1359 393 Catholicarn
1385 357 1586 395 Ecclesiam
1611 363 1646 396 et
1671 361 1751 408 ejus
1776 362 1967 400 ministros

430 415 468 452 in
487 415 638 464 juribus
659 419 695 451 et
714 414 1012 464 possessionibus
1036 418 1173 450 temere
1191 414 1466 463 perturbantes!
1485 416 1603 466 proch
1629 416 1750 454 dolor!
1777 431 1862 456 cum
1886 420 1966 457 istis

430 474 660 524 temporibus
679 473 732 509 illi
758 473 823 522 qui
846 472 1082 509 ecclesiarum
1106 477 1142 509 et
1160 486 1404 522 personarum
1427 475 1757 513 ecclesiasticarum
1786 490 1829 514 ac
1854 477 1967 526 justi—

428 533 499 569 tiae
517 532 727 568 defensores
746 531 1036 574 essedeberent,
1056 531 1206 568 hostiles
1225 544 1439 581 pervasores
1458 532 1703 570 inveniuntur
1718 539 1754 570 et
1773 547 1831 571 res
1848 536 1967 578 eccle,—

425 591 564 627 siarum
592 595 627 626 et
653 602 895 640 personarum
923 589 1254 626 ecclesiasticarum
1281 603 1349 639 pro
1379 590 1522 628 viribus
1553 591 1739 642 diripiunt
1763 606 1828 630 seu
1853 594 1965 645 diripi

426 649 566 684 faciunt
584 648 639 684 vel
658 647 807 684 auferri.
833 647 938 684 Unde
956 646 1063 683 matri
1082 647 1283 691 Ecclesiae,
1302 648 1546 699 personisque
1563 650 1838 697 ecclesiasticis,
1862 653 1966 703 quod

423 705 629 749 Jheremias
652 705 835 755 deplorat„
863 710 1072 755 competere
1095 705 1256 751 videtur,
1279 706 1454 756 princeps
1479 707 1757 757 provinciarum
1789 710 1881 747 facta
1911 715 1966 748 est

424 763 495 800 sub
515 764 646 800 tribus.
662 763 800 800 Verum
819 763 866 799 de
884 763 1076 800 nonnullis
1094 763 1232 800 nostris*
1249 777 1368 814 nuper
1382 769 1437 802 est
1455 765 1609 802 auribus
1628 766 1839 804 intimatum
1861 769 1964 819 quod

425 822 509 859 licet
535 821 742 872 presbyteri
770 821 887 858 curati
914 822 996 859 talis
1022 822 1195 859 ecclesiae
1219 823 1284 873 qui
1309 836 1376 873 pro
1396 827 1562 874 tempore
1579 825 1718 862 suerint
1733 826 1791 863 vel
1811 826 1965 877 quidam

424 895 469 918 ex
499 881 550 918 eis
576 881 650 917 sint
678 885 714 917 et
744 893 763 916 a
794 880 968 930 pluribus
999 881 1106 917 annis
1137 881 1228 917 citra
1260 881 1398 918 fuerint
1427 882 1569 919 ratione
1597 883 1655 920 sui
1687 883 1896 934 presbiterii
1926 885 1965 922 in

425 939 656 989 possessione
686 939 741 974 vel
772 938 877 988 quasi
905 938 1083 975 dimidiae
1109 953 1304 976 mensurae
1331 940 1389 976 vel
1419 940 1566 978 circiter
1595 946 1714 979 terrae
1739 942 1896 991 Jacentis
1927 943 1966 980 in

424 997 599 1048 parochia
617 1026 624 1033 .
641 1027 648 1033 .
666 1027 672 1033 .
687 1027 692 1032 .
713 997 866 1047 quidam
891 997 1098 1047 iniquitatis
1117 998 1234 1043 lilius⁷
1252 1011 1340 1034 suae
1358 998 1486 1035 salutis
1507 999 1715 1047 immemor,
1733 1001 1868 1039 ductus
1886 1002 1966 1053 spi·

424 1055 496 1092 ritu
523 1055 703 1105 maligno7
726 1055 986 1105 presbyterum
1013 1060 1181 1092 curatum
1209 1056 1328 1093 dictae
1350 1057 1524 1093 ecclesiae
1549 1059 1781 1108 possessione
1814 1073 1880 1097 sua
1906 1062 1964 1098 vel

424 1113 528 1163 quasi
554 1113 674 1150 (lictae
700 1113 879 1149 dimidiae
904 1126 1100 1150 mensurae
1119 1119 1236 1150 terrae
1252 1114 1309 1150 vel
1329 1114 1493 1161 circiter7
1513 1116 1695 1166 nequiter„
1715 1117 1754 1154 in
1773 1118 1849 1155 suis
1866 1118 1966 1156 divi-

426 1172 485 1208 tiis
504 1172 560 1208 vel
580 1172 746 1222 potentia
769 1172 979 1218 confidens‚
1006 1172 1194 1223 spoliavit,
1213 1172 1446 1223 praedictum
1471 1174 1581 1211 etiam
1608 1179 1778 1212 curatum
1797 1176 1839 1213 in*
1855 1190 1964 1227 prae-
2017 1197 2027 1204 —

425 1230 546 1267 missis
560 1230 720 1280 graviter
739 1230 986 1280 opprimendo
1004 1235 1040 1267 et
1057 1230 1297 1281 impediendo
1311 1231 1514 1282 quominus
1541 1232 1640 1270 idem
1663 1233 1859 1284 presbyter
1880 1234 1965 1272 dic-

426 1290 471 1326 tis
488 1289 592 1326 terris
611 1294 645 1326 et
664 1289 848 1326 fructibus
866 1303 992 1326 earum
1007 1290 1169 1340 gaudere
1180 1296 1303 1341 posset
1315 1291 1469 1341 pacifice
1481 1297 1518 1328 et
1531 1293 1668 1343 quiete,
1679 1306 1755 1330 non
1769 1293 1964 1330 attendens

424 1347 526 1398 quod
549 1347 666 1384 nichil
692 1347 729 1384 in
756 1347 862 1384 terris
884 1348 1100 1385 sacerdotali
1125 1348 1304 1399 dignitate
1326 1349 1476 1400 dignius
1495 1350 1694 1387 invenitur.
1716 1351 1812 1388 Sunt
1836 1351 1964 1398 etiam7

362 1408 364 1411 ’
423 1405 519 1442 sicut
538 1405 646 1442 nobis
663 1419 682 1442 a
700 1406 873 1455 pluribus
891 1411 945 1443 est
969 1407 1199 1453 intimatum,
1226 1408 1380 1458 quidam
1406 1408 1467 1444 alii
1491 1409 1680 1459 nephandi
1701 1409 1870 1447 homines
1897 1410 1963 1446 filii

426 1464 538 1500 Belial
553 1464 632 1514 qui7
648 1477 732 1501 cum
750 1464 928 1502 honorem
946 1466 1130 1503 Ecclesiae
1144 1480 1212 1517 pro
1227 1467 1371 1504 viribus
1386 1472 1626 1518 augmentare
1639 1468 1830 1515 deberent,
1848 1469 1966 1505 mino-

424 1535 504 1559 rare
519 1535 586 1572 pro
605 1522 749 1560 viribus
768 1527 939 1573 satagunt
958 1529 993 1560 et
1012 1530 1254 1575 praesumunt
1272 1525 1439 1563 redditus
1458 1530 1493 1562 et
1507 1526 1592 1575 jura
1606 1539 1702 1576 quae
1715 1527 1792 1563 suis
1806 1527 1965 1577 presby-

426 1581 512 1616 teris
529 1580 665 1617 curatis
683 1581 747 1630 qui
767 1594 836 1631 pro
856 1581 946 1631 ipsis
965 1587 1142 1632 tanquam
1157 1596 1226 1633 pro
1243 1597 1353 1633 grege
1366 1583 1437 1620 sibi
1455 1584 1654 1621 commisso
1673 1584 1710 1620 in
1728 1584 1789 1620 die
1806 1585 1964 1622 districti

425 1640 606 1676 examinis
621 1639 753 1689 judicii
778 1640 958 1677 rationem
981 1646 1068 1678 sunt
1087 1641 1287 1687 reddituri,
1314 1642 1457 1679 solvere
1478 1647 1514 1679 et
1535 1642 1679 1679 tradere
1704 1643 1966 1681 contradicunt

426 1698 524 1747 ipsos
539 1698 706 1735 redditus
721 1703 755 1734 ct
765 1698 850 1747 jura
865 1699 1124 1737 subtrahentes
1138 1705 1174 1736 et
1187 1700 1296 1737 dictis
1310 1700 1537 1750 presbyteris
1554 1700 1842 1752 dampnabiliter
1858 1702 1963 1739 aufe-

424 1761 558 1793 rentes:
580 1769 675 1805 quae
693 1757 894 1807 praemissa
913 1759 1038 1795 omnia
1057 1763 1092 1795 et
1110 1759 1255 1809 singula
1274 1758 1362 1795 dicti
1383 1758 1571 1809 nephandi
1588 1758 1758 1796 homines
1771 1759 1913 1797 faciunt
1925 1765 1962 1796 et

423 1814 590 1850 fecerunt
607 1814 644 1850 in
664 1820 918 1865 contemptum
940 1822 975 1852 et
996 1816 1259 1853 contumeliam
1280 1817 1450 1853 omnium
1478 1817 1676 1864 Creatoris7
1695 1817 1961 1854 ecclesiasticae

423 1873 668 1910 immunitatis
686 1874 974 1924 praejudicium„
994 1876 1083 1912 dicti
1102 1875 1309 1925 presbyteri
1329 1875 1586 1926 dispendium‚
1603 1875 1809 1926 dampnum
1823 1881 1858 1913 et
1873 1890 1959 1927 gra-

424 1944 573 1977 vamen,
599 1931 809 1968 animarum
843 1946 994 1970 suarum
1023 1933 1232 1983 periculum
1259 1938 1295 1970 et
1320 1933 1536 1970 scandalum
1564 1933 1834 1984 plurimorum,
1864 1948 1961 1985 quae

423 1990 622 2040 praemissa
647 2004 734 2040 prae
761 1991 1019 2042 magnitudine
1042 1993 1174 2043 culpae
1197 1990 1432 2029 dissimulare
1450 1992 1662 2029 nullatenus
1680 1992 1873 2038 volumus,
1893 2006 1960 2030 nec

423 2049 616 2095 debemus„
645 2054 681 2085 et
707 2049 791 2086 licet
819 2050 908 2087 haec
927 2051 1164 2101 imperatoria
1191 2065 1287 2103 quae
1312 2051 1423 2102 punit
1447 2064 1567 2102 poena
1595 2051 1762 2101 capitalis
1780 2056 1896 2088 cesset
1912 2051 1959 2088 ad

422 2120 610 2157 praesens7
631 2121 748 2158 poena
769 2114 891 2146 tamen
909 2111 1088 2147 canonica
1103 2124 1244 2148 cessare
1264 2123 1340 2148 non
1359 2111 1480 2156 debet,
1498 2123 1595 2160 quae
1608 2109 1708 2159 juste
1725 2109 1908 2160 infligitur
1924 2115 1961 2148 et

421 2172 608 2216 grassatur
638 2167 676 2204 in
701 2168 917 2218 hujusmodi
940 2170 1086 2207 sceleris
1113 2171 1305 2208 ultionem.
1331 2170 1438 2208 Unde
1463 2182 1547 2206 cum
1580 2182 1647 2206 nos
1676 2169 1818 2206 ratione
1843 2170 1958 2206 nostri

422 2225 533 2262 officii
553 2226 649 2262 cirea
667 2227 752 2263 talia
769 2228 975 2266 remedium
995 2242 1182 2279 apponere
1206 2234 1415 2275 teneamur,
1433 2228 1541 2265 vobis
1561 2227 1737 2265 omnibus
1750 2233 1786 2264 et
1803 2227 1959 2278 singulis

422 2288 457 2320 et
475 2283 629 2320 cuilibet
646 2290 809 2322 vestrum
825 2287 896 2323 sub
911 2300 1029 2337 poena
1048 2288 1226 2325 canonica
1245 2287 1402 2325 firmiter
1415 2286 1647 2337 injungendo
1661 2285 1909 2336 praecipimus
1923 2291 1959 2323 et

423 2342 643 2379 mandamus
661 2349 843 2393 quatenus
862 2345 899 2382 in
919 2347 1080 2396 generali
1097 2348 1276 2384 moneatis
1296 2345 1511 2397 hujusmodi
1530 2345 1765 2396 spoliatores,
1783 2344 1958 2382 malefac-
