<?xml version="1.0" encoding="UTF-8"?>
<!DOCTYPE html PUBLIC "-//W3C//DTD XHTML 1.0 Transitional//EN"
    "http://www.w3.org/TR/xhtml1/DTD/xhtml1-transitional.dtd">
<html xmlns="http://www.w3.org/1999/xhtml" xml:lang="en" lang="en">
 <head>
  <title>
</title>
<meta http-equiv="Content-Type" content="text/html;charset=utf-8" />
  <meta name='ocr-system' content='tesseract 3.04.00' />
  <meta name='ocr-capabilities' content='ocr_page ocr_carea ocr_par ocr_line ocrx_word'/>
</head>
<body>
  <div class='ocr_page' id='page_1' title='image "./codexdunensissiv00kervuoft/codexdunensissiv00kervuoft_0254.png"; bbox 0 0 2184 3074; ppageno 0'>
   <div class='ocr_carea' id='block_1_1' title="bbox 442 315 1422 355">
    <p class='ocr_par' dir='ltr' id='par_1_1' title="bbox 442 315 1422 355">
     <span class='ocr_line' id='line_1_1' title="bbox 442 315 1422 355; baseline -0.003 0"><span class='ocrx_word' id='word_1_1' title='bbox 442 317 516 355; x_wconf 72' lang='lat'>212</span> <span class='ocrx_word' id='word_1_2' title='bbox 989 316 1152 354; x_wconf 88' lang='lat' dir='ltr'>CODEX</span> <span class='ocrx_word' id='word_1_3' title='bbox 1177 315 1422 354; x_wconf 86' lang='lat' dir='ltr'><strong>DUNENSIS.</strong></span> 
     </span>
    </p>
   </div>
   <div class='ocr_carea' id='block_1_2' title="bbox 383 430 1982 2476">
    <p class='ocr_par' dir='ltr' id='par_1_2' title="bbox 383 430 1982 2476">
     <span class='ocr_line' id='line_1_2' title="bbox 443 430 1977 485; baseline -0.002 -14"><span class='ocrx_word' id='word_1_4' title='bbox 443 434 561 471; x_wconf 84' lang='lat' dir='ltr'>editae</span> <span class='ocrx_word' id='word_1_5' title='bbox 583 448 649 485; x_wconf 88' lang='lat' dir='ltr'>per</span> <span class='ocrx_word' id='word_1_6' title='bbox 674 433 948 470; x_wconf 90' lang='lat' dir='ltr'>sanctissimum</span> <span class='ocrx_word' id='word_1_7' title='bbox 976 436 1118 482; x_wconf 88' lang='lat' dir='ltr'>patrem</span> <span class='ocrx_word' id='word_1_8' title='bbox 1146 430 1342 466; x_wconf 90' lang='lat' dir='ltr'>dominum</span> <span class='ocrx_word' id='word_1_9' title='bbox 1371 430 1607 467; x_wconf 85' lang='lat' dir='ltr'>Bonifacium</span> <span class='ocrx_word' id='word_1_10' title='bbox 1641 443 1775 481; x_wconf 84' lang='lat' dir='ltr'>papam</span> <span class='ocrx_word' id='word_1_11' title='bbox 1806 436 1977 468; x_wconf 87' lang='lat' dir='ltr'>octavum</span> 
     </span>
     <span class='ocr_line' id='line_1_3' title="bbox 442 489 1978 543; baseline -0.002 -13"><span class='ocrx_word' id='word_1_12' title='bbox 442 506 554 543; x_wconf 91' lang='lat' dir='ltr'>super</span> <span class='ocrx_word' id='word_1_13' title='bbox 571 494 739 530; x_wconf 86' lang='lat' dir='ltr'>clausura</span> <span class='ocrx_word' id='word_1_14' title='bbox 759 492 978 528; x_wconf 90' lang='lat' dir='ltr'>monialium</span> <span class='ocrx_word' id='word_1_15' title='bbox 998 490 1165 527; x_wconf 80' lang='lat' dir='ltr'>facienda</span> <span class='ocrx_word' id='word_1_16' title='bbox 1183 490 1231 527; x_wconf 89' lang='lat' dir='ltr'>sit</span> <span class='ocrx_word' id='word_1_17' title='bbox 1250 502 1316 540; x_wconf 90' lang='lat' dir='ltr'>per</span> <span class='ocrx_word' id='word_1_18' title='bbox 1334 489 1638 526; x_wconf 86' lang='lat' dir='ltr'>constitutionem</span> <span class='ocrx_word' id='word_1_19' title='bbox 1658 489 1776 540; x_wconf 89' lang='lat' dir='ltr'>ipsam</span> <span class='ocrx_word' id='word_1_20' title='bbox 1795 495 1978 540; x_wconf 85' lang='lat' dir='ltr'>quantum</span> 
     </span>
     <span class='ocr_line' id='line_1_4' title="bbox 443 547 1979 598; baseline -0.001 -11"><span class='ocrx_word' id='word_1_21' title='bbox 443 552 488 587; x_wconf 89' lang='lat' dir='ltr'>ad</span> <span class='ocrx_word' id='word_1_22' title='bbox 517 551 736 588; x_wconf 88' lang='lat' dir='ltr'>monasteria</span> <span class='ocrx_word' id='word_1_23' title='bbox 767 550 987 586; x_wconf 88' lang='lat' dir='ltr'>monialium</span> <span class='ocrx_word' id='word_1_24' title='bbox 1015 548 1228 586; x_wconf 89' lang='lat' dir='ltr'>reverendis</span> <span class='ocrx_word' id='word_1_25' title='bbox 1259 548 1446 598; x_wconf 67' lang='lat' dir='ltr'>patribus,</span> <span class='ocrx_word' id='word_1_26' title='bbox 1477 547 1715 597; x_wconf 75' lang='lat' dir='ltr'>patriarchis,</span> <span class='ocrx_word' id='word_1_27' title='bbox 1739 548 1979 598; x_wconf 77' lang='lat' dir='ltr'>primatibus,</span> 
     </span>
     <span class='ocr_line' id='line_1_5' title="bbox 442 606 1980 660; baseline -0.001 -14"><span class='ocrx_word' id='word_1_28' title='bbox 442 610 729 660; x_wconf 76' lang='lat' dir='ltr'>archiepiscopis</span> <span class='ocrx_word' id='word_1_29' title='bbox 744 614 779 646; x_wconf 83' lang='lat' dir='ltr'>et</span> <span class='ocrx_word' id='word_1_30' title='bbox 791 609 974 659; x_wconf 89' lang='lat' dir='ltr'>episcopis</span> <span class='ocrx_word' id='word_1_31' title='bbox 987 608 1072 657; x_wconf 92' lang='lat' dir='ltr'>jure</span> <span class='ocrx_word' id='word_1_32' title='bbox 1086 608 1276 644; x_wconf 88' lang='lat' dir='ltr'>ordinario</span> <span class='ocrx_word' id='word_1_33' title='bbox 1291 606 1473 656; x_wconf 73' lang='lat' dir='ltr'>subjecta,</span> <span class='ocrx_word' id='word_1_34' title='bbox 1488 620 1555 643; x_wconf 90' lang='lat' dir='ltr'>nec</span> <span class='ocrx_word' id='word_1_35' title='bbox 1569 607 1615 644; x_wconf 85' lang='lat' dir='ltr'>ad</span> <span class='ocrx_word' id='word_1_36' title='bbox 1633 608 1837 645; x_wconf 83' lang='lat' dir='ltr'><strong>Romanam</strong></span> <span class='ocrx_word' id='word_1_37' title='bbox 1852 608 1980 645; x_wconf 86' lang='lat' dir='ltr'>Eccle-</span> 
     </span>
     <span class='ocr_line' id='line_1_6' title="bbox 442 665 1978 718; baseline -0.001 -14"><span class='ocrx_word' id='word_1_38' title='bbox 442 668 532 704; x_wconf 92' lang='lat' dir='ltr'>siam</span> <span class='ocrx_word' id='word_1_39' title='bbox 563 668 773 704; x_wconf 80' lang='lat' dir='ltr'>immediate</span> <span class='ocrx_word' id='word_1_40' title='bbox 799 667 1017 718; x_wconf 64' lang='lat' dir='ltr'>spectantia7</span> <span class='ocrx_word' id='word_1_41' title='bbox 1044 671 1079 703; x_wconf 87' lang='lat' dir='ltr'>et</span> <span class='ocrx_word' id='word_1_42' title='bbox 1104 666 1229 716; x_wconf 88' lang='lat' dir='ltr'>quoad</span> <span class='ocrx_word' id='word_1_43' title='bbox 1253 665 1432 702; x_wconf 82' lang='lat' dir='ltr'>moniales</span> <span class='ocrx_word' id='word_1_44' title='bbox 1458 666 1769 703; x_wconf 77' lang='lat' dir='ltr'>monasteriorum</span> <span class='ocrx_word' id='word_1_45' title='bbox 1794 666 1978 716; x_wconf 90' lang='lat' dir='ltr'>ejusmodi</span> 
     </span>
     <span class='ocr_line' id='line_1_7' title="bbox 383 723 1979 775; baseline -0.001 -13"><span class='ocrx_word' id='word_1_46' title='bbox 383 727 390 734; x_wconf 81' lang='lat'><strong>‘</strong></span> <span class='ocrx_word' id='word_1_47' title='bbox 442 727 639 763; x_wconf 84' lang='lat' dir='ltr'>abhatibus</span> <span class='ocrx_word' id='word_1_48' title='bbox 658 732 694 763; x_wconf 86' lang='lat' dir='ltr'>et</span> <span class='ocrx_word' id='word_1_49' title='bbox 710 727 810 772; x_wconf 65' lang='lat' dir='ltr'>aliis,</span> <span class='ocrx_word' id='word_1_50' title='bbox 834 731 907 762; x_wconf 83' lang='lat' dir='ltr'>tam</span> <span class='ocrx_word' id='word_1_51' title='bbox 934 724 1115 774; x_wconf 87' lang='lat' dir='ltr'>exemptis</span> <span class='ocrx_word' id='word_1_52' title='bbox 1144 737 1257 774; x_wconf 85' lang='lat' dir='ltr'>quam</span> <span class='ocrx_word' id='word_1_53' title='bbox 1285 737 1362 760; x_wconf 88' lang='lat' dir='ltr'>nou</span> <span class='ocrx_word' id='word_1_54' title='bbox 1390 723 1588 774; x_wconf 54' lang='lat' dir='ltr'>exemptis:</span> <span class='ocrx_word' id='word_1_55' title='bbox 1615 725 1852 762; x_wconf 88' lang='lat' dir='ltr'>ecclesiarum</span> <span class='ocrx_word' id='word_1_56' title='bbox 1871 738 1979 775; x_wconf 88' lang='lat' dir='ltr'>prae-</span> 
     </span>
     <span class='ocr_line' id='line_1_8' title="bbox 443 782 1978 835; baseline -0.001 -14"><span class='ocrx_word' id='word_1_57' title='bbox 443 785 539 830; x_wconf 60' lang='lat' dir='ltr'>latis,</span> <span class='ocrx_word' id='word_1_58' title='bbox 567 785 706 834; x_wconf 90' lang='lat' dir='ltr'>quibus</span> <span class='ocrx_word' id='word_1_59' title='bbox 728 785 915 835; x_wconf 87' lang='lat' dir='ltr'>praedicta</span> <span class='ocrx_word' id='word_1_60' title='bbox 943 783 1165 820; x_wconf 87' lang='lat' dir='ltr'>monasteria</span> <span class='ocrx_word' id='word_1_61' title='bbox 1190 782 1356 831; x_wconf 86' lang='lat' dir='ltr'>subjecta</span> <span class='ocrx_word' id='word_1_62' title='bbox 1379 787 1485 828; x_wconf 68' lang='lat' dir='ltr'>sunt,</span> <span class='ocrx_word' id='word_1_63' title='bbox 1511 782 1720 832; x_wconf 70' lang='lat' dir='ltr'>specialiter</span> <span class='ocrx_word' id='word_1_64' title='bbox 1737 782 1978 828; x_wconf 68' lang='lat' dir='ltr'>demandata‚</span> 
     </span>
     <span class='ocr_line' id='line_1_9' title="bbox 442 842 1982 893; baseline 0 -14"><span class='ocrx_word' id='word_1_65' title='bbox 442 856 509 879; x_wconf 87' lang='lat' dir='ltr'>nec</span> <span class='ocrx_word' id='word_1_66' title='bbox 534 843 582 880; x_wconf 90' lang='lat' dir='ltr'>sit</span> <span class='ocrx_word' id='word_1_67' title='bbox 604 843 801 893; x_wconf 89' lang='lat' dir='ltr'>praedictis</span> <span class='ocrx_word' id='word_1_68' title='bbox 829 843 1041 880; x_wconf 87' lang='lat' dir='ltr'>reverendis</span> <span class='ocrx_word' id='word_1_69' title='bbox 1066 842 1235 892; x_wconf 88' lang='lat' dir='ltr'>patribus</span> <span class='ocrx_word' id='word_1_70' title='bbox 1261 842 1498 893; x_wconf 71' lang='lat' dir='ltr'>patriarchis,</span> <span class='ocrx_word' id='word_1_71' title='bbox 1518 842 1759 892; x_wconf 52' lang='lat' dir='ltr'>primatibus³</span> <span class='ocrx_word' id='word_1_72' title='bbox 1777 842 1982 892; x_wconf 85' lang='lat' dir='ltr'>archiepis-</span> 
     </span>
     <span class='ocr_line' id='line_1_10' title="bbox 441 901 1982 952; baseline 0.001 -15"><span class='ocrx_word' id='word_1_73' title='bbox 441 902 543 952; x_wconf 88' lang='lat' dir='ltr'>copis</span> <span class='ocrx_word' id='word_1_74' title='bbox 562 906 597 938; x_wconf 89' lang='lat' dir='ltr'>et</span> <span class='ocrx_word' id='word_1_75' title='bbox 615 902 799 952; x_wconf 88' lang='lat' dir='ltr'>episcopis</span> <span class='ocrx_word' id='word_1_76' title='bbox 825 902 949 952; x_wconf 91' lang='lat' dir='ltr'>quoad</span> <span class='ocrx_word' id='word_1_77' title='bbox 979 901 1166 952; x_wconf 86' lang='lat' dir='ltr'>praedicta</span> <span class='ocrx_word' id='word_1_78' title='bbox 1193 901 1416 937; x_wconf 87' lang='lat' dir='ltr'>monasteria</span> <span class='ocrx_word' id='word_1_79' title='bbox 1444 905 1480 937; x_wconf 91' lang='lat' dir='ltr'>et</span> <span class='ocrx_word' id='word_1_80' title='bbox 1509 901 1688 938; x_wconf 83' lang='lat' dir='ltr'>moniales</span> <span class='ocrx_word' id='word_1_81' title='bbox 1716 913 1844 938; x_wconf 89' lang='lat' dir='ltr'>eorum</span> <span class='ocrx_word' id='word_1_82' title='bbox 1868 914 1982 952; x_wconf 85' lang='lat' dir='ltr'>super</span> 
     </span>
     <span class='ocr_line' id='line_1_11' title="bbox 440 959 1979 1011; baseline -0.001 -14"><span class='ocrx_word' id='word_1_83' title='bbox 440 960 657 997; x_wconf 82' lang='lat' dir='ltr'>executione</span> <span class='ocrx_word' id='word_1_84' title='bbox 676 961 861 1011; x_wconf 88' lang='lat' dir='ltr'>praedicta</span> <span class='ocrx_word' id='word_1_85' title='bbox 884 961 960 997; x_wconf 90' lang='lat' dir='ltr'>ulla</span> <span class='ocrx_word' id='word_1_86' title='bbox 987 960 1164 997; x_wconf 88' lang='lat' dir='ltr'>attributa</span> <span class='ocrx_word' id='word_1_87' title='bbox 1190 961 1360 1004; x_wconf 66' lang='lat' dir='ltr'>facultas,</span> <span class='ocrx_word' id='word_1_88' title='bbox 1384 961 1498 996; x_wconf 91' lang='lat' dir='ltr'>immo</span> <span class='ocrx_word' id='word_1_89' title='bbox 1518 959 1642 1010; x_wconf 88' lang='lat' dir='ltr'>potius</span> <span class='ocrx_word' id='word_1_90' title='bbox 1661 959 1783 996; x_wconf 90' lang='lat' dir='ltr'>omnis</span> <span class='ocrx_word' id='word_1_91' title='bbox 1801 959 1979 1010; x_wconf 82' lang='lat' dir='ltr'>denegata</span> 
     </span>
     <span class='ocr_line' id='line_1_12' title="bbox 438 1019 1980 1069; baseline 0.001 -14"><span class='ocrx_word' id='word_1_92' title='bbox 438 1023 616 1069; x_wconf 77' lang='lat' dir='ltr'>potestas7</span> <span class='ocrx_word' id='word_1_93' title='bbox 635 1019 732 1056; x_wconf 87' lang='lat' dir='ltr'>sicut</span> <span class='ocrx_word' id='word_1_94' title='bbox 748 1033 791 1056; x_wconf 90' lang='lat' dir='ltr'>ex</span> <span class='ocrx_word' id='word_1_95' title='bbox 813 1020 906 1056; x_wconf 89' lang='lat' dir='ltr'>serie</span> <span class='ocrx_word' id='word_1_96' title='bbox 924 1019 1044 1056; x_wconf 86' lang='lat' dir='ltr'>dictae</span> <span class='ocrx_word' id='word_1_97' title='bbox 1065 1019 1342 1056; x_wconf 80' lang='lat' dir='ltr'>constitutionis</span> <span class='ocrx_word' id='word_1_98' title='bbox 1369 1019 1560 1057; x_wconf 77' lang='lat' dir='ltr'>evidenter</span> <span class='ocrx_word' id='word_1_99' title='bbox 1577 1024 1748 1069; x_wconf 68' lang='lat' dir='ltr'>apparet,</span> <span class='ocrx_word' id='word_1_100' title='bbox 1773 1024 1809 1055; x_wconf 85' lang='lat' dir='ltr'>et</span> <span class='ocrx_word' id='word_1_101' title='bbox 1829 1031 1980 1056; x_wconf 85' lang='lat' dir='ltr'>monas-</span> 
     </span>
     <span class='ocr_line' id='line_1_13' title="bbox 437 1077 1979 1125; baseline 0 -11"><span class='ocrx_word' id='word_1_102' title='bbox 437 1079 568 1114; x_wconf 84' lang='lat' dir='ltr'>terium</span> <span class='ocrx_word' id='word_1_103' title='bbox 589 1079 807 1115; x_wconf 88' lang='lat' dir='ltr'>monialium</span> <span class='ocrx_word' id='word_1_104' title='bbox 832 1079 878 1115; x_wconf 92' lang='lat' dir='ltr'>de</span> <span class='ocrx_word' id='word_1_105' title='bbox 896 1079 997 1117; x_wconf 91' lang='lat' dir='ltr'>Nova</span> <span class='ocrx_word' id='word_1_106' title='bbox 1015 1079 1266 1125; x_wconf 55' lang='lat' dir='ltr'>Jherusalem5</span> <span class='ocrx_word' id='word_1_107' title='bbox 1287 1078 1540 1116; x_wconf 89' lang='lat' dir='ltr'>Cisterciensis</span> <span class='ocrx_word' id='word_1_108' title='bbox 1561 1078 1717 1124; x_wconf 71' lang='lat' dir='ltr'>ordinis,</span> <span class='ocrx_word' id='word_1_109' title='bbox 1735 1077 1979 1115; x_wconf 89' lang='lat' dir='ltr'>Tornacensis</span> 
     </span>
     <span class='ocr_line' id='line_1_14' title="bbox 437 1138 1980 1189; baseline 0.001 -16"><span class='ocrx_word' id='word_1_110' title='bbox 437 1138 650 1187; x_wconf 63' lang='lat' dir='ltr'>dyochcsis,</span> <span class='ocrx_word' id='word_1_111' title='bbox 671 1152 738 1175; x_wconf 88' lang='lat' dir='ltr'>nec</span> <span class='ocrx_word' id='word_1_112' title='bbox 756 1139 959 1175; x_wconf 85' lang='lat' dir='ltr'>reverendo</span> <span class='ocrx_word' id='word_1_113' title='bbox 978 1139 1072 1189; x_wconf 91' lang='lat' dir='ltr'>patri</span> <span class='ocrx_word' id='word_1_114' title='bbox 1090 1138 1245 1175; x_wconf 90' lang='lat' dir='ltr'>domino</span> <span class='ocrx_word' id='word_1_115' title='bbox 1260 1138 1436 1188; x_wconf 88' lang='lat' dir='ltr'>episcopo</span> <span class='ocrx_word' id='word_1_116' title='bbox 1451 1138 1675 1175; x_wconf 76' lang='lat' dir='ltr'>Tornaoensi</span> <span class='ocrx_word' id='word_1_117' title='bbox 1695 1138 1885 1175; x_wconf 85' lang='lat' dir='ltr'>ordinario</span> <span class='ocrx_word' id='word_1_118' title='bbox 1894 1138 1980 1188; x_wconf 84' lang='lat' dir='ltr'>jure</span> 
     </span>
     <span class='ocr_line' id='line_1_15' title="bbox 437 1196 1979 1247; baseline 0.002 -16"><span class='ocrx_word' id='word_1_119' title='bbox 437 1196 645 1245; x_wconf 84' lang='lat' dir='ltr'>subjectum</span> <span class='ocrx_word' id='word_1_120' title='bbox 679 1197 740 1242; x_wconf 81' lang='lat' dir='ltr'>sit,</span> <span class='ocrx_word' id='word_1_121' title='bbox 767 1210 834 1233; x_wconf 89' lang='lat' dir='ltr'>nec</span> <span class='ocrx_word' id='word_1_122' title='bbox 865 1197 910 1233; x_wconf 91' lang='lat' dir='ltr'>ad</span> <span class='ocrx_word' id='word_1_123' title='bbox 943 1198 1148 1234; x_wconf 88' lang='lat' dir='ltr'>Romanam</span> <span class='ocrx_word' id='word_1_124' title='bbox 1176 1197 1377 1234; x_wconf 85' lang='lat' dir='ltr'>Ecclesiam</span> <span class='ocrx_word' id='word_1_125' title='bbox 1407 1196 1620 1233; x_wconf 84' lang='lat' dir='ltr'>immediate</span> <span class='ocrx_word' id='word_1_126' title='bbox 1649 1201 1836 1247; x_wconf 71' lang='lat' dir='ltr'>spectans,</span> <span class='ocrx_word' id='word_1_127' title='bbox 1863 1196 1979 1234; x_wconf 86' lang='lat' dir='ltr'>immo</span> 
     </span>
     <span class='ocr_line' id='line_1_16' title="bbox 436 1254 1980 1305; baseline 0.001 -15"><span class='ocrx_word' id='word_1_128' title='bbox 436 1268 455 1290; x_wconf 86' lang='lat' dir='ltr'>a</span> <span class='ocrx_word' id='word_1_129' title='bbox 484 1254 702 1291; x_wconf 84' lang='lat' dir='ltr'>fundatione</span> <span class='ocrx_word' id='word_1_130' title='bbox 727 1268 792 1292; x_wconf 89' lang='lat' dir='ltr'>sua</span> <span class='ocrx_word' id='word_1_131' title='bbox 823 1255 1035 1292; x_wconf 89' lang='lat' dir='ltr'>immediate</span> <span class='ocrx_word' id='word_1_132' title='bbox 1055 1255 1175 1292; x_wconf 88' lang='lat' dir='ltr'>subsit</span> <span class='ocrx_word' id='word_1_133' title='bbox 1196 1254 1473 1291; x_wconf 87' lang='lat' dir='ltr'>venerabilibus</span> <span class='ocrx_word' id='word_1_134' title='bbox 1500 1255 1668 1305; x_wconf 82' lang='lat' dir='ltr'>patribus</span> <span class='ocrx_word' id='word_1_135' title='bbox 1690 1254 1815 1292; x_wconf 89' lang='lat' dir='ltr'>abbati</span> <span class='ocrx_word' id='word_1_136' title='bbox 1841 1254 1980 1292; x_wconf 77' lang='lat' dir='ltr'>Cister-</span> 
     </span>
     <span class='ocr_line' id='line_1_17' title="bbox 435 1312 1978 1363; baseline 0.001 -15"><span class='ocrx_word' id='word_1_137' title='bbox 435 1312 547 1349; x_wconf 89' lang='lat' dir='ltr'>ciensi</span> <span class='ocrx_word' id='word_1_138' title='bbox 572 1316 608 1348; x_wconf 90' lang='lat' dir='ltr'>et</span> <span class='ocrx_word' id='word_1_139' title='bbox 630 1313 875 1350; x_wconf 87' lang='lat' dir='ltr'>coabbatibus</span> <span class='ocrx_word' id='word_1_140' title='bbox 904 1313 999 1358; x_wconf 66' lang='lat' dir='ltr'>suis,</span> <span class='ocrx_word' id='word_1_141' title='bbox 1026 1326 1069 1349; x_wconf 90' lang='lat' dir='ltr'>ac</span> <span class='ocrx_word' id='word_1_142' title='bbox 1100 1313 1280 1349; x_wconf 78' lang='lat' dir='ltr'>moniales</span> <span class='ocrx_word' id='word_1_143' title='bbox 1311 1312 1478 1362; x_wconf 84' lang='lat' dir='ltr'>ejusdem</span> <span class='ocrx_word' id='word_1_144' title='bbox 1512 1312 1727 1349; x_wconf 85' lang='lat' dir='ltr'>monasterii</span> <span class='ocrx_word' id='word_1_145' title='bbox 1755 1325 1774 1349; x_wconf 87' lang='lat' dir='ltr'>a</span> <span class='ocrx_word' id='word_1_146' title='bbox 1802 1312 1978 1363; x_wconf 78' lang='lat' dir='ltr'>primaria</span> 
     </span>
     <span class='ocr_line' id='line_1_18' title="bbox 436 1368 1979 1422; baseline 0 -14"><span class='ocrx_word' id='word_1_147' title='bbox 436 1371 668 1408; x_wconf 87' lang='lat' dir='ltr'>institutione</span> <span class='ocrx_word' id='word_1_148' title='bbox 696 1385 762 1408; x_wconf 88' lang='lat' dir='ltr'>sua</span> <span class='ocrx_word' id='word_1_149' title='bbox 792 1372 989 1422; x_wconf 85' lang='lat' dir='ltr'>deputatae</span> <span class='ocrx_word' id='word_1_150' title='bbox 1021 1372 1097 1409; x_wconf 92' lang='lat' dir='ltr'>sint</span> <span class='ocrx_word' id='word_1_151' title='bbox 1127 1371 1381 1422; x_wconf 63' lang='lat' dir='ltr'>dispositioni,</span> <span class='ocrx_word' id='word_1_152' title='bbox 1410 1368 1693 1408; x_wconf 60' lang='lat' dir='ltr'>correctioni‘et</span> <span class='ocrx_word' id='word_1_153' title='bbox 1723 1371 1979 1408; x_wconf 78' lang='lat' dir='ltr'>reformationi</span> 
     </span>
     <span class='ocr_line' id='line_1_19' title="bbox 436 1429 1979 1480; baseline 0.001 -15"><span class='ocrx_word' id='word_1_154' title='bbox 436 1429 620 1466; x_wconf 89' lang='lat' dir='ltr'>dictorum</span> <span class='ocrx_word' id='word_1_155' title='bbox 647 1430 917 1466; x_wconf 90' lang='lat' dir='ltr'>venerabilium</span> <span class='ocrx_word' id='word_1_156' title='bbox 948 1435 1097 1480; x_wconf 88' lang='lat' dir='ltr'>patrum</span> <span class='ocrx_word' id='word_1_157' title='bbox 1129 1430 1326 1475; x_wconf 72' lang='lat' dir='ltr'>abbatum,</span> <span class='ocrx_word' id='word_1_158' title='bbox 1353 1434 1465 1480; x_wconf 90' lang='lat' dir='ltr'>prout</span> <span class='ocrx_word' id='word_1_159' title='bbox 1498 1430 1662 1480; x_wconf 88' lang='lat' dir='ltr'>ipsarum</span> <span class='ocrx_word' id='word_1_160' title='bbox 1689 1434 1725 1466; x_wconf 89' lang='lat' dir='ltr'>et</span> <span class='ocrx_word' id='word_1_161' title='bbox 1749 1429 1893 1478; x_wconf 84' lang='lat' dir='ltr'>ordinis</span> <span class='ocrx_word' id='word_1_162' title='bbox 1921 1429 1979 1466; x_wconf 88' lang='lat' dir='ltr'>sui</span> 
     </span>
     <span class='ocr_line' id='line_1_20' title="bbox 438 1488 1980 1539; baseline 0.001 -15"><span class='ocrx_word' id='word_1_163' title='bbox 438 1488 687 1525; x_wconf 87' lang='lat' dir='ltr'>institutiones</span> <span class='ocrx_word' id='word_1_164' title='bbox 706 1493 741 1525; x_wconf 90' lang='lat' dir='ltr'>et</span> <span class='ocrx_word' id='word_1_165' title='bbox 759 1489 951 1539; x_wconf 83' lang='lat' dir='ltr'>privilegia</span> <span class='ocrx_word' id='word_1_166' title='bbox 978 1489 1233 1535; x_wconf 80' lang='lat' dir='ltr'>manifestant,</span> <span class='ocrx_word' id='word_1_167' title='bbox 1253 1502 1295 1525; x_wconf 88' lang='lat' dir='ltr'>ac</span> <span class='ocrx_word' id='word_1_168' title='bbox 1318 1488 1392 1526; x_wconf 89' lang='lat' dir='ltr'>sint</span> <span class='ocrx_word' id='word_1_169' title='bbox 1414 1493 1449 1525; x_wconf 91' lang='lat' dir='ltr'>et</span> <span class='ocrx_word' id='word_1_170' title='bbox 1471 1489 1610 1525; x_wconf 79' lang='lat' dir='ltr'>suerint</span> <span class='ocrx_word' id='word_1_171' title='bbox 1632 1488 1781 1525; x_wconf 89' lang='lat' dir='ltr'>eaedem</span> <span class='ocrx_word' id='word_1_172' title='bbox 1801 1488 1980 1525; x_wconf 85' lang='lat' dir='ltr'>moniales</span> 
     </span>
     <span class='ocr_line' id='line_1_21' title="bbox 437 1547 1979 1598; baseline 0.001 -16"><span class='ocrx_word' id='word_1_173' title='bbox 437 1559 456 1582; x_wconf 83' lang='lat' dir='ltr'>a</span> <span class='ocrx_word' id='word_1_174' title='bbox 487 1547 595 1596; x_wconf 84' lang='lat' dir='ltr'>longe</span> <span class='ocrx_word' id='word_1_175' title='bbox 625 1547 815 1584; x_wconf 84' lang='lat' dir='ltr'>retroactis</span> <span class='ocrx_word' id='word_1_176' title='bbox 851 1548 1082 1598; x_wconf 89' lang='lat' dir='ltr'>temporibus</span> <span class='ocrx_word' id='word_1_177' title='bbox 1119 1548 1156 1584; x_wconf 92' lang='lat' dir='ltr'>in</span> <span class='ocrx_word' id='word_1_178' title='bbox 1188 1547 1294 1598; x_wconf 84' lang='lat' dir='ltr'>quasi</span> <span class='ocrx_word' id='word_1_179' title='bbox 1326 1547 1559 1598; x_wconf 89' lang='lat' dir='ltr'>possessione</span> <span class='ocrx_word' id='word_1_180' title='bbox 1591 1547 1746 1598; x_wconf 89' lang='lat' dir='ltr'>pacifica</span> <span class='ocrx_word' id='word_1_181' title='bbox 1776 1547 1979 1597; x_wconf 87' lang='lat' dir='ltr'>recipiendi</span> 
     </span>
     <span class='ocr_line' id='line_1_22' title="bbox 436 1606 1981 1658; baseline 0.001 -16"><span class='ocrx_word' id='word_1_182' title='bbox 436 1606 651 1643; x_wconf 87' lang='lat' dir='ltr'>eorumdem</span> <span class='ocrx_word' id='word_1_183' title='bbox 672 1607 942 1643; x_wconf 86' lang='lat' dir='ltr'>venerabilium</span> <span class='ocrx_word' id='word_1_184' title='bbox 962 1612 1110 1658; x_wconf 88' lang='lat' dir='ltr'>patrum</span> <span class='ocrx_word' id='word_1_185' title='bbox 1135 1607 1312 1644; x_wconf 85' lang='lat' dir='ltr'>abbatum</span> <span class='ocrx_word' id='word_1_186' title='bbox 1328 1608 1523 1655; x_wconf 81' lang='lat' dir='ltr'>dumtaxat</span> <span class='ocrx_word' id='word_1_187' title='bbox 1537 1611 1672 1644; x_wconf 90' lang='lat' dir='ltr'>statuta</span> <span class='ocrx_word' id='word_1_188' title='bbox 1684 1636 1693 1651; x_wconf 79' lang='grc'>.,</span> <span class='ocrx_word' id='word_1_189' title='bbox 1708 1607 1981 1651; x_wconf 61' lang='lat' dir='ltr'>ordinationes„</span> 
     </span>
     <span class='ocr_line' id='line_1_23' title="bbox 436 1665 1980 1715; baseline 0.001 -15"><span class='ocrx_word' id='word_1_190' title='bbox 436 1665 697 1710; x_wconf 71' lang='lat' dir='ltr'>correctiones7</span> <span class='ocrx_word' id='word_1_191' title='bbox 723 1665 863 1701; x_wconf 89' lang='lat' dir='ltr'>monita</span> <span class='ocrx_word' id='word_1_192' title='bbox 890 1670 924 1701; x_wconf 89' lang='lat' dir='ltr'>et</span> <span class='ocrx_word' id='word_1_193' title='bbox 948 1670 1161 1715; x_wconf 69' lang='lat' dir='ltr'>praecepta,</span> <span class='ocrx_word' id='word_1_194' title='bbox 1193 1670 1229 1702; x_wconf 87' lang='lat' dir='ltr'>et</span> <span class='ocrx_word' id='word_1_195' title='bbox 1254 1665 1439 1702; x_wconf 84' lang='lat' dir='ltr'>existendi</span> <span class='ocrx_word' id='word_1_196' title='bbox 1470 1665 1507 1701; x_wconf 95' lang='lat' dir='ltr'>in</span> <span class='ocrx_word' id='word_1_197' title='bbox 1536 1665 1683 1715; x_wconf 88' lang='lat' dir='ltr'>speciali</span> <span class='ocrx_word' id='word_1_198' title='bbox 1709 1669 1745 1701; x_wconf 86' lang='lat' dir='ltr'>et</span> <span class='ocrx_word' id='word_1_199' title='bbox 1769 1665 1980 1702; x_wconf 57' lang='lat' dir='ltr'>immediata</span> 
     </span>
     <span class='ocr_line' id='line_1_24' title="bbox 436 1721 1982 1774; baseline 0.002 -17"><span class='ocrx_word' id='word_1_200' title='bbox 436 1721 666 1771; x_wconf 85' lang='lat' dir='ltr'>subjectione</span> <span class='ocrx_word' id='word_1_201' title='bbox 685 1736 830 1769; x_wconf 56' lang='lat' dir='ltr'>eorum7</span> <span class='ocrx_word' id='word_1_202' title='bbox 853 1727 888 1760; x_wconf 92' lang='lat' dir='ltr'>et</span> <span class='ocrx_word' id='word_1_203' title='bbox 912 1727 1059 1773; x_wconf 84' lang='lat' dir='ltr'>paratae</span> <span class='ocrx_word' id='word_1_204' title='bbox 1087 1724 1161 1760; x_wconf 91' lang='lat' dir='ltr'>sint</span> <span class='ocrx_word' id='word_1_205' title='bbox 1187 1724 1404 1760; x_wconf 88' lang='lat' dir='ltr'>eorumdem</span> <span class='ocrx_word' id='word_1_206' title='bbox 1428 1723 1716 1760; x_wconf 88' lang='lat' dir='ltr'>reverendorum</span> <span class='ocrx_word' id='word_1_207' title='bbox 1740 1729 1888 1774; x_wconf 83' lang='lat' dir='ltr'>patrum</span> <span class='ocrx_word' id='word_1_208' title='bbox 1913 1723 1982 1760; x_wconf 81' lang='lat' dir='ltr'>ab·</span> 
     </span>
     <span class='ocr_line' id='line_1_25' title="bbox 435 1780 1980 1831; baseline 0.001 -15"><span class='ocrx_word' id='word_1_209' title='bbox 435 1780 563 1816; x_wconf 86' lang='lat' dir='ltr'>batum</span> <span class='ocrx_word' id='word_1_210' title='bbox 583 1781 805 1818; x_wconf 87' lang='lat' dir='ltr'>salutaribus</span> <span class='ocrx_word' id='word_1_211' title='bbox 827 1782 977 1818; x_wconf 88' lang='lat' dir='ltr'>monitis</span> <span class='ocrx_word' id='word_1_212' title='bbox 1002 1795 1115 1831; x_wconf 90' lang='lat' dir='ltr'>super</span> <span class='ocrx_word' id='word_1_213' title='bbox 1139 1782 1323 1818; x_wconf 86' lang='lat' dir='ltr'>contentis</span> <span class='ocrx_word' id='word_1_214' title='bbox 1352 1782 1389 1818; x_wconf 89' lang='lat' dir='ltr'>in</span> <span class='ocrx_word' id='word_1_215' title='bbox 1420 1782 1519 1819; x_wconf 89' lang='lat' dir='ltr'>dicta</span> <span class='ocrx_word' id='word_1_216' title='bbox 1544 1782 1810 1818; x_wconf 88' lang='lat' dir='ltr'>constitutione</span> <span class='ocrx_word' id='word_1_217' title='bbox 1829 1787 1864 1818; x_wconf 89' lang='lat' dir='ltr'>et</span> <span class='ocrx_word' id='word_1_218' title='bbox 1882 1782 1980 1827; x_wconf 71' lang='lat' dir='ltr'>aliis,</span> 
     </span>
     <span class='ocr_line' id='line_1_26' title="bbox 437 1839 1980 1891; baseline 0.003 -18"><span class='ocrx_word' id='word_1_219' title='bbox 437 1839 642 1874; x_wconf 86' lang='lat' dir='ltr'>secundum</span> <span class='ocrx_word' id='word_1_220' title='bbox 662 1853 766 1875; x_wconf 88' lang='lat' dir='ltr'>suam</span> <span class='ocrx_word' id='word_1_221' title='bbox 791 1841 953 1890; x_wconf 85' lang='lat' dir='ltr'>regulam</span> <span class='ocrx_word' id='word_1_222' title='bbox 975 1845 1010 1877; x_wconf 91' lang='lat' dir='ltr'>et</span> <span class='ocrx_word' id='word_1_223' title='bbox 1027 1846 1138 1891; x_wconf 89' lang='lat' dir='ltr'>prout</span> <span class='ocrx_word' id='word_1_224' title='bbox 1156 1841 1371 1886; x_wconf 58' lang='lat' dir='ltr'>debuerint7</span> <span class='ocrx_word' id='word_1_225' title='bbox 1399 1841 1553 1877; x_wconf 89' lang='lat' dir='ltr'>obedire</span> <span class='ocrx_word' id='word_1_226' title='bbox 1575 1841 1717 1877; x_wconf 85' lang='lat' dir='ltr'>devote.</span> <span class='ocrx_word' id='word_1_227' title='bbox 1742 1841 1980 1878; x_wconf 86' lang='lat' dir='ltr'>Reverendus</span> 
     </span>
     <span class='ocr_line' id='line_1_27' title="bbox 439 1894 1979 1949; baseline 0.002 -17"><span class='ocrx_word' id='word_1_228' title='bbox 439 1902 559 1933; x_wconf 84' lang='lat' dir='ltr'>tamen</span> <span class='ocrx_word' id='word_1_229' title='bbox 582 1903 683 1947; x_wconf 88' lang='lat' dir='ltr'>pater</span> <span class='ocrx_word' id='word_1_230' title='bbox 700 1898 875 1935; x_wconf 88' lang='lat' dir='ltr'>dominus</span> <span class='ocrx_word' id='word_1_231' title='bbox 898 1899 943 1944; x_wconf 81' lang='lat' dir='ltr'>J.‚</span> <span class='ocrx_word' id='word_1_232' title='bbox 968 1899 1213 1936; x_wconf 86' lang='lat' dir='ltr'>Tornacensis</span> <span class='ocrx_word' id='word_1_233' title='bbox 1241 1900 1459 1949; x_wconf 69' lang='lat' dir='ltr'>episcopus,</span> <span class='ocrx_word' id='word_1_234' title='bbox 1486 1911 1671 1949; x_wconf 85' lang='lat' dir='ltr'>usurpans</span> <span class='ocrx_word' id='word_1_235' title='bbox 1697 1899 1768 1935; x_wconf 90' lang='lat' dir='ltr'>sibi</span> <span class='ocrx_word' id='word_1_236' title='bbox 1796 1899 1842 1935; x_wconf 89' lang='lat' dir='ltr'>de</span> <span class='ocrx_word' id='word_1_237' title='bbox 1865 1894 1979 1944; x_wconf 56' lang='lat' dir='ltr'>facto&#39;q</span> 
     </span>
     <span class='ocr_line' id='line_1_28' title="bbox 439 1955 1978 2006; baseline 0.002 -15"><span class='ocrx_word' id='word_1_238' title='bbox 439 1969 522 1991; x_wconf 85' lang='lat' dir='ltr'>cum</span> <span class='ocrx_word' id='word_1_239' title='bbox 546 1955 593 1991; x_wconf 88' lang='lat' dir='ltr'>de</span> <span class='ocrx_word' id='word_1_240' title='bbox 610 1956 695 2004; x_wconf 87' lang='lat' dir='ltr'>jure</span> <span class='ocrx_word' id='word_1_241' title='bbox 718 1969 791 1992; x_wconf 92' lang='lat' dir='ltr'>non</span> <span class='ocrx_word' id='word_1_242' title='bbox 816 1957 952 2006; x_wconf 57' lang='lat' dir='ltr'>possit„</span> <span class='ocrx_word' id='word_1_243' title='bbox 980 1957 1236 1994; x_wconf 84' lang='lat' dir='ltr'>executionem</span> <span class='ocrx_word' id='word_1_244' title='bbox 1264 1957 1384 1994; x_wconf 87' lang='lat' dir='ltr'>dictae</span> <span class='ocrx_word' id='word_1_245' title='bbox 1403 1957 1678 1994; x_wconf 90' lang='lat' dir='ltr'>constitutionis</span> <span class='ocrx_word' id='word_1_246' title='bbox 1696 1957 1733 1993; x_wconf 94' lang='lat' dir='ltr'>in</span> <span class='ocrx_word' id='word_1_247' title='bbox 1753 1957 1978 1994; x_wconf 83' lang='lat' dir='ltr'>abbatissam</span> 
     </span>
     <span class='ocr_line' id='line_1_29' title="bbox 438 2015 1979 2067; baseline 0.001 -17"><span class='ocrx_word' id='word_1_248' title='bbox 438 2020 473 2050; x_wconf 88' lang='lat' dir='ltr'>et</span> <span class='ocrx_word' id='word_1_249' title='bbox 486 2020 710 2052; x_wconf 86' lang='lat' dir='ltr'>conventum</span> <span class='ocrx_word' id='word_1_250' title='bbox 725 2016 903 2065; x_wconf 86' lang='lat' dir='ltr'>praedicti</span> <span class='ocrx_word' id='word_1_251' title='bbox 919 2017 1131 2053; x_wconf 89' lang='lat' dir='ltr'>monasterii</span> <span class='ocrx_word' id='word_1_252' title='bbox 1149 2017 1186 2053; x_wconf 90' lang='lat' dir='ltr'>in</span> <span class='ocrx_word' id='word_1_253' title='bbox 1207 2017 1478 2067; x_wconf 89' lang='lat' dir='ltr'>praejudicium</span> <span class='ocrx_word' id='word_1_254' title='bbox 1493 2016 1706 2053; x_wconf 85' lang='lat' dir='ltr'>earumdem</span> <span class='ocrx_word' id='word_1_255' title='bbox 1722 2015 1930 2053; x_wconf 85' lang='lat' dir='ltr'>abbatissae</span> <span class='ocrx_word' id='word_1_256' title='bbox 1943 2020 1979 2052; x_wconf 89' lang='lat' dir='ltr'>et</span> 
     </span>
     <span class='ocr_line' id='line_1_30' title="bbox 440 2072 1976 2126; baseline 0.003 -19"><span class='ocrx_word' id='word_1_257' title='bbox 440 2079 642 2110; x_wconf 75' lang='lat' dir='ltr'>conventus</span> <span class='ocrx_word' id='word_1_258' title='bbox 664 2088 706 2111; x_wconf 91' lang='lat' dir='ltr'>ac</span> <span class='ocrx_word' id='word_1_259' title='bbox 725 2072 905 2112; x_wconf 80' lang='lat' dir='ltr'>libertatis</span> <span class='ocrx_word' id='word_1_260' title='bbox 924 2081 959 2111; x_wconf 91' lang='lat' dir='ltr'>et</span> <span class='ocrx_word' id='word_1_261' title='bbox 977 2075 1258 2126; x_wconf 83' lang='lat' dir='ltr'>privilegiorum</span> <span class='ocrx_word' id='word_1_262' title='bbox 1283 2076 1427 2112; x_wconf 87' lang='lat' dir='ltr'>ordinis</span> <span class='ocrx_word' id='word_1_263' title='bbox 1448 2076 1504 2113; x_wconf 90' lang='lat' dir='ltr'>sui</span> <span class='ocrx_word' id='word_1_264' title='bbox 1529 2081 1564 2112; x_wconf 90' lang='lat' dir='ltr'>et</span> <span class='ocrx_word' id='word_1_265' title='bbox 1586 2075 1750 2125; x_wconf 89' lang='lat' dir='ltr'>ipsarum</span> <span class='ocrx_word' id='word_1_266' title='bbox 1771 2075 1976 2125; x_wconf 89' lang='lat' dir='ltr'>dampnum</span> 
     </span>
     <span class='ocr_line' id='line_1_31' title="bbox 443 2133 1979 2183; baseline 0.001 -15"><span class='ocrx_word' id='word_1_267' title='bbox 443 2145 516 2168; x_wconf 88' lang='lat' dir='ltr'>non</span> <span class='ocrx_word' id='word_1_268' title='bbox 538 2133 725 2169; x_wconf 89' lang='lat' dir='ltr'>modicum</span> <span class='ocrx_word' id='word_1_269' title='bbox 745 2138 780 2170; x_wconf 87' lang='lat' dir='ltr'>et</span> <span class='ocrx_word' id='word_1_270' title='bbox 797 2147 994 2183; x_wconf 84' lang='lat' dir='ltr'>gravamen</span> <span class='ocrx_word' id='word_1_271' title='bbox 1024 2139 1060 2170; x_wconf 84' lang='lat' dir='ltr'>et</span> <span class='ocrx_word' id='word_1_272' title='bbox 1083 2139 1210 2171; x_wconf 88' lang='lat' dir='ltr'>contra</span> <span class='ocrx_word' id='word_1_273' title='bbox 1241 2139 1400 2171; x_wconf 90' lang='lat' dir='ltr'>mentem</span> <span class='ocrx_word' id='word_1_274' title='bbox 1421 2134 1540 2170; x_wconf 86' lang='lat' dir='ltr'>dictae</span> <span class='ocrx_word' id='word_1_275' title='bbox 1567 2133 1860 2179; x_wconf 64' lang='lat' dir='ltr'>constitutionis,</span> <span class='ocrx_word' id='word_1_276' title='bbox 1887 2133 1979 2169; x_wconf 79' lang='lat' dir='ltr'>fines</span> 
     </span>
     <span class='ocr_line' id='line_1_32' title="bbox 442 2190 1980 2242; baseline 0.001 -16"><span class='ocrx_word' id='word_1_277' title='bbox 442 2190 549 2226; x_wconf 81' lang='lat' dir='ltr'>etiam</span> <span class='ocrx_word' id='word_1_278' title='bbox 569 2190 734 2239; x_wconf 84' lang='lat' dir='ltr'>ejusdem</span> <span class='ocrx_word' id='word_1_279' title='bbox 760 2193 1035 2229; x_wconf 90' lang='lat' dir='ltr'>constitutionis</span> <span class='ocrx_word' id='word_1_280' title='bbox 1064 2193 1258 2239; x_wconf 64' lang='lat' dir='ltr'>excedens,</span> <span class='ocrx_word' id='word_1_281' title='bbox 1278 2193 1425 2229; x_wconf 90' lang='lat' dir='ltr'>monuit</span> <span class='ocrx_word' id='word_1_282' title='bbox 1441 2205 1504 2229; x_wconf 90' lang='lat' dir='ltr'>seu</span> <span class='ocrx_word' id='word_1_283' title='bbox 1523 2191 1665 2229; x_wconf 89' lang='lat' dir='ltr'>moneri</span> <span class='ocrx_word' id='word_1_284' title='bbox 1685 2192 1771 2228; x_wconf 86' lang='lat' dir='ltr'>fecit</span> <span class='ocrx_word' id='word_1_285' title='bbox 1788 2204 1854 2242; x_wconf 87' lang='lat' dir='ltr'>per</span> <span class='ocrx_word' id='word_1_286' title='bbox 1870 2191 1980 2228; x_wconf 88' lang='lat' dir='ltr'>deca-</span> 
     </span>
     <span class='ocr_line' id='line_1_33' title="bbox 444 2250 1980 2301; baseline 0.001 -16"><span class='ocrx_word' id='word_1_287' title='bbox 444 2263 532 2285; x_wconf 89' lang='lat' dir='ltr'>num</span> <span class='ocrx_word' id='word_1_288' title='bbox 565 2250 851 2288; x_wconf 86' lang='lat' dir='ltr'>Christianitatis</span> <span class='ocrx_word' id='word_1_289' title='bbox 870 2252 1098 2301; x_wconf 79' lang='lat' dir='ltr'>Brugensem</span> <span class='ocrx_word' id='word_1_290' title='bbox 1126 2253 1221 2288; x_wconf 89' lang='lat' dir='ltr'>trina</span> <span class='ocrx_word' id='word_1_291' title='bbox 1241 2252 1463 2295; x_wconf 63' lang='lat' dir='ltr'>monitione„</span> <span class='ocrx_word' id='word_1_292' title='bbox 1491 2252 1540 2288; x_wconf 83' lang='lat' dir='ltr'>ita</span> <span class='ocrx_word' id='word_1_293' title='bbox 1567 2251 1668 2301; x_wconf 90' lang='lat' dir='ltr'>quod</span> <span class='ocrx_word' id='word_1_294' title='bbox 1689 2250 1878 2301; x_wconf 90' lang='lat' dir='ltr'>quaelibet</span> <span class='ocrx_word' id='word_1_295' title='bbox 1898 2263 1980 2287; x_wconf 88' lang='lat' dir='ltr'>rno-</span> 
     </span>
     <span class='ocr_line' id='line_1_34' title="bbox 441 2307 1978 2360; baseline 0 -16"><span class='ocrx_word' id='word_1_296' title='bbox 441 2307 533 2344; x_wconf 88' lang='lat' dir='ltr'>nitio</span> <span class='ocrx_word' id='word_1_297' title='bbox 548 2311 630 2343; x_wconf 88' lang='lat' dir='ltr'>octo</span> <span class='ocrx_word' id='word_1_298' title='bbox 648 2308 792 2345; x_wconf 90' lang='lat' dir='ltr'>dierum</span> <span class='ocrx_word' id='word_1_299' title='bbox 807 2310 995 2346; x_wconf 84' lang='lat' dir='ltr'>contineat</span> <span class='ocrx_word' id='word_1_300' title='bbox 1008 2310 1185 2360; x_wconf 64' lang='lat' dir='ltr'>spatium,</span> <span class='ocrx_word' id='word_1_301' title='bbox 1201 2310 1408 2347; x_wconf 87' lang='lat' dir='ltr'>abbatissae</span> <span class='ocrx_word' id='word_1_302' title='bbox 1421 2315 1456 2346; x_wconf 91' lang='lat' dir='ltr'>et</span> <span class='ocrx_word' id='word_1_303' title='bbox 1467 2309 1666 2347; x_wconf 89' lang='lat' dir='ltr'>conventui</span> <span class='ocrx_word' id='word_1_304' title='bbox 1681 2308 1956 2359; x_wconf 85' lang='lat' dir='ltr'>praedictarum</span> <span class='ocrx_word' id='word_1_305' title='bbox 1969 2337 1978 2354; x_wconf 79' lang='grc'><em>,</em></span> 
     </span>
     <span class='ocr_line' id='line_1_35' title="bbox 442 2366 1978 2418; baseline 0.001 -17"><span class='ocrx_word' id='word_1_306' title='bbox 442 2371 482 2402; x_wconf 80' lang='grc' dir='ltr'>ιιι</span> <span class='ocrx_word' id='word_1_307' title='bbox 504 2366 603 2415; x_wconf 87' lang='lat' dir='ltr'>ipsae</span> <span class='ocrx_word' id='word_1_308' title='bbox 626 2371 698 2402; x_wconf 82' lang='lat' dir='ltr'>tam</span> <span class='ocrx_word' id='word_1_309' title='bbox 726 2372 933 2416; x_wconf 88' lang='lat' dir='ltr'>praesentes</span> <span class='ocrx_word' id='word_1_310' title='bbox 959 2381 1070 2418; x_wconf 89' lang='lat' dir='ltr'>quam</span> <span class='ocrx_word' id='word_1_311' title='bbox 1098 2369 1243 2405; x_wconf 88' lang='lat' dir='ltr'>futurae</span> <span class='ocrx_word' id='word_1_312' title='bbox 1268 2369 1313 2405; x_wconf 91' lang='lat' dir='ltr'>de</span> <span class='ocrx_word' id='word_1_313' title='bbox 1337 2374 1479 2406; x_wconf 88' lang='lat' dir='ltr'>caetero</span> <span class='ocrx_word' id='word_1_314' title='bbox 1510 2369 1547 2404; x_wconf 94' lang='lat' dir='ltr'>in</span> <span class='ocrx_word' id='word_1_315' title='bbox 1576 2366 1799 2405; x_wconf 84' lang='lat' dir='ltr'>monasterio</span> <span class='ocrx_word' id='word_1_316' title='bbox 1822 2379 1889 2403; x_wconf 89' lang='lat' dir='ltr'>suo</span> <span class='ocrx_word' id='word_1_317' title='bbox 1908 2366 1978 2403; x_wconf 90' lang='lat' dir='ltr'>sub</span> 
     </span>
     <span class='ocr_line' id='line_1_36' title="bbox 443 2425 1979 2476; baseline 0 -17"><span class='ocrx_word' id='word_1_318' title='bbox 443 2428 617 2475; x_wconf 84' lang='lat' dir='ltr'>perpetua</span> <span class='ocrx_word' id='word_1_319' title='bbox 636 2425 805 2461; x_wconf 88' lang='lat' dir='ltr'>clausura</span> <span class='ocrx_word' id='word_1_320' title='bbox 824 2431 1066 2475; x_wconf 87' lang='lat' dir='ltr'>permaneant</span> <span class='ocrx_word' id='word_1_321' title='bbox 1083 2432 1118 2463; x_wconf 89' lang='lat' dir='ltr'>et</span> <span class='ocrx_word' id='word_1_322' title='bbox 1135 2441 1173 2464; x_wconf 90' lang='lat' dir='ltr'>se</span> <span class='ocrx_word' id='word_1_323' title='bbox 1196 2427 1404 2474; x_wconf 69' lang='lat' dir='ltr'>includant,</span> <span class='ocrx_word' id='word_1_324' title='bbox 1433 2428 1480 2463; x_wconf 86' lang='lat' dir='ltr'>ita</span> <span class='ocrx_word' id='word_1_325' title='bbox 1505 2426 1607 2476; x_wconf 86' lang='lat' dir='ltr'>quod</span> <span class='ocrx_word' id='word_1_326' title='bbox 1631 2425 1723 2462; x_wconf 90' lang='lat' dir='ltr'>nulli</span> <span class='ocrx_word' id='word_1_327' title='bbox 1743 2437 1869 2461; x_wconf 86' lang='lat' dir='ltr'>earum</span> <span class='ocrx_word' id='word_1_328' title='bbox 1890 2436 1979 2474; x_wconf 90' lang='lat' dir='ltr'>pro-</span> 
     </span>
    </p>
   </div>
  </div>
 </body>
</html>
