2184 3074
743 325 904 364 CODEX
931 325 1028 364 DUN
1035 325 1176 364 ENSIS.
1658 324 1673 360 I
1681 324 1728 362 29

845 500 1071 539 LXXXVIII.

189 619 433 657 Protestation
453 623 576 656 contre
593 617 630 655 la
643 618 847 666 praemiove
867 616 911 654 de
927 618 1086 654 certains
1113 628 1315 666 voyaqeura
1337 616 1403 666 qui
1427 628 1464 652 se
1485 614 1603 652 disent
1626 628 1722 652 mar·

238 675 379 715 chands
412 677 463 715 du
492 688 610 726 pape,
644 675 688 713 de
723 688 760 712 se
793 675 892 725 faire
925 675 1086 712 (Ie'livrer
1119 674 1180 712 des
1214 674 1379 712 chevauae
1413 674 1434 710 ἁ
1469 672 1630 723 l'abbaye
1664 674 1726 711 des

240 735 378 772 Dunes.

243 909 335 946 Cum
355 909 499 955 tales...7
517 908 583 959 qui
603 921 641 945 se
659 912 830 946 asserunt
853 908 988 945 summi
1009 907 1196 958 pontilicis
1216 913 1453 954 mercatores,
1468 914 1593 959 petant
1612 923 1727 959 equos

194 980 213 1004 a
233 967 456 1011 monasterio
478 967 524 1003 de
551 966 690 1012 Dunis,
722 965 974 1003 Cisterciensis
1001 966 1159 1011 ordinis7
1177 966 1420 1004 Tornacensis
1446 967 1633 1016 dyocesis„
1660 981 1727 1018 pro

193 1025 419 1077 quibusdam
452 1025 606 1076 pannis,
628 1029 670 1062 ut
700 1024 848 1070 dicunt⁷
870 1025 1064 1070 vehendis,
1095 1025 1230 1061 virtute
1251 1025 1498 1075 quarumdam
1523 1026 1725 1063 litterarum

192 1097 353 1135 quarum
379 1083 524 1134 copiam
553 1082 664 1120 michi
701 1083 803 1120 fratri
827 1083 982 1129 Alardo‚
1007 1084 1238 1133 procuratori
1270 1083 1358 1120 dicti
1388 1085 1616 1129 monasterii,
1644 1090 1728 1135 peto

191 1141 372 1179 exhiberi.
402 1141 548 1190 Quibus
581 1140 757 1183 exhibitis
793 1141 863 1178 sub
896 1146 1022 1178 tenore
1054 1142 1119 1192 qui
1151 1143 1339 1194 sequitur,
1368 1147 1452 1189 etc„
1475 1143 1529 1179 vel
1565 1143 1594 1180 si
1621 1143 1730 1180 exbi-

191 1200 279 1238 bere
297 1200 501 1242 noluerint,
523 1200 576 1237 sic
603 1199 749 1236 dicatur
768 1215 774 1236 :
800 1200 844 1237 Et
862 1200 950 1250 quia
979 1199 1091 1237 michi
1122 1201 1351 1251 procuratori
1375 1201 1563 1252 praedicto
1583 1203 1727 1252 copiam

190 1272 342 1298 suarum
370 1259 574 1296 litterarum
598 1258 783 1309 denegant
813 1258 1004 1305 exhibere„
1031 1272 1051 1295 a
1078 1259 1183 1296 vobis
1210 1260 1385 1309 magistro
1409 1260 1484 1304 W„
1514 1261 1731 1297 auctoritate

190 1317 287 1355 sedis
305 1317 528 1368 apostolicae
552 1317 704 1368 publico
724 1317 889 1363 notario,
911 1317 1090 1354 instanter
1112 1323 1197 1368 peto
1223 1318 1419 1369 publicum
1441 1317 1727 1355 instrumentum

192 1376 271 1414 fieri
291 1380 326 1413 et
345 1375 458 1412 michi
482 1375 575 1412 illud
594 1375 778 1422 exhiberi,
797 1379 993 1426 vestroque
1012 1380 1188 1412 consueto
1208 1376 1314 1426 signo
1336 1376 1485 1426 signari.
1504 1377 1547 1413 Et
1569 1382 1656 1413 tunc
1678 1377 1729 1413 sic

192 1435 292 1473 dicat
313 1434 468 1472 ulterius
491 1450 498 1471 :
518 1435 563 1472 Et
581 1435 665 1472 lieet
683 1434 776 1472 mihi
795 1447 870 1472 non
893 1435 1114 1471 exhibeatur
1134 1435 1239 1485 copia
1261 1435 1476 1484 hujusmodi
1505 1435 1729 1472 litterarum.

193 1506 260 1544 ego
290 1498 411 1530 tamen
444 1493 556 1530 frater
581 1493 740 1531 Alardus
771 1493 999 1544 praedictus,
1029 1498 1248 1544 procurator
1273 1493 1474 1544 supradicti
1499 1493 1730 1530 monasterii.

194 1551 346 1589 nomine
370 1565 452 1589 meo
477 1555 512 1588 et
543 1551 660 1602 ipsius
692 1551 905 1589 monasterii
934 1551 1140 1602 respondeo
1165 1552 1203 1588 in
1236 1552 1337 1588 hunc
1360 1551 1460 1602 quod
1493 1565 1577 1589 eum
1596 1566 1615 1587 a
1639 1551 1731 1589 Sede

193 1610 406 1661 Apostolica
436 1613 562 1647 nostro
595 1609 835 1656 monasterio⁷
861 1609 1003 1660 totique
1029 1610 1261 1647 Cisterciensi
1295 1610 1417 1646 ordini
1451 1609 1657 1660 specialiter
1685 1610 1729 1646 sit

193 1668 383 1706 indultum
405 1681 426 1705 a
452 1668 684 1706 sanctissimo
715 1673 818 1719 patre
843 1682 884 1705 ac
907 1669 1061 1706 domino
1092 1669 1304 1706 Alexandro
1331 1682 1447 1719 papae
1475 1669 1585 1714 Illl‘⁰‚
1618 1668 1732 1705 felicis

193 1727 475 1774 recordationis,
495 1729 597 1779 quod
621 1728 667 1765 ad
694 1729 978 1779 praestationem
1003 1729 1258 1767 subsidiorum
1284 1734 1319 1766 et
1346 1729 1581 1767 exactionum
1611 1729 1733 1779 impo-

195 1786 402 1824 nendarum
430 1786 538 1824 nobis
563 1791 599 1823 et
617 1787 792 1825 domibus
813 1787 948 1824 nostris
967 1801 1030 1824 seu
1058 1788 1174 1824 nostri
1195 1787 1338 1825 ordinis
1363 1801 1382 1824 a
1407 1787 1500 1824 Sede
1522 1787 1731 1837 Apostolica

194 1845 252 1882 vel
271 1845 399 1895 legatis
423 1845 605 1894 ejusdem,
626 1859 690 1883 seu
717 1846 884 1896 ipsorum
912 1846 1129 1883 auctoritate
1158 1859 1200 1883 ac
1228 1845 1423 1891 mandato,
1453 1851 1516 1882 aut
1545 1845 1732 1894 aliquibus

196 1903 338 1940 nuntiis
358 1902 477 1940 dictae
495 1903 610 1950 sedis,
631 1917 705 1942 non
733 1909 924 1941 teneamur
949 1894 1015 1954 per
1034 1904 1171 1942 litteras
1192 1904 1306 1955 ipsius
1323 1904 1420 1941 sedis
1439 1917 1503 1941 seu
1529 1904 1730 1953 legatorum

196 1959 276 2010 ejus
299 1973 395 2011 quae
413 1961 560 2011 plenam
581 1965 617 1998 et
634 1975 844 2012 expressam
865 1962 911 1999 de
926 1962 1155 2013 indulgentia
1176 1962 1391 2012 hujusmodi
1407 1967 1442 1998 et
1461 1966 1586 1998 nostro
1601 1960 1733 1997 ordine

197 2032 273 2056 non
291 2019 444 2056 fecerint
458 2021 697 2058 mentionem.
712 2021 850 2069 Quare,
868 2034 952 2058 cum
969 2021 1176 2071 praedictae
1191 2022 1356 2071 ipsorum
1377 2025 1622 2057 mercatorum
1642 2018 1733 2055 litte-

196 2091 258 2115 rae
283 2078 329 2115 de
354 2078 486 2116 ordine
504 2085 630 2117 nostro
648 2085 684 2117 et
709 2080 938 2131 indulgentia
970 2086 1095 2118 nostro
1112 2080 1234 2117 ordini
1256 2079 1398 2116 indulta
1426 2078 1566 2115 nullam
1586 2077 1733 2127 penitus

197 2136 333 2173 saciant
350 2137 596 2185 mentionem,
621 2138 756 2176 virtute
773 2152 931 2189 quarum
953 2138 1060 2176 nobis
1078 2143 1114 2174 et
1132 2138 1240 2175 dictis
1259 2137 1461 2188 privilegiis
1481 2141 1602 2186 posset
1627 2148 1734 2184 prae-

192 2193 378 2242 judicium
402 2195 555 2246 aliquod
580 2198 768 2247 generari,
794 2197 960 2247 ipsorum
987 2197 1203 2247 petitionem
1229 2196 1424 2232 admittere
1451 2207 1524 2230 non
1550 2198 1732 2230 tenemur.

197 2253 267 2290 nisi
285 2253 409 2291 habita
429 2255 533 2305 prius
551 2256 818 2294 deliberatione
839 2263 875 2293 et
893 2256 1048 2293 consilio
1075 2269 1159 2292 cum
1187 2254 1391 2304 majoribus
1417 2259 1453 2290 et
1479 2252 1734 2304 superioribus

198 2311 341 2350 ordinis
357 2313 470 2350 nostri
486 2327 580 2364 quos
597 2315 711 2366 tangit
727 2316 848 2366 ipsum
866 2315 1054 2365 negotium
1070 2319 1105 2350 et
1119 2313 1314 2364 praecipue
1334 2313 1493 2363 pertinet
1509 2311 1555 2349 ad
1574 2311 1734 2348 eosdem.

199 2374 234 2407 et
259 2375 347 2408 tunc
366 2371 535 2422 legantur
552 2372 756 2424 privilegia.
776 2374 820 2410 Et
838 2373 867 2410 si
884 2377 1010 2423 petant
1031 2372 1175 2422 copiam
1196 2371 1493 2422 privilegioruim
1508 2369 1560 2406 sic
1581 2382 1734 2419 respon-

201 2429 331 2466 deatur
351 2445 358 2466 ε
385 2430 462 2481 Ego
481 2435 699 2482 procurator
713 2431 922 2482 praedictus
936 2431 983 2468 de
1002 2430 1204 2481 privilegiis
1223 2429 1445 2480 supradietis
1464 2428 1607 2478 copiam
1627 2427 1735 2463 dictis

1546 2487 1587 2523 ¹7
