2184 3074
420 293 468 332 10
969 291 1131 329 CODEX
1154 289 1402 329 DUNENSIS.

422 421 505 444 rum
524 408 603 445 fieri
623 409 760 445 fecistis
781 413 816 445 et
838 408 1040 445 mandastis
1056 407 1257 458 quamdam
1277 407 1577 458 inquisitionem,
1592 419 1704 458 super
1719 421 1793 458 qua
1813 408 1951 459 proba-

422 466 539 504 tiones
557 467 730 504 inductae
748 471 836 504 sunt
853 472 888 503 et
905 480 1017 517 super
1033 480 1106 516 qua
1125 466 1170 503 lis
1188 466 1326 516 pendet
1342 465 1388 502 ad
1406 477 1580 516 praesens
1597 478 1722 502 coram
1740 466 1866 513 vohis,
1885 479 1953 503 nec

423 525 704 574 pronuntiatum
723 529 778 562 est
794 538 861 575 per
877 538 942 563 vos
965 538 1077 575 super
1098 524 1246 570 eadem,
1268 537 1364 574 quae
1385 523 1536 574 quidem
1559 523 1753 573 inquisitio
1779 524 1873 560 sacta
1899 527 1953 560 est

421 595 532 632 super
548 583 621 619 illis
640 583 777 619 eisdem
796 583 960 620 articulis
978 583 1024 619 de
1047 583 1185 633 quibus
1209 582 1245 618 in
1272 582 1449 632 petitione
1473 581 1658 618 dictorum
1681 581 1950 618 monachorum

420 641 559 678 mentio
575 642 617 678 fit
633 655 823 691 expressa:,
842 647 877 678 et
890 642 977 692 quia
993 641 1077 690 jure
1095 645 1244 677 cautum
1263 645 1317 677 est
1334 640 1437 690 quod
1456 640 1640 690 pendente
1657 640 1814 677 articulo
1831 639 1953 690 inqui-

420 699 563 736 sitionis
583 713 705 736 coram
725 699 830 736 vobis
847 712 912 736 vos
927 699 973 735 de
991 698 1191 749 propositis
1211 711 1230 734 a
1249 698 1356 734 dictis
1370 697 1563 735 monachis
1577 698 1614 734 in
1631 711 1759 735 eorum
1774 699 1952 749 petitione

418 770 637 807 cognoscere
650 771 723 794 non
740 757 907 807 potestis,
923 770 990 793 nec
1003 756 1162 802 debetis,
1181 770 1226 793 ex
1245 769 1320 806 quo
1335 756 1489 806 planum
1503 757 1672 807 estquod
1686 758 1715 794 si
1731 770 1953 808 cognoscere

418 814 463 850 de
488 816 669 852 contentis
695 816 733 851 in
755 815 852 852 dicta
878 815 1056 865 petitione
1081 828 1126 851 ex
1145 815 1265 851 causis
1283 815 1480 865 praedictis
1499 828 1574 852 non
1593 815 1745 866 potestis
1763 829 1840 866 per,
1860 828 1951 853 con-

417 885 574 922 sequens
593 873 638 909 de
656 873 838 910 contentis
857 873 895 909 in
914 872 1187 923 supplicatione
1213 872 1252 909 in
1277 885 1351 923 qua
1379 885 1600 922 cognoscere
1619 886 1694 910 non
1714 874 1864 923 potestis
1884 887 1951 910 nec

417 944 477 967 eos
504 931 690 978 exaudire,
719 944 803 967 cum
831 931 884 968 sic
910 930 1050 980 duplici
1077 930 1135 966 via
1163 930 1352 967 videretur
1377 943 1454 967 esse
1477 935 1649 980 gravatus
1675 931 1797 968 dictus
1823 931 1949 969 abbas.

417 988 561 1036 Quibus
583 989 790 1026 rationibus
814 989 922 1025 etiam
949 989 1042 1039 petit
1062 989 1183 1025 dictus
1202 993 1431 1038 procurator,
1451 989 1602 1025 nomine
1619 1002 1696 1040 quo
1717 1002 1844 1039 supra,
1861 1003 1952 1040 pro-

417 1047 579 1083 nuntiari
603 1061 669 1097 per
691 1061 776 1093 vos,
795 1047 946 1092 domjne
964 1047 1100 1097 judex,
1125 1060 1236 1097 super
1259 1047 1470 1097 praemissis
1492 1047 1594 1098 quod
1613 1047 1756 1097 justum
1782 1047 1895 1084 suerit
1915 1052 1952 1084 et

415 1118 619 1149 consonum
639 1106 785 1142 rationi.
803 1106 851 1142 Et
868 1106 897 1142 si
917 1119 1014 1155 quae
1032 1106 1077 1142 de
1095 1105 1307 1156 praemissis
1326 1119 1420 1155 quae
1445 1105 1483 1142 in
1505 1106 1601 1142 sacto
1620 1106 1842 1153 consistunt,
1859 1119 1951 1157 pro—

414 1163 563 1199 batione
581 1163 786 1214 indigeant,
804 1177 844 1200 ea
863 1164 970 1201 offert
987 1177 1025 1200 se
1040 1163 1161 1200 dictus
1178 1168 1398 1214 procurator
1415 1164 1567 1200 nomine
1585 1178 1662 1215 quo
1681 1178 1793 1215 supra
1811 1165 1950 1215 proba-

416 1226 540 1258 turum
559 1226 602 1258 ut
617 1222 732 1260 decet·

1128 1296 1240 1308 ψ.

1150 1430 1210 1467 ΙΧ.

674 1547 844 1584 De'cisz'on
867 1546 1152 1596 provisiomzelle
1177 1546 1220 1583 de
1247 1546 1406 1596 l’official
1430 1546 1473 1583 de
1504 1547 1692 1596 Tournay.

464 1739 669 1786 Universis,
701 1744 787 1786 etc.,
818 1740 988 1776 officialis
1013 1740 1277 1786 Tornacensis,
1307 1745 1373 1776 etc.
1400 1740 1493 1777 Cum
1520 1753 1588 1777 nos
1615 1740 1783 1791 exigente
1804 1741 1947 1790 justitia

414 1797 722 1847 supplicationem
739 1797 866 1833 talium
887 1798 1156 1834 monachorum
1173 1799 1423 1848 professorum
1439 1797 1476 1834 in
1494 1798 1718 1835 monasterio
1733 1799 1795 1835 tali
1810 1799 1945 1835 editam

413 1855 489 1893 sive
508 1855 639 1891 factam
665 1868 788 1892 coram
813 1855 922 1892 nobis
951 1857 988 1892 in
1012 1856 1096 1906 jure
1118 1862 1246 1894 contra
1269 1861 1547 1907 procuratorem
1571 1857 1754 1894 Johannis
1781 1858 1946 1903 abbatis,

415 1914 565 1950 nomine
579 1914 867 1964 procurationis,
882 1928 948 1964 pro
964 1915 1045 1964 ipso
1060 1915 1208 1957 abbate,
1224 1928 1319 1965 quae
1333 1915 1485 1965 quidem
1499 1916 1722 1965 supplicatio
1735 1916 1948 1953 continetur

414 1973 451 2009 in
471 1972 600 2008 cedula
620 1972 802 2021 praesenti
822 1985 985 2018 annexa,
1002 1986 1068 2022 per
1087 1978 1248 2010 nostram
1269 1973 1591 2010 interlocutionem
1610 1974 1648 2010 in
1667 1987 1775 2010 causa
1789 1974 1946 2011 alimen—

414 2035 535 2067 torum
553 2029 739 2066 dictorum
758 2031 1028 2067 monachorum
1048 2031 1324 2077 admiserimus,
1339 2036 1450 2082 prout
1464 2032 1503 2068 in
1518 2037 1644 2069 nostra
1662 2032 1947 2070 interlocutione

413 2087 558 2139 plenius
576 2088 803 2134 continetur,
821 2088 1051 2126 universitati
1070 2093 1211 2126 vestrae
1233 2089 1486 2140 significamus
1503 2089 1606 2140 quod
1625 2103 1692 2127 nos
1711 2103 1889 2140 expensas
1911 2096 1948 2129 et

413 2146 585 2183 alimenta
602 2159 669 2195 per
686 2150 848 2183 nostram
867 2147 1189 2184 interlocutionem
1210 2147 1317 2184 dictis
1339 2147 1531 2185 monachis
1553 2147 1698 2184 decreta
1719 2152 1888 2186 taxamus
1906 2149 1945 2186 in

412 2204 513 2242 hunc
527 2205 695 2241 modum:
711 2205 883 2242 videlicet
897 2207 1051 2244 cuilibet
1065 2207 1250 2244 dictorum
1271 2207 1540 2244 monachorum
1551 2236 1560 2253 ,
1578 2207 1748 2258 qualibet
1764 2207 1836 2254 die,
1850 2221 1945 2258 pen-

413 2262 521 2299 dente
539 2263 753 2312 quaestione
771 2277 883 2314 super
899 2266 1100 2315 propositis
1125 2270 1253 2302 contra
1277 2279 1339 2303 eos
1362 2279 1382 2302 a
1408 2265 1508 2302 dicto
1531 2270 1771 2316 procuratore
1793 2266 1946 2303 nomine

412 2321 683 2371 procurationis
707 2322 745 2358 in
770 2323 871 2359 curia
897 2323 1140 2371 Tornacensi,
1159 2329 1230 2361 tres
1252 2324 1392 2361 solidos
1416 2324 1655 2371 Parisienses,
1680 2324 1710 2360 si
1734 2324 1773 2360 in
1800 2323 1942 2360 dictum

413 2379 677 2417 monasterium
695 2393 804 2417 suum
828 2393 902 2417 non
921 2382 1059 2419 fuerint
1084 2382 1239 2430 reversi,
1258 2382 1322 2420 sed
1345 2382 1435 2433 ipsis
1453 2381 1697 2419 existentibus
1715 2381 1876 2419 foraneis
1893 2381 1942 2419 ob
