2184 3074
714 288 877 326 CODEX
902 286 1146 326 DUNENSlS.
1622 285 1695 323 259

161 411 217 448 vel
235 410 383 460 dyocesi
409 407 631 446 'fornacensi
657 411 758 444 vacat
776 405 821 442 ad
844 418 1031 456 praesens,
1055 405 1110 441 vel
1131 403 1320 455 quamcito
1345 406 1388 439 ad
1409 402 1444 439 id
1464 401 1641 438 obtulerit
1660 414 1696 438 st·

163 470 331 515 facultas,
357 466 563 504 dummodo
590 464 764 503 nundum
790 477 857 514 pro
875 464 948 500 alio
966 462 1224 513 scripserimus
1249 475 1362 512 super
1382 460 1608 498 conferendo
1626 460 1695 496 sibi

163 529 344 568 beneficio
362 527 408 564 ad
426 526 574 564 eosdem
602 524 783 562 decanum
809 528 845 561 et
869 523 1073 573 capitulum
1099 522 1324 573 pertinente,
1340 521 1396 557 vel
1421 520 1489 570 ipsi
1510 532 1584 556 non
1612 523 1696 555 sunt

121 597 126 603 '
163 601 276 640 super
297 586 448 624 alterius
468 584 682 636 provisione
706 582 923 620 auctoritate
947 586 1069 619 nostra
1096 581 1252 632 gravati,
1276 593 1342 631 per
1367 584 1401 616 te
1426 579 1480 615 vel
1501 592 1566 629 per
1584 578 1698 615 alium

164 651 228 685 aut
245 646 335 684 alios
359 643 555 696 providere
580 655 774 694 procures,
801 641 981 678 inducens
1000 654 1084 678 eum
1114 641 1150 677 in
1176 640 1405 690 corporalem
1430 638 1699 690 possessionem

166 705 284 756 ipsius
311 702 482 741 beneficii
510 706 546 740 et
571 702 774 739 defendens
802 700 996 738 inductum
1023 713 1064 737 ac
1091 700 1229 737 faciens
1258 700 1380 750 ipsum
1407 698 1453 734 ad
1476 698 1589 743 illud,
1609 698 1638 734 si
1663 698 1700 734 in

166 762 357 814 collegiata
383 761 534 798 ecclesia
562 760 687 806 fuerit,
715 765 911 810 postquam
939 759 986 796 de
1015 759 1096 809 ipso
1121 763 1274 795 vacante
1296 757 1367 794 sibi
1388 757 1578 808 provisum
1607 757 1702 793 exti-

168 821 271 867 terit,
288 821 325 858 in
346 820 567 858 canonicum
587 819 701 870 recipi
727 823 763 856 et
788 818 825 855 in
850 819 1016 864 fratrem,
1036 830 1110 854 non
1129 817 1299 854 obstante
1323 817 1353 853 si
1375 817 1468 853 sorte
1487 815 1703 866 praedeces-

167 893 268 918 sores
287 879 402 916 nostri
422 878 580 916 Romani
600 878 794 929 pontifices
817 877 863 914 de
882 876 1070 914 beneficiis
1090 876 1136 913 ad
1156 877 1322 926 ipsorum
1341 875 1470 912 decani
1490 880 1526 911 et
1550 874 1701 925 capituli

169 938 404 975 collationem
434 937 491 973 vel
527 937 860 987 praesentationem
885 935 1139 986 spectantibus
1172 936 1338 971 fecerunt
1363 934 1420 971 vel
1449 933 1702 970 mandaverint

169 996 251 1034 aliis
268 995 474 1046 provideri,
491 994 697 1031 dummodo
716 1007 791 1031 non
819 994 950 1044 plures,
969 1006 1083 1044 quam
1106 993 1182 1030 duo
1209 1006 1253 1030 ex
1274 993 1346 1030 illis
1371 992 1512 1043 quibus
1530 993 1705 1029 nolumus

170 1054 388 1092 auctoritate
412 1053 662 1105 praesentium
688 1052 960 1104 praejudicium
988 1053 1171 1103 generari,
1205 1052 1383 1089 beneficia
1402 1052 1544 1089 ratione
1574 1051 1707 1101 liujus-

171 1114 273 1152 modi
293 1113 516 1165 provisionis
535 1117 763 1164 exspectent,
782 1113 838 1150 vel
856 1113 886 1150 si
905 1113 1043 1150 eisdem
1065 1112 1205 1149 decano
1224 1117 1260 1149 et
1276 1111 1439 1163 capitulo
1457 1124 1520 1148 seu
1541 1111 1707 1161 personis

173 1173 339 1223 ejusdem
359 1172 532 1209 ecclesiae
555 1171 592 1208 in
610 1185 683 1222 qua
702 1171 773 1208 sibi
800 1171 952 1209 duxeris
974 1171 1266 1222 providendum,
1283 1184 1302 1207 a
1321 1170 1415 1209 Sede
1431 1170 1640 1221 Apostolica
1661 1171 1707 1207 sit

175 1232 363 1269 indultum
377 1231 479 1281 quod
495 1231 541 1267 ad
559 1231 809 1281 receptionem
819 1231 875 1267 vel
891 1230 1143 1281 provisionem
1158 1230 1317 1279 alicujus
1334 1229 1490 1266 minime
1504 1234 1710 1269 teneantur.

174 1290 354 1342 quodque
371 1290 417 1327 ad
436 1289 474 1326 id
493 1289 666 1340 compelli
685 1294 748 1326 aut
774 1289 876 1340 quod
906 1288 1092 1334 interdici,
1119 1287 1294 1339 suspendi
1315 1288 1370 1324 vel
1395 1287 1709 1324 excommunicari

164 1355 250 1388 ‘non
270 1349 424 1399 possint,
440 1348 497 1385 vel
512 1348 615 1399 quod
634 1347 729 1385 alius
744 1352 904 1398 nequeat
917 1347 963 1384 de
980 1346 1203 1397 praebendis
1221 1360 1286 1384 seu
1303 1346 1494 1384 beneficiis
1508 1346 1554 1383 ad
1569 1360 1712 1384 eorum-

175 1408 260 1445 dem
279 1407 408 1444 decani
427 1411 464 1444 et
489 1407 641 1457 capituli
669 1407 904 1444 collationem
927 1406 983 1443 vel
1002 1405 1335 1457 praesentationem
1362 1405 1615 1456 spectantibus
1643 1405 1713 1442 ali-

177 1467 316 1518 quibus
334 1465 531 1517 providere
548 1479 615 1517 per
632 1466 770 1503 litteras
795 1465 1015 1516 apostolicas
1043 1478 1117 1501 non
1138 1464 1312 1501 facientes
1334 1465 1482 1515 plenam
1505 1469 1541 1500 et
1562 1477 1714 1515 expres-

178 1538 255 1563 sam
271 1525 318 1562 de
337 1524 483 1562 indulto
510 1523 726 1574 hujusmodi
754 1524 997 1570 mentionem,
1016 1524 1097 1561 sine
1121 1523 1290 1574 qualibet
1312 1523 1382 1559 alia
1401 1523 1584 1574 praefatae
1609 1522 1713 1559 Sedis

180 1583 427 1634 indulgentia,
453 1583 711 1633 cujuscunque
738 1583 876 1620 tenoris
895 1583 1046 1628 existat,
1065 1595 1132 1633 per
1158 1595 1271 1632 quam
1290 1582 1440 1618 effectus
1464 1582 1713 1632 praesentium

180 1641 352 1691 impediri
377 1641 495 1680 valeat
511 1642 568 1678 vel
587 1641 794 1688 differri,et
819 1641 866 1678 de
890 1654 963 1691 qua
992 1641 1030 1677 in
1058 1640 1192 1678 nostris
1218 1640 1348 1676 litteris
1378 1640 1604 1676 mentionem
1637 1640 1714 1677 lieri

180 1704 348 1750 oporteat
365 1700 581 1751 specialem,
601 1700 890 1738 contradictores
909 1713 975 1750 per
995 1713 1188 1737 censuram
1209 1699 1449 1750 apostolicam
1469 1699 1716 1749 appellatione

180 1758 383 1808 postposita
409 1759 695 1809 compescendo,
722 1759 771 1796 ita
798 1763 919 1796 tamen
949 1758 1050 1810 quod
1078 1758 1199 1795 dictus
1231 1757 1402 1800 clericus,
1427 1757 1523 1794 sicut
1555 1758 1717 1807 requiret

181 1829 276 1854 onus
294 1816 464 1854 beneficii
492 1817 538 1853 de
564 1830 641 1868 quo
660 1817 732 1855 sibi
752 1818 944 1868 provisum
974 1818 1106 1863 suerit,
1130 1817 1176 1854 ad
1203 1817 1352 1854 ordines
1380 1829 1418 1853 se
1446 1816 1554 1853 saciat
1571 1816 1716 1852 statutis

183 1874 414 1925 temporibus
432 1875 662 1925 promoveri,
678 1880 712 1913 et
731 1875 974 1926 personaliter
991 1875 1148 1912 resideat
1163 1875 1200 1911 in
1215 1874 1362 1919 eodem,
1381 1874 1548 1924 alioquin
1568 1875 1596 1911 si
1618 1875 1696 1924 ipse
1708 1903 1715 1910 .

181 1938 223 1970 ut
246 1933 485 1984 praedicitur,
511 1947 549 1970 se
578 1934 788 1984 promoveri
815 1947 890 1971 non
918 1934 1060 1979 fecerit,
1090 1933 1305 1983 hujusmodi
1326 1932 1442 1982 gratia
1464 1938 1499 1968 et.
1517 1932 1619 1969 omni
1639 1932 1717 1981 ejus

183 1991 381 2028 commodo
412 1992 460 2029 sit
484 2005 528 2029 eo
556 1992 637 2043 ipso
665 1993 843 2044 privatus.
875 1992 913 2030 Si
941 2006 1028 2029 vero
1059 2005 1125 2042 per
1146 1992 1375 2042 superiorein
1407 2005 1517 2027 suum
1541 1991 1719 2028 canonice

185 2049 349 2087 monitus
370 2049 408 2086 in
427 2050 610 2088 beneficio
623 2051 669 2087 de
688 2063 764 2102 quo
782 2051 853 2088 sibi
878 2051 1069 2101 provisum
1089 2050 1214 2096 fuerit,
1235 2050 1450 2099 neglexerit,
1470 2055 1582 2100 prout
1604 2049 1720 2100 ipsius

187 2107 357 2144 beneficii
373 2108 532 2158 qualitas
558 2122 622 2146 seu
644 2109 810 2146 conditio
829 2109 959 2160 exigit,
980 2109 1155 2154 residere,
1175 2108 1356 2145 beneficio
1382 2108 1434 2144 sic
1462 2108 1615 2145 obtento
1643 2108 1721 2159 pri-

186 2170 303 2202 vetur.
335 2165 547 2203 Mandatum
567 2171 689 2204 autem
709 2172 876 2204 nostrum
903 2167 1025 2204 taliter
1042 2166 1079 2203 in
1099 2166 1167 2203 hac
1188 2171 1292 2217 parte
1316 2165 1520 2216 adimplere
1544 2180 1720 2217 procures

188 2223 292 2275 quod
315 2223 352 2260 in
377 2236 420 2260 eo
443 2223 668 2274 impendisse
686 2225 847 2263 lauderis
873 2225 1163 2262 misericordiam
1183 2224 1394 2275 impetranti
1413 2229 1450 2261 et
1470 2224 1718 2262 obedientiam

190 2281 395 2319 mandanti.
423 2281 605 2320 Volumus
631 2288 753 2320 autem
781 2283 883 2334 quod
910 2296 1038 2320 omnes
1067 2282 1160 2319 aliae
1184 2282 1325 2319 litterae
1349 2295 1369 2319 a
1395 2282 1488 2320 Sede
1511 2283 1722 2334 Apostolica

189 2340 246 2378 vel
273 2339 353 2389 ejus
384 2340 511 2390 legatis
541 2354 607 2378 seu
629 2341 861 2392 quibuslibet
885 2340 967 2379 aliis
993 2341 1182 2387 obtentae,
1210 2354 1353 2378 necnon
1386 2341 1650 2392 promissiones
1690 2349 1722 2380 et

189 2397 434 2448 obligationes
452 2411 472 2436 a
489 2399 780 2451 quibuscunque
794 2400 960 2450 personis
979 2401 1094 2438 factae
1114 2413 1226 2451 super
1243 2399 1360 2451 ipsius
1373 2400 1496 2437 clerici
1510 2401 1722 2451 provisione
