2184 3074
742 271 905 311 CODEX
931 272 1170 313 DUNENSIS.
1644 276 1710 315 394

188 393 244 433 vel
256 388 494 443 expressione
518 390 718 431 verborum
738 390 786 430 ab
807 389 962 437 eisdem,
986 394 1052 431 aut
1077 390 1200 441 ipsum
1222 390 1393 432 ordinem
1416 392 1474 431 vel
1500 391 1645 444 ιΙίᾳιιοε
1665 392 1712 432 de

187 449 317 496 ordine
329 463 440 501 super
452 448 525 489 illis
537 448 772 499 aliquatenus
785 447 987 494 molestari,
1001 461 1043 489 ac
1056 461 1123 499 per
1134 448 1302 487 camdem
1315 448 1446 487 Sedem
1462 449 1651 489 decretum
1665 450 1714 489 sit

185 520 314 550 omnes
330 506 598 559 suspensionis,
612 506 800 547 interdicti
813 519 880 544 seu
890 507 1290 547 excommunicationis
1303 507 1500 547 sententias
1516 508 1554 547 in
1569 508 1711 549 dictum

185 566 373 614 ordinem,
391 564 698 606 monasteriorum
717 577 893 615 personas
906 565 962 602 vel
979 564 1077 603 bona
1091 578 1219 604 eorum
1236 570 1388 617 propter
1402 565 1473 604 hoc
1485 578 1711 618 quacunque

185 624 400 667 auctoritate
431 624 538 666 latas,
567 623 691 662 irritas
715 627 752 661 et
775 623 903 661 inanes
934 635 976 660 ac
1005 622 1148 662 viribus
1178 623 1332 663 omnino
1363 636 1501 670 carere,
1536 624 1645 664 etiam
1679 624 1709 662 si

184 683 407 728 exactiones,
425 682 597 719 collectae
614 681 671 718 vel
689 680 855 718 subsidia
872 694 1116 732 quaecunque
1133 695 1153 718 a
1169 681 1262 718 Sede
1276 682 1486 732 Apostolica
1505 682 1562 720 vel
1582 682 1710 733 legatis

183 741 347 790 ejusdem
366 744 487 778 essent
509 740 700 792 imposita,
720 740 791 777 nisi
816 753 882 791 per
899 740 1042 781 litteras
1059 740 1164 778 Sedis
1183 740 1299 791 ipsius
1321 754 1385 778 seu
1404 741 1606 792 legatorum
1630 742 1709 791 ejus

182 798 355 836 facientes
373 799 520 849 plenam
539 803 575 835 et
591 810 801 849 expressam
821 798 867 834 de
885 798 1115 847 indulgentia
1135 797 1348 847 hujusmodi
1364 803 1400 835 et
1416 798 1462 835 de
1479 798 1560 849 ipso
1578 799 1710 836 ordine

182 856 428 902 mentionem,
452 855 629 906 quodque
653 868 831 906 personae
858 856 975 906 ipsius
1006 855 1148 892 ordinis
1179 860 1241 892 aut
1270 855 1362 893 ordo
1393 856 1471 906 ipse
1500 856 1606 894 vobis
1633 870 1707 894 non

180 914 327 951 subsint
354 927 421 964 per
450 913 554 951 Sedis
584 913 792 963 praedictae
820 913 1013 964 privilegia
1045 913 1154 950 etiam
1187 914 1329 951 ratione
1361 914 1507 959 delicti,
1533 915 1604 952 nisi
1640 928 1707 966 pro

180 971 252 1010 fide
275 972 468 1009 dumtaxat
492 971 633 1024 absque
656 971 830 1008 mandato
855 971 960 1008 Sedis
982 971 1214 1021 Apostolicae
1243 972 1414 1022 speciali:
1441 972 1706 1010 nichilominus

179 1034 301 1068 tamen
323 1042 389 1067 vos
413 1041 590 1080 personas
612 1028 864 1067 cisterciensis
889 1028 1031 1065 ordinis
1049 1028 1246 1079 praedicti,
1266 1029 1418 1069 abbates
1434 1030 1620 1077 videlicet,
1637 1031 1707 1068 ab·

178 1088 332 1126 batissas
355 1093 390 1125 et
414 1100 658 1138 quascunque
677 1087 766 1124 alias
785 1100 852 1137 per
871 1090 1029 1123 vestram
1052 1086 1240 1136 dyocesim
1264 1087 1460 1125 monuistis
1478 1101 1543 1126 seu
1562 1089 1703 1126 moneri

179 1146 314 1183 fecistis
338 1146 385 1183 de
409 1146 506 1183 sacto
530 1158 615 1182 cum
640 1145 686 1182 de
709 1145 794 1194 jure
820 1157 894 1182 non
919 1144 1085 1195 possitis,
1107 1145 1299 1183 occasione
1322 1146 1404 1183 talis
1424 1146 1577 1197 negotii,
1595 1160 1707 1198 super

178 1204 352 1242 solvenda
372 1203 568 1240 centesima
592 1203 663 1241 sub
686 1215 804 1253 poena
822 1202 1216 1240 excommunicationis
1238 1207 1274 1240 et
1290 1203 1543 1254 suspensionis
1562 1204 1599 1241 in
1619 1218 1704 1255 per-

177 1275 286 1305 sonas
303 1275 346 1301 ac
359 1261 550 1303 interdicti
564 1262 603 1300 in
617 1261 784 1313 ipsorum
797 1262 877 1300 loca
890 1262 984 1302 latae
996 1262 1214 1308 sententiae,
1227 1262 1308 1313 ipso
1322 1263 1417 1301 sacto
1431 1266 1558 1301 contra
1571 1276 1704 1315 supra-

176 1321 293 1362 dictas
322 1319 571 1371 indulgentias
596 1320 719 1361 ordini
748 1320 939 1371 praedicto
963 1320 1077 1361 motas
1104 1320 1269 1358 indebite
1298 1320 1499 1368 veniendo,
1526 1321 1564 1360 in
1589 1335 1702 1374 quam

175 1379 411 1421 centesimam
438 1380 496 1418 vel
521 1383 676 1431 quotam
692 1392 958 1431 quamcunque
980 1379 1093 1420 aliam
1118 1379 1208 1419 dicti
1235 1379 1510 1426 Cistercimses,
1536 1381 1632 1419 sicut
1654 1381 1703 1420 ad

174 1437 339 1488 eiusdem
356 1437 648 1488 impositionem,
667 1437 884 1478 nodositate
908 1441 1028 1476 vestra
1050 1437 1173 1476 vocari
1198 1450 1274 1475 nun
1297 1442 1482 1488 poterant,
1506 1451 1574 1476 nec
1599 1444 1703 1477 erant

174 1496 313 1543 meaa„
328 1495 379 1534 ita
397 1500 756 1542 neceoasenserant,
774 1509 842 1537 nec
860 1496 1068 1535 consentire
1085 1500 1269 1546 poterant,
1287 1501 1351 1534 aut
1367 1497 1531 1547 ipsorum
1549 1502 1702 1548 propter

173 1553 289 1595 dietas
304 1553 556 1604 indulgentias
573 1554 743 1595 interfuit
757 1558 822 1593 aut
839 1558 982 1605 poterat
996 1554 1280 1605 quomodolibet
1297 1554 1480 1594 interesse.
1498 1555 1620 1603 Quare
1633 1568 1701 1606 ego

172 1617 390 1663 procurator
405 1613 632 1664 praedictus,
647 1626 732 1652 cum
746 1613 955 1664 praedictos
968 1613 1226 1652 Cistercienses
1239 1613 1411 1653 dominos
1424 1627 1526 1653 meos
1539 1614 1578 1652 in
1592 1627 1699 1665 prae-

172 1670 293 1710 missis
323 1671 499 1709 omnibus
528 1675 565 1709 ot
593 1671 750 1722 singulis
780 1671 934 1710 sentiam
965 1685 1044 1710 esse
1075 1671 1238 1711 indebite
1262 1677 1537 1722 praegravatos,
1565 1673 1697 1711 timens

171 1727 280 1768 etiam
297 1741 343 1767 ex
360 1728 620 1779 probabilibus
639 1729 758 1769 causis
776 1733 812 1767 et
834 1729 1099 1768 verisimilibus
1121 1729 1344 1779 conjecturis
1369 1743 1415 1767 ne
1437 1735 1564 1768 contra
1589 1743 1696 1781 prae-

170 1784 289 1826 dictos
301 1785 560 1825 cistercienses
573 1786 746 1825 dominos
759 1800 873 1834 meos,
891 1800 1021 1826 eorum
1039 1787 1209 1825 ecclesias
1224 1791 1337 1838 atque
1350 1788 1430 1825 loca
1443 1792 1480 1825 et
1491 1788 1696 1826 adhaeren-

170 1843 374 1884 tflsvflisdem
392 1847 427 1883 et
443 1844 631 1894 quoslibet
647 1841 846 1883 adhaerere
859 1845 1023 1883 volentes
1036 1845 1163 1895 aliquo
1174 1845 1287 1883 modo
1300 1845 1521 1896 procedatur
1532 1846 1696 1884 indebite

169 1904 205 1940 ct
221 1900 268 1942 de
285 1901 398 1948 sacto,
416 1901 465 1939 ob
484 1902 684 1952 praemissa
708 1902 922 1953 gravamina
947 1903 1070 1940 omnia
1096 1908 1132 1940 et
1152 1903 1315 1954 singula,
1334 1907 1370 1941 et
1387 1916 1433 1941 ne
1449 1909 1576 1942 contra
1595 1904 1693 1955 ipsos

170 1958 333 2003 hidehite
354 1964 390 1997 et
414 1959 461 1999 de
484 1961 578 1998 facto
600 1961 822 2011 procedatur
846 1961 884 1999 in
909 1961 1053 2012 aliquo,
1078 1967 1120 1999 ut
1135 1966 1189 2000 est
1205 1962 1363 2008 dictum,
1380 1966 1508 2001 contra
1526 1976 1606 2008 vos,
1624 1963 1693 2001 do-

170 2016 268 2055 mine
285 2017 483 2057 reverende
499 2023 605 2069 pater
614 2019 684 2058 Dei
700 2020 817 2070 gratia
829 2020 1072 2058 Tornacensis
1085 2020 1256 2071 episcope
1267 2049 1276 2066 ,
1290 2025 1327 2058 et
1335 2033 1466 2058 omnes
1480 2025 1515 2058 et
1528 2021 1694 2071 singulos

169 2088 262 2126 quos
281 2076 398 2126 tangit
413 2077 469 2114 vel
489 2081 636 2128 tangere
653 2083 774 2129 potest
790 2091 963 2129 praesens
982 2079 1188 2128 negotium,
1211 2079 1361 2116 nomine
1383 2081 1637 2129 procuratorio
1659 2085 1694 2117 et

170 2133 320 2170 nomine
349 2134 621 2184 praedictorum
645 2137 942 2174 Cisterciensium
971 2137 1209 2174 dominorum
1240 2150 1426 2182 meorum,
1456 2137 1691 2175 ecclesiarum

169 2204 318 2228 suarum
335 2205 399 2229 seu
419 2193 585 2231 locorum
604 2199 639 2231 et
655 2194 935 2232 adhaerentium
954 2208 1017 2232 seu
1036 2195 1234 2232 adhaerere
1247 2195 1451 2232 volentium
1469 2195 1627 2241 eisdem,
1646 2196 1691 2233 ad

166 2249 297 2287 Sedem
316 2250 585 2300 Apostolicam,
601 2256 713 2302 prout
738 2265 890 2303 possum
916 2257 951 2290 et
978 2252 1113 2298 debeo,
1136 2252 1174 2289 in
1202 2252 1273 2289 hiis
1296 2253 1442 2303 scriptis
1469 2266 1630 2304 provoco
1657 2259 1693 2291 ct

165 2308 327 2359 appello,
364 2314 399 2345 et
424 2311 629 2360 apostolos,
655 2315 768 2361 prout
790 2311 923 2356 debeo,
953 2324 1038 2348 cum
1066 2311 1238 2348 instantia
1263 2324 1337 2362 qua
1363 2312 1552 2358 convenit,
1578 2312 1690 2350 michi

167 2365 244 2402 dari
264 2370 300 2403 et
318 2367 469 2404 concedi
489 2373 588 2418 peto,
607 2381 818 2419 supponens
843 2369 941 2419 ipsos
960 2369 1217 2406 cistercienses
1235 2369 1407 2406 dominos
1425 2383 1542 2414 meos,
1562 2382 1689 2408 eorum
