2184 3074
466 355 536 392 454
1015 351 1177 389 CODEX
1203 351 1450 389 DUNENSlS.

467 470 607 515 venire,
627 469 820 506 nobiscum
844 468 979 505 morari
998 473 1033 505 et
1053 468 1099 504 ad
1117 468 1268 518 propria
1292 481 1455 505 remeare
1473 468 1626 519 pacifice
1643 474 1679 507 et
1692 471 1817 522 quiete
1834 473 1994 524 possint,

465 541 613 566 exnunc
631 532 741 578 prout
758 532 895 565 extunc
913 527 1131 564 sententiam
1151 528 1546 565 excommunicationis
1565 527 1749 566 ferimus
1739 540 1777 567 m
1795 529 1869 568 hiis
1882 532 1995 584 serip-

465 587 521 624 tis
542 587 652 623 Diem
665 599 752 623 vero
776 585 960 623 citationis
985 590 1020 622 et
1043 586 1201 622 sormam
1224 589 1260 622 et
1282 584 1465 636 quicquid
1492 586 1580 623 inde
1602 587 1775 627 feceritis,
1796 588 1907 626 nobis
1929 601 1997 647 per

465 650 600 682 vestras
618 649 781 694 patentes
799 644 937 681 litteras
955 657 1018 680 seu
1037 644 1231 694 publicum
1251 643 1540 681 instrumentum
1566 644 1699 682 harum
1720 646 1851 691 seriem
1875 647 1996 689 contis

466 708 591 740 nentes
610 702 827 753 quamoeius
846 702 1018 739 intimare
1035 702 1181 739 curetis.
1204 702 1245 738 ln
1264 702 1371 752 cujus
1390 702 1441 739 rei
1463 703 1737 751 testimonium,
1756 708 1824 742 etc

1178 827 1299 839 -ῄοιο-

1141 970 1323 1010 CCCXlV.

513 1089 629 1125 Leltre
645 1100 722 1124 aux
734 1086 838 1124 abbds
855 1086 899 1123 de
914 1086 1119 1124 Clairvauae
1136 1092 1170 1123 et
1181 1086 1242 1123 des
1259 1087 1383 1124 Dunes
1396 1087 1546 1125 relative
1560 1087 1583 1124 d
1597 1087 1634 1125 la
1647 1088 1866 1137 compdlence
1881 1087 1943 1124 des

1007 1146 1120 1196 juqes
1139 1145 1434 1197 ecclesiastiques.

509 1344 732 1382 Reverendis
754 1343 923 1394 patribus
947 1344 985 1380 in
1012 1344 1148 1382 Christi
1174 1343 1377 1382 visceribus
1403 1343 1704 1395 praecordialiter
1725 1341 1991 1394 amplectendis

459 1402 621 1441 dominis
645 1402 691 1438 de
714 1402 915 1439 Claravalle
940 1407 976 1439 et
1002 1402 1048 1439 de
1072 1403 1192 1440 Dunis
1215 1402 1414 1440 abbatibus
1439 1403 1561 1449 frater,
1591 1406 1677 1449 etc.,
1702 1402 1858 1439 salutem
1882 1405 1919 1438 et
1943 1400 1990 1439 ad

456 1475 542 1499 suae
561 1460 786 1498 reverentiae
803 1460 1032 1511 beneplacita
1047 1461 1158 1497 corda
1178 1466 1213 1498 et
1231 1461 1350 1511 capita
1370 1460 1562 1498 humiliter
1579 1460 1767 1497 inclinata.

506 1520 597 1556 Cum
622 1519 795 1556 universo
821 1519 1051 1556 Cisterciensi
1077 1519 1220 1565 ordini,
1245 1520 1417 1556 videlicet
1441 1518 1656 1566 abbatibus,
1679 1518 1890 1563 abbatissis,
1912 1518 1989 1555 sra-

457 1580 575 1616 tribus
592 1584 627 1616 et
649 1578 840 1616 sororibus
858 1592 878 1615 a
898 1578 991 1615 Sede
1010 1579 1221 1629 Apostolica
1241 1580 1300 1630 pie
1319 1579 1366 1616 sit
1386 1579 1575 1616 indultum
1591 1591 1637 1615 ne
1655 1578 1739 1628 quis
1758 1577 1858 1628 ipsos
1876 1590 1989 1627 gene-

454 1642 577 1678 raliter
594 1646 657 1677 aut
678 1640 885 1690 specialiter
906 1640 952 1677 ad
977 1640 1099 1677 sorum
1120 1639 1293 1689 judicum
1317 1638 1539 1676 secularium
1558 1638 1615 1675 vel
1634 1638 1681 1675 ad
1700 1650 1829 1674 eorum
1843 1635 1986 1686 judici·

455 1700 573 1737 valeat
590 1700 872 1750 quomodolibet
893 1700 1055 1747 evocari,
1070 1699 1133 1736 sed
1152 1699 1181 1736 si
1200 1699 1285 1749 quis
1303 1699 1479 1736 adversus
1499 1711 1561 1735 eos
1579 1701 1642 1734 aut
1659 1697 1821 1748 aliquem
1836 1708 1987 1747 eorum-

454 1758 538 1795 dem
556 1759 756 1808 quicquam
781 1757 954 1794 habuerit
975 1758 1030 1794 vel
1055 1757 1254 1794 crediderit
1275 1756 1346 1794 sibi
1373 1760 1581 1807 competere
1598 1755 1843 1806 quaestionis,
1861 1766 1986 1792 coram

450 1816 576 1866 judice
596 1815 839 1852 ecclesiastico
859 1829 987 1852 eorum
1003 1816 1226 1866 competenti
1245 1829 1307 1852 eos
1326 1815 1435 1852 faciat
1449 1814 1661 1857 conveniri3
1680 1813 1854 1865 idemque
1868 1812 1986 1862 judex

453 1874 719 1911 ecclesiasticus
738 1878 950 1924 competens
968 1879 1117 1924 paratus
1137 1875 1184 1911 sit
1201 1874 1377 1911 omnibus
1396 1874 1442 1910 de
1460 1873 1570 1911 dictis
1585 1872 1766 1923 religiosis
1780 1877 1845 1908 aut
1858 1872 1986 1923 aliquo

452 1932 666 1970 eorumdem
699 1931 860 1981 legitime
894 1932 1209 1982 conquerentibus
1242 1932 1418 1969 exhibere
1448 1932 1614 1981 justitiae
1649 1931 1983 1981 complementum,

453 1992 641 2042 iidemque
663 1992 823 2042 religiosi
851 1996 886 2028 et
909 2005 1037 2028 eorum
1057 1992 1194 2042 singuli
1214 1992 1331 2043 parati
1353 1992 1429 2029 sint
1447 1996 1482 2028 et
1500 1996 1646 2042 paratos
1666 2003 1704 2027 se
1726 1989 1882 2026 offerant
1897 2003 1984 2027 cum

451 2050 580 2087 effectu
601 2063 724 2086 coram
744 2049 958 2099 hujusmodi
982 2063 1110 2086 eorum
1128 2050 1256 2100 judice
1283 2049 1506 2100 competenti
1534 2049 1709 2086 adversus
1738 2060 1985 2099 quoscunque

450 2109 495 2145 de
514 2108 602 2159 ipsis
621 2113 888 2159 conquerentes
907 2109 1089 2158 starejuri
1109 2114 1144 2146 et
1156 2109 1339 2159 justitiam
1358 2108 1522 2146 debitam
1542 2107 1740 2145 exhibere:
1759 2120 1825 2144 vos
1840 2112 1985 2153 tamen,

451 2168 602 2204 domine
615 2167 805 2205 Johannes
823 2167 869 2204 de
886 2167 1008 2204 Menin
1020 2197 1029 2214 ,
1052 2168 1177 2214 miles,
1196 2172 1232 2205 et
1251 2181 1315 2206 vos
1334 2167 1485 2204 domine
1498 2167 1707 2212 Johannes,
1721 2170 1847 2203 curate
1861 2165 1921 2203 de.
1935 2194 1941 2201 .
1953 2193 1961 2202 .
1973 2194 1981 2202 .

451 2226 515 2276 qui
533 2239 598 2263 vos
614 2225 736 2263 dicitis
755 2239 832 2263 esse
846 2231 1059 2264 executores
1073 2240 1137 2264 seu
1153 2227 1424 2264 commissarios
1444 2225 1667 2263 nobilissimi
1687 2229 1723 2261 et
1741 2223 1982 2262 illustrissimi

450 2284 627 2334 principis
652 2284 797 2321 comitis
819 2285 1034 2331 Flandriae,
1061 2299 1135 2322 non
1160 2285 1389 2322 attendentes
1408 2284 1512 2336 quod
1534 2284 1636 2321 laicis
1662 2296 1774 2333 super
1799 2281 1982 2327 ecclesiis,

450 2343 559 2380 rebus
574 2348 609 2380 et
626 2343 792 2393 personis
811 2344 1064 2382 ecclesiasticis
1089 2345 1308 2391 ordinandi,
1331 2344 1554 2396 disponendi
1586 2347 1650 2380 aut
1662 2340 1859 2392 judicandi
1879 2340 1981 2377 nulla

449 2401 497 2438 sit
512 2402 687 2439 attributa
702 2403 856 2439 facultas
868 2432 878 2449 ,
890 2403 999 2439 etiam
1018 2404 1296 2454 qualescunque
1314 2403 1553 2454 probationes
1569 2415 1634 2439 seu
1650 2400 1792 2438 litterae
1805 2398 1980 2436 adversus

451 2473 513 2497 eos
540 2473 670 2510 surper
698 2461 768 2497 hoc
800 2461 1035 2506 inducantur,
1063 2462 1276 2513 religiosum
1306 2463 1429 2499 virum
1458 2462 1630 2498 abbatem
1658 2473 1724 2497 seu
1753 2461 1978 2496 conventum
