2184 3074
466 300 539 340 ως
999 344 1002 348 ,
1054 300 1216 337 οουΕΧ
1243 301 1488 339 nemausis.

469 417 722 454 commissario
754 429 817 453 seu
845 416 1084 466 subdelegato
1111 430 1130 452 a
1158 417 1370 454 reverendis
1401 417 1438 454 in
1466 417 1612 454 Christo
1641 418 1809 468 patribus
1834 418 1996 456 dominis

468 476 507 512 E.
527 475 757 513 Narbonensi
777 480 813 511 et
830 476 874 512 R.
893 474 1183 524 Rolliomagensi
1199 475 1268 516 Dei
1286 475 1403 525 gratia
1421 475 1728 526 archiepiscopis,
1746 489 1788 513 ac
1806 489 1826 514 a
1843 490 1997 514 venera·
2022 476 2030 480 “

467 534 532 570 bili
552 535 632 570 viro
651 534 826 583 magistro
843 533 1023 570 Gaufrido
1041 534 1087 569 de
1105 533 1305 579 plessiaco,
1324 533 1498 571 ecclesiae
1515 534 1742 571 Turonensis
1760 535 1996 580 cancellario,

467 592 608 628 domini
636 605 753 642 papae
779 592 941 638 notario,
965 591 1178 641 gerentibus
1204 604 1243 631 se
1259 604 1327 642 pro
1352 591 1613 637 executoribus
1628 605 1700 644 seu,
1719 593 1996 645 collectoribus,

466 655 508 687 ut
526 650 675 695 dieitur,
693 649 857 686 decimae
875 649 1064 686 fructuum
1082 649 1413 687 ecclesiasticorum
1432 650 1543 690 unius
1572 650 1660 697 anui
1676 650 1996 694 ,excellentissimo

464 708 625 759 principi
647 707 800 744 domino
819 707 1013 757 Philippo,
1035 707 1098 743 Dei
1119 707 1235 757 gratia
1254 708 1329 758 regi
1348 708 1576 745 Francorum
1598 708 1752 756 illustri,
1779 709 1817 746 in
1834 709 1991 759 'dyocesi

465 766 704 810 'l'ornacensi7
719 779 738 801 a
754 765 848 802 Sede
863 765 1073 815 Apostolica
1093 779 1302 812 concessae7
1324 767 1541 804 auctoritate
1563 767 1682 804 dictae
1701 767 1822 813 Sedis,
1843 772 1886 804 ut
1908 767 1998 805 dici·

466 829 536 869 tur,
555 824 754 874 deputatis,
777 829 812 860 et
833 828 959 860 contra
979 828 1191 861 executores
1212 837 1274 861 seu
1294 825 1506 862 collectores
1526 825 1676 862 eosdem
1693 830 1728 862 et
1747 819 1992 878 quoscunque

465 883 556 920 alios
578 897 673 934 quos
697 883 981 933 quomodolibet
1005 883 1194 933 negotium
1221 897 1395 935 praesens
1419 884 1538 934 tangit
1561 890 1598 921 et
1624 889 1776 935 tangere
1797 885 1997 935 poteritnin

466 942 633 978 futurum
646 971 655 988 ,
674 942 867 978 occasione
885 941 1004 979 dictae
1020 941 1185 979 decimae
1202 947 1239 979 et
1257 943 1474 980 monitionis
1492 955 1604 993 super
1621 942 1738 993 ipsius
1755 942 1921 981 decimae
1936 954 1999 981 eo-

467 1000 606 1037 lutione
624 1001 842 1051 praestanda
865 1001 911 1038 de
935 1002 1031 1038 facto
1048 1006 1084 1038 et
1101 1014 1176 1038 non
1195 1002 1242 1038 de
1254 1002 1361 1051 jures
1374 1007 1416 1038 ut
1436 1002 1587 1048 dicitur,
1606 1002 1721 1039 factae
1739 1016 1805 1053 per
1821 1002 1993 1040 eumdem

465 1059 767 1095 archidiaconum
784 1059 873 1109 ipsis
891 1059 1071 1109 religiosis
1089 1064 1124 1096 et
1138 1059 1392 1097 ecclesiasticis
1409 1060 1577 1110 personis
1593 1060 1790 1110 praedictis
1803 1060 1849 1097 ad
1863 1060 1995 1099 Sede-

467 1117 715 1167 Apostolicam
744 1117 793 1154 ol)
815 1117 999 1154 evidentia
1022 1118 1235 1167 gravamina
1257 1117 1346 1168 ipsis
1366 1117 1466 1154 illata
1485 1130 1606 1168 nuper
1622 1117 1662 1154 in
1679 1117 1827 1168 scriptis
1843 1118 1994 1169 publice

466 1176 664 1226 interjectis
692 1181 727 1213 et
754 1177 878 1222 factisff
897 1181 1009 1227 prout
1034 1177 1072 1213 in
1097 1176 1344 1214 instrumento
1369 1177 1521 1227 publico
1540 1185 1653 1214 manu
1679 1177 1752 1214 mei
1770 1177 1997 1228 infrascripti

466 1235 618 1281 notarii,
645 1249 758 1286 super
783 1237 1046 1286 provocatione
1068 1241 1107 1273 et
1131 1236 1379 1287 appellatione
1396 1236 1610 1287 praedictis,
1632 1248 1679 1274 ex
1697 1235 1998 1287 requisitionem

466 1293 639 1330 mandato
665 1294 904 1331 dominorum
928 1295 1106 1332 abbatum
1123 1325 1130 1331 .
1148 1325 1154 1332 .
1171 1325 1178 1332 .
1195 1325 1203 1332 .
1223 1295 1447 1343 abbatissaet
1465 1296 1596 1333 decani
1613 1299 1649 1333 et
1667 1294 1819 1346 capituli
1838 1296 1997 1346 praepo-

465 1351 524 1388 siti
543 1365 584 1388 ac
602 1352 828 1389 decanorum
848 1352 1174 1399 christianitatum‚
1193 1353 1439 1391 decanatuum
1458 1355 1645 1400 confecto,
1664 1353 1802 1404 scripto
1819 1358 1855 1391 et
1867 1353 1996 1404 publii-

465 1415 564 1456 cato7
590 1411 771 1462 signoque
790 1425 871 1448 meo
899 1412 1007 1449 solito
1034 1413 1251 1462 consignato
1273 1413 1419 1463 plenius
1444 1413 1666 1459 continetur,
1685 1416 1816 1463 sponte
1830 1407 2002 1450 adhaesit

465 1469 720 1518 procuratorio
740 1470 890 1506 nominc
907 1475 1126 1520 procurator
1150 1471 1362 1521 praedictus
1380 1471 1482 1508 omni
1505 1471 1634 1517 modo,
1649 1471 1767 1508 sor-ma
1785 1475 1821 1508 et
1841 1470 1995 1508 nomine

465 1527 603 1578 quibus
622 1527 753 1564 melius
772 1533 807 1564 et
824 1528 1067 1578 sollempnius
1085 1529 1212 1579 possit,
1227 1529 1378 1566 nomine
1394 1527 1634 1566 dominorum
1653 1541 1807 1566 suorum
1826 1528 1998 1579 praedio-

466 1590 586 1622 torum
601 1591 637 1623 et
650 1600 717 1636 pro
735 1587 823 1637 ipsis
837 1591 872 1623 et
886 1588 1118 1624 monasteriis
1131 1588 1366 1634 eorumdem,
1382 1587 1846 1637 laudando,=approbando
1858 1591 1895 1624 et
1907 1586 1998 1624 nti-

465 1644 609 1681 ficando
636 1645 935 1694 provocationem
955 1650 990 1682 et
1007 1647 1292 1696 appellationem
1318 1646 1489 1692 easdem,¹
1507 1658 1723 1696 supponens
1747 1646 1898 1683 nomine
1920 1657 1998 1696 qno

464 1716 575 1752 supra
603 1703 774 1740 dominos
800 1717 886 1741 suos
913 1705 1084 1741 abbatem
1111 1710 1147 1742 ct
1173 1709 1397 1742 conventum
1417 1705 1644 1755 praedictos,
1663 1705 1843 1755 seipsum,
1869 1715 1997 1740 eorum

467 1761 749 1808 monasterium7
766 1767 880 1799 status
899 1776 1026 1800 eorum
1046 1768 1082 1800 et
1098 1764 1196 1800 bona
1214 1764 1450 1814 dispositioni
1469 1769 1505 1800 et
1520 1763 1743 1814 protectioni
1763 1761 1997 1813 Apostolimo
2021 1782 2024 1786 ·

466 1819 586 1865 Sedis,
611 1825 645 1856 et
672 1825 876 1870 protestans
902 1822 999 1858 idem
1026 1827 1246 1873 procurator
1270 1823 1421 1859 nomine
1445 1835 1528 1873 quo
1543 1835 1655 1873 supra
1680 1822 1727 1859 de
1744 1821 1841 1858 dicta
1859 1820 1998 1858 adhae-

466 1878 569 1914 sione
594 1882 630 1914 et
646 1878 727 1915 aliis
745 1879 791 1915 ad
811 1879 928 1929 ipsam
954 1881 1167 1917 necessariis
1187 1885 1223 1918 et
1239 1881 1460 1931 opportunis
1477 1893 1523 1918 ex
1538 1893 1581 1917 ea
1599 1879 1899 1931 dependentibus
1916 1880 1998 1917 loco

466 1939 501 1972 et
526 1941 708 1986 tempore,
735 1938 996 1988 prosequendo
1020 1943 1056 1974 et
1079 1938 1248 1976 faciendo
1273 1939 1312 1976 in
1339 1939 1411 1976 illis
1436 1939 1538 1989 quod
1564 1938 1759 1975 dictaverit
1775 1937 1869 1975 ordo
1887 1937 1995 1987 juris.

467 1993 599 2031 Actum
620 1994 753 2045 Brugis
773 1995 810 2032 in
827 1995 961 2046 burgo7
980 2009 1096 2043 anno,
1117 1997 1338 2044 indictione,
1356 1997 1591 2048 pontificatu,
1611 2010 1752 2040 mense,
1770 1996 1831 2033 die
1852 2001 1889 2033 et
1906 1995 1998 2033 hora

467 2053 682 2102 praedictis,
697 2055 953 2104 praesentibus
976 2055 1144 2092 discretis
1170 2056 1278 2102 viris,
1302 2061 1383 2102 etc„
1400 2056 1555 2094 testibus
1571 2056 1618 2093 ad
1641 2055 1842 2107 praemissa
1859 2054 1998 2092 voeatis

468 2111 504 2147 in
524 2111 775 2149 testimonium
795 2117 830 2149 et
846 2114 994 2163 rogatis.
