2184 3074
752 256 911 295 CODEX
941 256 1038 295 DUN
1045 256 1187 293 ENsis.
1665 256 1737 293 :³53

204 376 260 414 ¹sui
280 375 520 418 substituam
539 373 736 425 prout-sibi
756 373 878 410 visum
898 372 1006 410 suerit
1025 372 1211 423 expedire.
1232 372 1385 409 Valeant
1402 372 1603 422 praemissa
1617 372 1736 410 donec

201 434 303 472 aliud
321 433 539 471 duxerimus
557 432 821 470 ordinandum.
839 431 977 468 Datum
993 443 1092 467 anno
1112 430 1261 467 Domini
1287 430 1338 467 M⁰
1351 430 1425 466 CC⁰
1437 429 1596 475 LXXX0.¹
1617 436 1686 467 ete.

912 555 1030 564 -ae-——.

893 705 1048 743 CLXlV.

358 827 478 877 Appel
502 826 552 863 da
577 826 695 877 cler-qe
717 826 760 863 de
785 827 929 867 Franco
951 839 1001 863 au
1022 838 1119 876 pape
1142 826 1318 876 Bonil'ace
1345 826 1443 863 Vll!
1468 831 1590 863 cmm-e

813 883 986 934 Philippe
1004 884 1035 921 Ie
1052 884 1129 922 Bel.

249 1077 490 1119 sanctissimo
513 1077 607 1128 patri
634 1089 677 1113 ac
702 1076 857 1113 domino
883 1075 1098 1119 Bonifacim
1125 1075 1191 1111 Dei
1218 1075 1354 1124 gratia,
1379 1087 1527 1111 summo
1547 1074 1734 1125 pontifici,

199 1135 370 1182 abbates,
391 1135 618 1180 abbatissae,
639 1138 863 1178 conventus,
882 1133 1070 1175 canonici,
1090 1133 1296 1184 presbyteri
1316 1145 1358 1169 ac
1377 1137 1475 1170 totus
1493 1133 1613 1170 clerus
1631 1133 1734 1183 regni

200 1193 377 1230 Franciae
402 1193 539 1244 pedum
568 1193 694 1230 oscula
725 1192 919 1230 beatorum
943 1197 979 1229 et
1002 1191 1157 1228 feliciter
1181 1191 1298 1228 sancti
1327 1190 1424 1227 Petri
1457 1190 1663 1227 naviculam
1697 1191 1735 1227 in

198 1251 310 1289 maris
328 1251 504 1289 fluetibus
520 1251 740 1302 gubernare.

248 1310 341 1348 eum
362 1310 567 1348 secundum
587 1310 796 1362 apostolum
815 1322 944 1347 omnes
962 1308 1145 1346 stabimus
1158 1313 1244 1345 ante
1258 1307 1421 1344 tribunal
1436 1306 1587 1356 superni
1597 1306 1736 1355 judicis

198 1369 264 1420 qui
283 1369 431 1407 latentia
451 1369 632 1420 producet
645 1369 683 1406 in
703 1372 821 1406 lucem
839 1372 875 1406 et
893 1367 1123 1404 illuminabit
1143 1365 1359 1403 abscondita
1375 1364 1627 1409 tenebrarum,
1642 1365 1737 1401 vitae

198 1432 365 1464 aeternae
383 1432 448 1464 aut
464 1426 739 1477 dampnationis
762 1430 961 1477 perpetuae
983 1423 1190 1475 praemium
1219 1423 1422 1474 recepturi,
1448 1423 1486 1459 in
1505 1423 1612 1472 cujus
1630 1436 1738 1472 prae-

198 1486 315 1524 sentia
333 1499 408 1528 non
426 1486 548 1537 solum
567 1485 756 1531 homines,
774 1484 839 1522 sed
858 1484 967 1521 etiam
991 1483 1112 1533 angeli
1135 1482 1392 1533 trepidabunt2
1417 1481 1519 1532 quod
1538 1481 1738 1518 memoriae

198 1545 399 1595 cujuslibet
416 1544 527 1582 debet
544 1557 739 1582 occurrere
756 1543 972 1588 christiani,
990 1542 1097 1579 multi
1115 1547 1235 1579 tamen
1254 1541 1461 1592 principes,
1478 1540 1590 1589 hujus
1605 1539 1734 1577 mundi

198 1602 404 1648 dilectores}⁴
419 1601 597 1653 praedicti
610 1602 745 1652 judicii
760 1614 942 1639 memores
957 1614 1033 1638 non
1048 1600 1223 1641 existunt,
1239 1600 1350 1637 rebus
1364 1598 1564 1636 mundanis
1577 1598 1734 1635 nimium

199 1659 450 1706 inhaerentes,
469 1660 571 1710 quod
590 1664 758 1710 patenter
775 1663 931 1710 apparet
947 1672 1032 1696 cum
1059 1659 1149 1709 ipsi,
1172 1671 1247 1696 non
1266 1659 1388 1695 solum
1408 1657 1575 1708 personis
1594 1657 1737 1694 secula—

199 1717 304 1758 ribus
321 1718 461 1769 quibus
480 1723 675 1769 praesuunt,
701 1718 764 1756 sed
791 1718 901 1755 etiam
928 1717 1092 1755 ecclesiis
1118 1722 1154 1754 et
1176 1715 1431 1754 ecclesiasticis
1453 1715 1620 1765 personis
1645 1727 1738 1764 quas

199 1777 397 1817 defendere
415 1777 500 1825 tqtis
518 1777 661 1815 viribus
679 1782 715 1814 et
732 1790 806 1814 non
821 1790 947 1827 regere
966 1777 1120 1813 interest
1135 1776 1329 1826 laycorum
1340 1803 1350 1821 ,
1367 1787 1453 1812 cum
1471 1774 1524 1811 eis
1541 1787 1653 1823 super
1667 1773 1738 1809 hiis

200 1835 302 1873 nulla
316 1835 364 1873 sit
376 1836 552 1874 attributa
570 1837 736 1883 facultas⁷
753 1850 820 1874 nec
833 1837 1032 1873 auctoritas
1049 1835 1270 1886 imperandi,
1281 1839 1334 1872 tot
1346 1834 1561 1885 gravamina
1576 1838 1611 1870 et
1625 1845 1736 1869 onera

201 1895 401 1946 imponunt
415 1896 517 1946 quod
535 1895 728 1934 deterioris
745 1896 970 1933 conditionis
987 1896 1126 1932 factum
1145 1894 1215 1932 sub
1234 1895 1286 1931 eis
1305 1893 1551 1931 sacerdotium
1568 1892 1738 1928 videatur

201 1968 314 2005 quam
343 1955 413 1993 suh
438 1955 631 1994 Pharaone
657 1956 770 1994 suerit
793 1957 858 2007 qui
888 1957 976 2007 legis
1007 1956 1157 1993 divinae
1177 1955 1346 1993 notitiam
1367 1968 1442 1992 non
1462 1954 1622 1991 habebat
1643 1969 1649 1989 z
1677 1953 1738 1990 ille

200 2013 372 2070 quidem.
389 2014 565 2052 omnibus
583 2015 665 2052 aliis
683 2015 849 2054 servituti
869 2016 1047 2061 subactis,
1067 2015 1273 2053 sacerdotes
1290 2020 1326 2051 et
1341 2013 1592 2064 possessiones
1609 2025 1736 2050 eorum

202 2070 240 2107 in
257 2070 411 2121 pristina
434 2071 603 2110 libertate
619 2073 760 2110 dimisit
777 2086 819 2110 ac
839 2074 890 2110 eis
908 2073 954 2110 de
973 2073 1125 2124 publico
1152 2072 1367 2110 alimoniam
1395 2071 1636 2115 ministravit3
1657 2083 1740 2107 mo-

201 2128 306 2166 derni
324 2142 412 2166 vero
429 2129 616 2182 principes
634 2145 747 2169 onera
765 2145 830 2169 sua
851 2132 924 2169 sere
946 2132 1146 2182 imponunt
1163 2130 1326 2168 ecclesiis
1349 2130 1519 2167 universa
1545 2134 1582 2166 et
1599 2134 1652 2166 tot
1670 2142 1740 2166 an-

202 2189 314 2239 gariis
331 2201 393 2227 eos
411 2189 583 2240 affligunt
608 2196 650 2229 ut
675 2192 727 2229 eis
751 2192 854 2243 quod
879 2191 1084 2230 Jheremias
1111 2191 1281 2242 deplorat
1311 2194 1520 2239 competere
1543 2187 1738 2224 videatur:

205 2247 378 2298 princeps
396 2248 673 2298 provinciarum
690 2251 783 2287 facta
802 2254 857 2287 est
874 2250 944 2286 sub
964 2249 1123 2294 tributo3
1142 2249 1219 2286 sive
1235 2247 1390 2299 quidem
1409 2245 1570 2283 decimas
1587 2258 1651 2282 seu
1670 2246 1740 2282 alia

206 2305 394 2356 quaelibet
410 2306 481 2343 sibi
501 2307 724 2345 attrahentes
742 2308 789 2345 de
807 2308 915 2345 bonis
940 2308 1194 2347 ecclesiarum.
1222 2305 1442 2343 clericorum
1460 2308 1496 2340 et
1514 2316 1719 2354 pauperum
1732 2332 1741 2346 .,

205 2362 342 2401 Christi
357 2364 487 2402 usibus
502 2365 699 2416 deputatis,
714 2365 1013 2415 jurisdictionem
1032 2366 1142 2404 etiam
1158 2364 1461 2402 etauctoritatem
1477 2374 1606 2399 eorum
1622 2361 1742 2398 taliter
