2184 3074
476 319 548 356 162
1026 316 1187 354 CODEX
1213 317 1460 355 DUNENSIS.

473 431 614 482 Algiae,
642 433 679 468 in
711 431 863 467 ecclesia
889 430 1114 466 Luxoviensi
1143 430 1298 466 salutem
1326 435 1362 467 et
1387 431 1599 481 apostolicis
1626 432 1783 470 firmiter
1809 432 2010 470 obediendi

472 490 665 526 mandatis.
690 489 843 525 Litteras
870 487 986 524 felicis
1013 487 1279 525 recordationis
1302 487 1445 525 domini
1469 489 1661 526 Benedicti
1686 503 1804 540 papae
1820 491 2009 528 undecimi

470 561 556 585 vera
580 548 682 584 bulla
711 560 797 584 cum
825 546 888 582 filo
911 546 1059 596 canapis
1086 546 1229 596 integro
1250 546 1426 594 bullatas,
1451 560 1526 584 non
1552 547 1787 595 cancellatas,
1814 561 1891 586 non
1917 550 2011 588 abo-

469 607 568 653 litas,
600 619 675 643 non
701 606 866 653 abrasas,
890 619 958 642 nec
982 605 1020 642 in
1043 605 1166 656 aliqua
1189 606 1246 643 sui
1271 611 1374 662 parte
1395 606 1555 652 vitiatas,
1579 607 1645 644 sed
1669 607 1771 644 omni
1796 609 2010 659 suspicione

469 669 651 710 carentes,
665 668 890 710 reverenter,
907 668 949 700 ut
962 664 1103 710 decuit,
1122 669 1158 700 et
1175 664 1306 701 devote
1323 665 1552 715 recepimus,
1574 669 1737 703 tenorem
1755 666 1820 717 qui
1841 668 2011 719 sequitur

471 724 719 760 continentes:
1540 725 1546 730 '

515 781 754 827 Benedictus,
768 794 895 818 servus
914 794 1105 818 servorum
1126 781 1214 828 Dei,
1235 781 1513 819 venerabilibus
1531 782 1708 820 fratribus
1729 782 2009 836 archiepiscopo

466 840 696 878 Narbonensi
721 844 757 876 et
781 840 954 890 episcopo
975 840 1268 877 Autisiodorensi
1293 853 1336 876 ac
1362 840 1497 878 dilecto
1519 841 1598 878 filio
1619 841 1659 878 P.
1684 841 1731 878 de
1749 841 2008 901 Bellapertica³

465 899 644 937 canonico
660 898 883 935 Bituricensi
895 927 904 945 ,
924 899 1186 936 collectoribus
1200 899 1367 936 decimae
1387 899 1583 950 impositae
1604 899 1909 951 proreductione
1925 915 2009 940 mo-

465 961 570 993 netae
588 957 692 1008 regni
717 957 945 994 Francorum
962 957 1007 994 ad
1031 958 1180 1008 pondus
1210 962 1246 994 et
1273 958 1437 995 valorem
1467 958 1635 995 debitum
1667 958 1705 995 in
1731 959 1862 996 eodem
1893 973 2008 1010 reguo

463 1016 668 1066 deputatis,
686 1016 841 1053 salutem
861 1020 897 1052 et
914 1016 1156 1066 apostolicam
1179 1016 1492 1054 benedictionem.

511 1075 566 1112 Ex
596 1075 795 1125 multiplici
822 1074 1054 1124 negotiorum
1075 1075 1251 1112 varietate
1279 1088 1375 1126 quae
1402 1075 1439 1112 in
1461 1076 1631 1126 amplum
1658 1076 1801 1114 ratione
1822 1077 2008 1115 Ecclesiae

461 1133 607 1170 alveum
633 1134 801 1184 undique
819 1133 1033 1180 confluunt,
1048 1133 1189 1184 jugiter
1208 1133 1296 1170 hinc
1320 1134 1407 1171 inde
1428 1134 1691 1181 distrahimur,
1717 1135 2008 1186 cogitationibus

461 1208 642 1231 vexamur
661 1195 836 1241 assiduis,
857 1196 1094 1245 multumque
1109 1208 1176 1232 nos
1194 1195 1307 1246 agitat
1323 1209 1436 1246 supra
1450 1196 1548 1232 vires
1569 1199 1799 1233 terrenarum
1813 1196 2006 1234 fluctuatio

465 1258 744 1303 tempestatum,
765 1253 829 1290 sed
849 1254 920 1290 hoc
937 1254 1194 1305 principaliter
1218 1259 1343 1292 nostra
1370 1254 1514 1292 laborat
1531 1254 1710 1300 intentio,
1730 1255 1826 1292 vires
1850 1255 2009 1292 tendunt

463 1316 498 1349 et
519 1312 664 1349 labores
681 1313 905 1363 exponimus
927 1318 970 1350 ut
989 1313 1125 1351 Christi
1151 1313 1339 1360 fidelibus,
1358 1327 1520 1364 quorum
1539 1313 1626 1350 licet
1643 1313 1789 1364 indigni
1808 1318 1844 1350 et
1862 1313 2009 1351 insuffi-

462 1370 647 1408 cientibus
666 1371 807 1408 meritis
826 1385 871 1408 ex
890 1372 1015 1408 divina
1033 1372 1277 1423 dispositione
1299 1386 1428 1409 sumus
1449 1371 1671 1409 universalis
1695 1377 1822 1422 pastor
1839 1377 1875 1409 et
1892 1376 2008 1423 pater,

463 1429 599 1480 quietis
626 1430 822 1467 commoda
852 1443 1130 1480 praeparemus,
1162 1431 1274 1467 noxia
1303 1429 1588 1467 subtrahendo:
1617 1430 1655 1466 in
1685 1443 1813 1467 eorum
1846 1443 2008 1481 namque

460 1487 585 1538 quiete
603 1488 830 1538 quiescimus
849 1493 884 1526 et
902 1489 1153 1526 anxietatibus
1171 1489 1382 1535 anxiamur,
1402 1489 1562 1540 ideoque
1580 1489 1659 1526 vias
1677 1493 1713 1525 et
1726 1489 1858 1526 modos
1873 1489 2009 1540 exqui-

459 1547 576 1584 rimus
597 1560 641 1583 ex
662 1547 802 1598 quibus
825 1548 877 1585 eis
897 1553 970 1586 tam
989 1549 1192 1599 spiritualis
1211 1561 1324 1599 quam
1346 1548 1561 1598 temporalis
1588 1547 1815 1598 prosperitas
1834 1547 2005 1586 fructuo-

460 1605 537 1642 sius
563 1606 682 1642 valeat
706 1607 913 1656 provenire.
943 1607 1039 1643 Sane
1065 1606 1156 1643 dum
1184 1607 1383 1656 diligenter
1408 1606 1634 1643 attendimus
1661 1610 1754 1656 quot
1780 1611 1817 1643 et
1847 1610 2008 1656 quantae

462 1664 784 1701 incommoditates
815 1669 851 1701 et
875 1664 1038 1715 dampna
1063 1678 1109 1701 ex
1136 1665 1386 1701 diminutione
1414 1668 1600 1710 monetae,
1628 1664 1789 1701 maxime
1812 1665 2010 1703 Turonen-

462 1721 558 1759 sium
585 1726 620 1758 et
641 1722 905 1759 Parisiensium
918 1752 927 1770 ,
949 1736 1063 1774 quam
1087 1722 1172 1759 cudi
1203 1723 1291 1760 facit
1308 1723 1525 1760 karissimus
1544 1722 1583 1759 in
1601 1722 1747 1760 Christo
1765 1723 1865 1760 filius
1883 1727 2010 1762 noster

461 1780 678 1830 Philippus,
700 1794 765 1817 rex
787 1781 1017 1818 Francorum
1041 1781 1215 1827 illustris,
1239 1795 1335 1829 quae
1357 1781 1514 1831 antiquo
1537 1781 1701 1832 pondere
1721 1786 1758 1818 et
1778 1782 1904 1819 valore
1928 1782 2007 1832 jam

462 1851 538 1875 non
567 1838 756 1875 modicum
784 1839 1043 1886 defraudatur,
1066 1853 1143 1876 non
1170 1841 1292 1877 solum
1319 1840 1495 1886 ecclesiis,
1522 1839 1665 1878 clericis
1693 1845 1729 1877 et
1752 1840 2007 1879 ecclesiasticis

463 1896 649 1946 personis,
663 1896 820 1946 aliisque
838 1897 970 1934 incolis
988 1897 1136 1934 illarum
1157 1898 1320 1948 partium
1333 1927 1342 1945 ,
1362 1897 1426 1934 sed
1452 1897 1533 1935 aliis
1557 1898 1755 1948 provenire
1782 1903 2007 1946 noscuntur,

463 1968 571 2005 opem
597 1959 632 1992 et
653 1968 804 2006 operam
831 1956 991 1992 libenter
1015 1956 1268 2007 impendimus
1293 1961 1335 1994 ut
1360 1957 1487 1993 eadem
1517 1961 1682 2003 moneta,
1709 1956 1941 1994 considerato
1966 1957 2006 1994 in

464 2013 535 2050 hoc
562 2013 753 2050 communi
776 2013 944 2051 fidelium
964 2015 1181 2060 commodo,
1203 2015 1250 2052 ad
1272 2015 1434 2052 valorem
1453 2019 1489 2052 et
1505 2015 1654 2066 pondus
1672 2014 1874 2065 pristinum
1892 2015 2006 2053 redu-

464 2077 568 2109 catur
591 2072 630 2108 in
656 2085 732 2123 quo
761 2073 831 2109 fuit
858 2077 1025 2124 tempore
1047 2074 1145 2111 beati
1172 2074 1373 2121 Ludovici,
1399 2075 1457 2111 avi
1485 2075 1604 2111 clarae
1631 2075 1831 2111 memoriae
1861 2074 2004 2112 domini

466 2131 650 2181 Philippi,
678 2131 792 2181 patris
823 2136 859 2168 et
891 2133 1022 2182 primis
1049 2133 1152 2184 regni
1184 2133 1416 2184 temporibus
1442 2133 1531 2170 dicti
1554 2133 1661 2184 regis.
1686 2133 1825 2171 Verum
1851 2134 1940 2185 quia
1965 2135 2005 2172 in

468 2187 538 2224 hoc
567 2188 755 2239 impensae
784 2203 859 2227 non
889 2191 1058 2228 modicae
1093 2193 1356 2243 requiruntur,
1382 2205 1449 2229 nos
1477 2205 1686 2242 congruum
1720 2196 1934 2242 reputantes
1964 2197 2007 2230 ut

467 2246 587 2283 eidem
609 2248 684 2297 regi
707 2249 773 2298 qui
792 2249 969 2287 hactenus
992 2250 1118 2300 gravia
1141 2251 1320 2288 sustinuit
1347 2264 1458 2288 onera
1482 2263 1748 2301 expensarum,
1771 2250 1810 2287 in
1829 2250 1900 2288 hoc
1915 2251 2007 2288 arti-

468 2305 553 2341 culo
572 2305 781 2343 subsidium
804 2308 1038 2357 praebeatur,
1058 2309 1153 2346 illud
1174 2323 1194 2346 a
1218 2309 1497 2346 venerabilibus
1522 2309 1697 2346 fratribus
1722 2309 1856 2346 nostris
1881 2309 2007 2347 archi-

467 2362 651 2412 episcopis
672 2369 707 2400 et
726 2365 909 2415 episcopis
935 2379 978 2403 ac
1003 2366 1147 2405 dilectis
1166 2368 1253 2405 filiis
1275 2368 1418 2414 electis,
1438 2367 1652 2414 abbatibus,
1671 2367 1880 2418 prioribus,
1898 2381 2007 2418 prae-

467 2420 621 2472 positis,
652 2422 826 2470 decanis,
865 2424 1162 2474 archidiaconis,
1196 2426 1530 2477 archipresbyteris
1568 2431 1603 2463 et
1642 2426 1724 2463 aliis
1767 2425 2004 2464 ecclesiarum
