2184 3074
761 311 923 349 CODEX
949 311 1194 349 DUNENSlS.
1698 314 1744 350 63

210 432 312 484 quod
334 434 534 469 memorata
556 430 810 482 praepositura
832 429 879 466 de
899 429 1144 480 Massongoyo
1167 428 1302 466 debitis
1326 429 1515 480 obsequiis
1543 442 1617 466 non
1643 430 1744 466 frau-

210 492 319 531 detur
338 494 374 528 et
393 490 602 528 animarum
630 502 718 527 cura
747 488 784 526 in
812 488 908 540 ipsa,
935 488 964 526 si
993 488 1025 525 ei
1057 488 1265 534 immineat,
1288 488 1498 525 nullatenus
1524 487 1741 538 negligatur.

211 550 310 589 Nulli
330 562 417 600 ergo
435 548 590 587 omnino
613 548 807 586 bominum
828 548 935 585 liceat
952 547 1047 584 hanc
1060 547 1232 598 paginam
1250 551 1394 584 nostrae
1408 546 1634 590 collationis,
1655 559 1742 597 pro-

209 609 380 654 visionis,
399 607 654 654 investiturae,
674 606 931 644 reservationis
949 610 986 643 et
1001 605 1274 643 constitutionis
1295 605 1494 656 infringere
1515 605 1571 642 vel
1594 605 1626 641 ei
1650 618 1741 642 ausu

210 666 405 707 temerario
424 665 608 703 contraire
625 681 633 702 :
655 665 684 702 si
703 665 788 716 quis
805 669 926 702 autem
947 665 1017 701 hoc
1034 668 1268 714 attemptare,
1287 669 1353 700 ete.

913 795 1024 806 *Φ-

958 939 998 976 L.

276 1058 346 1095 Lea
365 1056 546 1107 reliqieuae
562 1056 606 1093 de
624 1055 761 1093 l’ordre
778 1055 821 1093 de
840 1056 994 1093 Citeauoe
1010 1054 1208 1092 reclament
1225 1054 1453 1104 l’eaeemplion
1472 1055 1534 1092 des
1554 1053 1671 1091 milles

784 1114 894 1151 lavaes
919 1127 963 1151 en
989 1113 1166 1151 Flandre.

254 1307 402 1346 Vestrae
424 1306 719 1357 magnificentiae
748 1319 845 1358 quae
879 1306 940 1357 pie
973 1306 1271 1357 supplicantibus
1306 1306 1511 1356 benignum
1546 1304 1737 1343 consuevit

203 1366 379 1418 praebere
396 1365 582 1411 auditum,
602 1370 811 1403 monstrant
827 1365 988 1416 religiosi
1007 1365 1258 1403 Cisterciensis
1277 1364 1419 1402 ordinis
1438 1378 1504 1414 per
1521 1364 1549 1401 F
1553 1363 1735 1400 landriam

204 1424 395 1463 constituti
413 1424 515 1475 quod
534 1424 619 1461 licet
636 1437 655 1461 a
675 1423 768 1462 Sede
785 1423 995 1474 Apostoliea
1016 1423 1105 1474 ipsis
1127 1428 1163 1460 et
1187 1423 1252 1460 toti
1282 1422 1513 1461 cisterciensi
1541 1421 1663 1459 ordini
1689 1421 1737 1458 sit

205 1482 392 1520 indultum
405 1487 447 1520 ut
460 1482 512 1520 nil
526 1483 674 1534 penitus
693 1482 939 1533 principibus,
956 1482 1146 1519 nobilibus
1159 1474 1224 1519 seu
1241 1481 1339 1527 aliis,
1356 1481 1498 1518 ratione
1511 1480 1734 1520 advocatiae,

203 1540 391 1578 custodiae
404 1545 468 1578 aut
479 1541 722 1587 defensionis,
738 1554 800 1578 seu
816 1553 884 1591 pro
898 1540 1153 1578 aedificatione
1166 1540 1338 1577 villarum
1354 1544 1417 1576 aut
1433 1539 1639 1576 munitione
1653 1551 1734 1576 eas-

204 1602 346 1636 trorum
360 1599 417 1636 vel
435 1600 601 1637 locorum
613 1628 622 1645 ,
641 1603 705 1636 aut
721 1599 803 1636 aliis
821 1599 951 1636 usibus
969 1599 1275 1649 quibuscunque,
1296 1598 1506 1635 ministrare
1529 1602 1734 1640 teneantur,

202 1657 266 1695 sed
288 1657 558 1709 prohibeantur
575 1657 757 1704 districte,
776 1657 954 1708 quodque
971 1657 1018 1694 ab
1043 1657 1180 1694 eisdem
1207 1657 1460 1707 principibus,
1481 1656 1671 1693 nobilibus
1699 1661 1735 1692 et

202 1715 283 1752 aliis
302 1728 430 1752 eorum
450 1715 547 1752 bona
562 1715 692 1751 talli‘ari
710 1728 784 1752 non
798 1715 957 1752 debeant
971 1720 1034 1752 aut
1047 1715 1236 1766 aliquibus
1250 1715 1507 1752 exactionibus
1527 1715 1733 1766 aggravari,

202 1787 222 1811 a
240 1774 394 1812 diversis
418 1774 526 1810 etiam
554 1774 716 1811 romanis
740 1774 980 1825 pontificibus
1003 1773 1239 1825 postmodum
1259 1773 1306 1810 sit
1323 1773 1507 1823 adjectum
1526 1772 1627 1823 quod
1647 1773 1734 1823 qui-

202 1846 349 1884 cunque
368 1833 520 1884 praelati
540 1833 851 1870 ecclesiasticaeve
869 1847 1047 1884 personae
1064 1833 1233 1870 collectas
1253 1832 1370 1869 tallias
1389 1837 1421 1868 et
1441 1835 1579 1868 caetera
1601 1831 1733 1881 liujus-

202 1892 378 1942 modique
402 1891 631 1928 exactionem
663 1892 717 1928 vel
743 1892 969 1929 coactionem
997 1891 1159 1942 aliquam
1188 1891 1338 1941 sapiunt
1362 1890 1418 1926 vel
1446 1890 1634 1941 ingerunt.
1662 1890 1732 1926 sub

200 1950 334 2001 quovis
353 1950 475 1995 titulo,
495 1950 605 1986 modo
622 1950 676 1986 vel
690 1950 858 2000 quaesito
873 1950 994 1987 colore
1008 1949 1275 2001 praestiterint,
1293 1954 1329 1985 ct
1344 1949 1549 1999 principes,
1565 1948 1732 1993 barones,

200 2012 409 2059 potestates,
427 2007 601 2045 officiales
620 2008 676 2044 vel
695 2012 854 2046 rectores
872 2008 1063 2045 civitatum
1082 2008 1138 2044 vel
1158 2012 1381 2053 castrorum,
1401 2019 1626 2057 quocunque
1645 2019 1733 2042 cen—

200 2071 350 2104 seantur
369 2067 538 2114 nomine,
556 2080 620 2104 seu
638 2067 855 2118 quicunque
873 2068 934 2104 alii
955 2068 1039 2105 talia
1059 2068 1304 2118 imposuerint
1320 2072 1356 2103 et
1373 2066 1571 2116 exegerint,
1588 2072 1651 2103 aut
1666 2066 1730 2117 qui

201 2126 358 2163 scienter
375 2126 414 2162 in
432 2125 644 2176 praemissis
662 2126 832 2163 dederint
855 2126 1055 2173 auxilium,
1075 2126 1272 2163 consilium
1297 2126 1353 2162 vel
1377 2126 1558 2170 savorem,
1583 2124 1732 2175 publice

201 2184 257 2221 vel
271 2184 429 2230 occulte,
442 2197 485 2221 eo
499 2184 580 2235 ipso
594 2185 813 2222 sententiam
832 2184 1228 2222 excommunicationis
1246 2184 1454 2229 incurrant,
1475 2182 1730 2220 universitates

200 2255 351 2293 quoque
364 2255 428 2279 seu
442 2242 725 2279 communitates
735 2243 1001 2280 ecclesiastieae
1015 2243 1090 2280 sint
1103 2242 1315 2292 suppositae
1330 2241 1542 2286 interdicto,
1558 2254 1577 2277 a
1592 2240 1730 2291 quibus

200 2300 391 2345 sententiis
422 2304 679 2351 praeterquam
711 2300 750 2337 in
781 2301 909 2338 mortis
940 2301 1095 2338 articulo
1125 2299 1266 2336 absolvi
1300 2304 1486 2350 nequeant
1518 2299 1597 2335 sine
1627 2298 1732 2337 Sedis

200 2358 434 2410 Apostolicae
455 2358 672 2396 auctoritate
696 2363 732 2396 et
756 2359 904 2396 lieentia
929 2359 1098 2409 speciali,
1117 2363 1190 2395 tam
1214 2358 1446 2408 imponentes
1469 2370 1581 2407 quam
1604 2356 1732 2393 dantes

202 2422 238 2456 et
255 2417 387 2455 caeteri
406 2416 620 2467 supradicti.
640 2417 914 2455 Nichilominus
932 2422 1054 2455 tamen
1072 2417 1226 2467 quidam
1246 2416 1380 2453 muniti
1397 2415 1526 2453 litteris
1540 2415 1683 2452 domini
1697 2421 1733 2452 et
