2184 3074
472 300 543 337 574
1021 296 1183 334 CODEX
1207 297 1454 336 DUNENSIS.

472 415 576 453 Novo
601 415 671 452 hoc
696 414 869 458 scientes,
893 413 1123 463 congregatis
1152 413 1280 450 multis
1306 413 1482 451 archeriis
1502 419 1637 462 terrae,
1656 416 1731 454 illis
1747 418 2004 468 proditoribus

471 474 620 511 obviam
647 476 907 518 occurrerunt,
927 476 963 508 et
987 471 1026 508 in
1045 472 1160 522 ipsos,
1180 471 1272 508 dum
1294 472 1490 510 transitum
1512 474 1692 521 facerent,
1706 475 1863 514 viriliter
1885 478 2005 516 irrue—

471 537 560 569 runt
575 536 612 569 et
629 531 728 582 ipsos
755 531 793 567 in
820 531 947 580 fugam
971 530 1122 580 penitus
1148 534 1428 577 converterunt,
1446 531 1496 569 ita
1517 532 1622 583 quod
1642 537 1717 571 tam
1737 535 1872 585 captivi
1889 546 2003 586 quam

473 590 608 627 mortui
629 603 674 626 ex
693 590 782 640 ipsis
801 589 986 625 excedunt
1003 601 1202 625 numerum
1216 588 1476 636 ducentorum,
1497 589 1546 627 ob
1559 591 1666 641 cujus
1678 592 1873 630 obtentum
1887 594 2005 632 victo-

472 649 548 686 riac
569 649 730 685 multum
750 648 802 684 ibi
821 647 999 684 attenuati
1018 651 1106 684 sunt
1122 647 1331 697 proditores
1352 652 1388 685 et
1405 648 1573 696 rebelles,
1590 649 1655 687 sed
1672 664 1718 688 ex
1739 651 1819 702 ipsa
1837 653 2006 704 captione

473 707 669 744 Liceriensi
689 706 906 743 omnimodo
926 706 1220 753 confundentur,
1238 706 1349 744 dante
1369 707 1455 744 Deo.

1170 829 1293 843 ἡ

1164 974 1315 1013 CCLlV.

472 1094 592 1130 Lettre
609 1093 653 1129 de
669 1092 706 1129 Ια
724 1098 891 1129 comtes-se
913 1092 956 1128 de
974 1091 1142 1128 Flandre
1159 1092 1182 1129 ἁ
1201 1091 1312 1129 ἱάὀὸέ
1329 1092 1374 1130 de
1392 1084 1727 1131 Mem-Saint-E'Ioi
1746 1107 1815 1132 sur
1833 1094 1865 1132 le
1880 1100 2007 1132 retour

841 1151 884 1187 de
911 1151 988 1188 Gm·
1012 1151 1056 1188 de
1081 1152 1302 1201 Dampierre
1327 1152 1371 1189 de
1397 1152 1433 1189 la
1459 1153 1636 1190 croi-sade.

483 1343 491 1350 ”
521 1348 617 1396 Quia
635 1347 780 1398 saepius
796 1360 883 1384 vero
898 1347 1152 1397 experimento
1167 1346 1367 1385 didicimus
1382 1348 1484 1399 quod
1499 1362 1627 1400 pacem
1646 1354 1680 1386 et
1699 1349 2004 1400 tranquillitatem

475 1411 621 1444 nostrae
638 1406 772 1443 mentis
790 1410 826 1442 et
844 1406 1026 1456 corporis,
1046 1419 1190 1442 necnon
1206 1410 1241 1442 ct
1259 1407 1384 1444 omnia
1404 1420 1501 1457 quae
1518 1407 1564 1444 ad
1580 1411 1748 1444 nostrum
1767 1406 2006 1444 commodum

473 1469 508 1501 ct
533 1464 713 1501 honorem
737 1463 910 1500 cederent
927 1477 970 1500 ac
988 1463 1165 1501 deberent
1183 1464 1327 1512 cedere,
1345 1465 1500 1515 diligitis
1517 1466 1631 1502 animi
1651 1466 1827 1516 puritate,
1846 1465 2008 1503 Sinceri-

474 1527 583 1560 tatem
594 1523 760 1559 Vestram
780 1522 873 1559 scire
890 1522 1063 1559 volumus
1082 1522 1201 1572 quod,
1220 1527 1407 1560 annuente
1424 1524 1605 1570 Domino7
1620 1524 1729 1561 nobis
1742 1525 1830 1561 satis
1844 1523 2008 1562 arrident

473 1594 545 1632 pax
564 1586 599 1618 et
617 1580 750 1617 mentis
778 1579 1027 1630 tranquillitas
1058 1591 1144 1616 cum
1168 1581 1334 1618 sanitatis
1361 1594 1559 1632 corporeae
1585 1582 1769 1619 comitiva.
1793 1581 2008 1620 Gaudemus

472 1638 672 1675 admodum
697 1639 742 1674 de
766 1642 893 1675 nostro
916 1638 994 1674 filio
1017 1638 1151 1674 comite
1174 1638 1370 1675 Flandriae
1395 1644 1431 1676 et
1456 1640 1534 1689 ejus
1553 1639 1680 1676 liberis
1697 1640 1761 1690 qui
1780 1640 1959 1691 periculis.
1971 1645 2007 1678 et

473 1697 754 1734 discriminibus
771 1697 883 1733 variis
901 1701 937 1733 et
954 1696 1108 1733 diversis
1128 1696 1165 1732 in
1185 1697 1324 1747 quibus
1342 1697 1388 1734 de
1406 1702 1459 1734 tot
1476 1702 1512 1734 et
1530 1697 1641 1734 tantis
1659 1698 1834 1748 periculis
1861 1698 2007 1737 fuerant

473 1755 681 1802 constituti,
696 1755 774 1792 sani
789 1760 824 1792 ct
838 1755 1054 1799 incolumes,
1070 1755 1294 1806 propitiante
1310 1755 1517 1803 Altissimo⁷
1531 1756 1577 1792 ad
1593 1755 1742 1806 propria
1759 1760 1846 1793 sunt
1858 1755 2007 1803 reversi,

472 1827 568 1865 quae
585 1813 755 1864 quidem,
773 1818 816 1850 ut
833 1813 936 1850 vobis
955 1813 1142 1863 placeant,
1159 1808 1548 1864 tenore'praesentium
1569 1814 1796 1851 intimamus.
1812 1815 2006 1852 Caeterum

471 1878 592 1910 vestra
610 1877 645 1909 et
661 1873 820 1909 aliorum
839 1872 1095 1922 religiosorum
1115 1871 1281 1909 virorum
1299 1873 1467 1910 omnium
1487 1872 1661 1923 suffragia
1678 1873 1715 1909 in
1732 1873 1866 1910 nostris
1880 1886 2007 1911 neces-

473 1930 642 1968 sitatibus
669 1930 777 1967 nobis
801 1930 946 1980 saepius
972 1930 1144 1967 novimus
1162 1931 1357 1980 profuisse.
1386 1931 1581 1969 Caritatem
1611 1931 1775 1968 Vestram
1801 1931 1948 1969 attentis
1966 1931 2005 1968 in

474 1990 634 2026 Domino
660 1988 834 2039 precibus
859 1988 1084 2038 requirimus
1111 1992 1147 2024 et
1172 2002 1344 2040 rogamus
1371 1989 1548 2040 quatinus
1570 2002 1639 2040 pro
1666 1989 1773 2026 nobis
1799 1989 2007 2040 specialiter

473 2054 507 2084 et
524 2053 640 2084 terrae
659 2048 804 2084 nostrae
824 2046 978 2096 negotiis
997 2059 1101 2083 orare
1118 2047 1238 2084 velitis
1257 2052 1293 2084 et
1310 2047 1406 2084 orari
1426 2047 1582 2085 sollicite
1600 2046 1751 2084 faciatis.
