2184 3074
742 326 903 364 CODEX
930 327 1174 367 DUNENSIS.
1678 332 1725 369 49

191 445 371 483 discretus
389 446 448 483 vir
464 446 576 484 frater
595 446 668 492 W.,
683 447 798 484 abbas
817 448 1029 485 monasterii
1049 448 1096 485 de
1112 449 1278 495 Tliosan,
1296 450 1439 487 ordinis
1458 450 1726 498 Cisterciensis,

190 503 434 542 Tornacensis
452 505 638 555 dyocesis,
656 517 821 543 asserens
840 506 1019 543 veraciter
1036 519 1159 543 eoram
1184 507 1291 544 nobis
1313 507 1451 545 ibidem
1471 508 1574 559 quod
1593 509 1631 545 in
1654 514 1726 547 tes-

182 566 353 601 tamento
371 568 408 601 et
424 564 555 601 ultima
573 564 779 610 voluntate,
794 577 1022 615 quocunque
1036 566 1188 602 nomine
1200 571 1431 612 censeantur,
1447 566 1549 617 quod
1564 571 1599 604 et
1612 580 1724 617 quam

189 633 288 659 anno
314 621 583 660 Incarnationis
609 622 828 660 Dominicae
854 623 906 660 Μ0
931 623 1045 670 0000,
1073 624 1160 660 scria
1188 625 1318 674 quinta
1345 629 1429 661 ante
1460 625 1592 662 festum
1620 625 1723 662 Beati

190 678 357 719 Nieholai
378 679 577 730 hyemalis,
595 680 654 717 vir
670 681 848 731 providus
873 685 908 718 et
926 681 1106 719 discretus
1124 682 1314 732 quondam
1334 682 1376 719 G.
1397 683 1517 720 dictus
1537 683 1661 728 Wert,
1679 695 1723 720 eo

189 741 354 788 tempore
372 750 606 776 commorans
626 739 663 775 in
682 739 768 776 villa
785 752 849 776 seu
868 739 1008 790 oppido
1026 739 1340 778 Tenremondensi
1367 769 1548 779 .......
1564 746 1601 778 et
1612 741 1723 792 oppi-

187 794 307 837 danus
338 795 497 843 ibidem,
523 809 676 847 compos
707 810 794 834 suae
824 797 977 843 mentis,
1005 798 1051 834 ad
1080 797 1146 835 Dei
1173 799 1455 849 omnipotentis,
1478 800 1723 850 omniumque

187 858 400 891 sanctorum
428 854 608 892 honorem
636 860 672 892 et
697 855 746 892 ob
772 856 917 892 animae
944 869 1032 893 suae
1057 857 1262 894 remedium
1290 862 1325 894 et
1350 858 1525 903 salutem,
1548 858 1608 908 pie
1633 863 1723 895 tunc

187 912 358 950 condidit
373 913 420 950 de
438 913 548 951 bonis
565 914 643 951 sui's
660 927 702 951 ac
723 914 834 951 etiam
859 915 1047 952 ordinavit
1072 916 1242 953 abbatem
1268 917 1481 954 monasterii
1505 917 1551 954 dc
1572 916 1720 955 'rhosan

187 971 252 1021 qui
270 983 340 1022 pro
357 975 524 1022 tempore
540 972 607 1010 illo
624 977 718 1019 erat,
730 973 789 1010 vel
804 973 975 1010 abbatem
995 974 1109 1010 alium
1130 974 1221 1011 inibi
1241 988 1517 1026 quemeumque
1535 976 1719 1021 futurum,

186 1040 251 1066 seu
269 1029 380 1066 etiam
399 1030 562 1081 aliquem
580 1030 703 1069 virum
722 1045 767 1068 ex
785 1032 862 1069 suis
881 1032 962 1069 loco
988 1033 1045 1069 sui
1069 1033 1284 1083 ponendum
1310 1046 1374 1070 seu
1400 1034 1719 1078 substituendum,

185 1080 234 1124 ab
247 1100 295 1124 eo
313 1088 469 1125 electum
485 1092 521 1125 et
534 1089 777 1126 constitutum
793 1103 813 1127 a
828 1091 992 1140 praefato
1006 1090 1048 1127 G.
1063 1091 1175 1128 fuisse
1188 1104 1350 1128 unacum
1366 1091 1515 1128 domina
1532 1092 1590 1138 Κ.
1604 1104 1720 1128 uxore

186 1156 267 1192 sua,
286 1150 322 1183 et
338 1146 479 1184 Jacobo
497 1147 597 1185 dieto
616 1147 739 1194 Wert,
764 1149 875 1186 fratre
893 1149 935 1186 G
956 1149 1138 1187 testatoris
1165 1150 1361 1200 praedicti.
1382 1150 1418 1186 in
1443 1163 1528 1188 suos
1556 1163 1660 1187 veros
1684 1154 1721 1187 et

186 1200 370 1255 legitimos
396 1206 688 1244 testamentarios
713 1210 927 1244 executores
947 1207 993 1243 ad
1015 1208 1276 1258 exequendum
1298 1207 1413 1244 libere
1431 1212 1466 1245 et
1486 1208 1718 1259 implendum

186 1275 254 1313 per
269 1261 441 1300 abbatem
460 1263 507 1300 de
525 1263 672 1302 'l'hosan
695 1265 752 1302 vel
772 1277 839 1316 per
854 1265 1016 1315 aliquem
1035 1266 1157 1302 virum
1178 1266 1260 1302 loco
1280 1265 1336 1303 sui
1361 1270 1397 1302 et
1413 1279 1458 1302 ex
1477 1270 1580 1316 parte
1599 1265 1720 1315 depu-

186 1321 358 1367 tandum,
372 1325 415 1358 ut
431 1326 486 1360 est
503 1322 663 1369 dictum,
676 1323 816 1374 pariter
833 1335 918 1360 cum
937 1323 1112 1360 Katerina
1130 1328 1166 1360 et
1182 1324 1322 1361 Jacobo
1340 1324 1488 1361 duobus
1506 1323 1718 1374 praedictis,

185 1379 214 1416 si
234 1379 378 1430 possint
401 1384 437 1417 et
457 1381 575 1418 velint
601 1381 816 1430 hujusmodi
845 1382 1053 1419 executioni
1080 1382 1272 1419 intendere
1299 1386 1335 1418 et
1358 1395 1503 1426 vacare,
1529 1381 1607 1418 sive
1633 1394 1718 1418 cum

183 1437 298 1475 altero
315 1448 360 1475 ex
378 1438 547 1486 duobus;,
565 1439 623 1476 sin
642 1444 765 1476 autem
783 1451 914 1482 vacare
933 1452 1007 1476 non
1028 1440 1187 1490 possint,
1207 1453 1275 1477 nee
1298 1440 1431 1486 velint,
1450 1454 1517 1490 per
1533 1453 1571 1477 se
1595 1440 1717 1476 solum

182 1503 388 1549 exequatur
404 1499 530 1536 omnia
547 1503 584 1536 et
600 1499 745 1550 singula
764 1499 803 1537 in
823 1499 1057 1537 ordinatione
1076 1500 1282 1538 testamenti
1301 1505 1337 1537 et
1350 1500 1550 1537 voluntatis
1564 1500 1716 1537 ultimae

182 1555 270 1593 dicti
290 1550 545 1604 GJTcontenta,
563 1571 648 1595 cum
666 1557 776 1596 bonis
794 1558 883 1596 dieti
902 1559 945 1595 G.
973 1559 1155 1596 testatoris
1180 1559 1356 1595 omnibus
1380 1563 1415 1595 et
1438 1558 1613 1609 singulis,
1640 1563 1713 1595 tam

181 1615 387 1653 mobilibus
413 1629 526 1666 quam
540 1616 827 1663 immobilibus,
853 1630 1100 1668 quaecunque
1131 1618 1206 1654 sint
1236 1618 1296 1655 illa
1325 1622 1361 1654 et
1389 1617 1459 1654 sub
1490 1630 1715 1668 quacunque

182 1672 422 1712 inveniantur
441 1686 614 1729 persona,
641 1676 751 1723 dans,
777 1677 970 1713 conserens
995 1681 1031 1713 et
1056 1677 1262 1714 concedens
1288 1676 1384 1713 idem
1404 1675 1448 1712 G.
1470 1680 1620 1713 testator
1636 1675 1713 1712 suis

181 1733 440 1771 executoribus
458 1735 652 1773 antedictis
669 1736 818 1786 plenam
836 1740 872 1772 et
888 1735 1042 1773 liberam
1062 1749 1103 1772 ac
1121 1736 1375 1773 omnimodam
1393 1739 1608 1786 potestatem
1627 1747 1714 1771 exe-

181 1783 321 1840 quendi
339 1795 375 1828 et
388 1791 617 1843 adimplendi
632 1794 850 1844 praemissa.
866 1793 962 1831 sicut
973 1799 1060 1831 sunt
1074 1794 1111 1830 in
1127 1807 1195 1831 suo
1211 1798 1428 1830 testamento
1442 1798 1478 1830 et
1491 1793 1570 1842 ejus
1585 1792 1714 1828 ultima

179 1851 366 1886 voluntate
384 1854 571 1898 contenta,
591 1851 628 1888 in
646 1864 808 1902 quorum
822 1856 1060 1889 executurum
1077 1852 1249 1889 manibus
1262 1852 1386 1888 omnia
1401 1855 1438 1887 et
1452 1850 1597 1900 singula
1616 1850 1713 1887 bona

180 1918 246 1943 sua
269 1907 424 1945 mobilia
448 1913 484 1945 et
509 1908 736 1955 immobilia,
760 1914 803 1946 ut
828 1913 883 1946 est
906 1909 1068 1955 dictum,
1093 1910 1219 1960 posuit
1245 1915 1282 1946 et
1308 1909 1435 1946 cadem
1467 1909 1645 1958 obligavit
1676 1908 1714 1944 in

179 1965 435 2005 executionem
448 1966 505 2003 sui
520 1967 782 2004 testamenti-ct
798 1981 886 2005 suae
897 1968 1100 2005 voluntatis
1119 1968 1285 2014 ultimae,
1301 1980 1367 2018 per
1383 1980 1446 2004 eos
1458 1968 1517 2003 vel
1532 1980 1598 2016 per
1610 1979 1713 2010 eum,

180 2027 222 2060 ut
237 2024 499 2074 praemittitur,
513 2026 773 2064 convertenda.
787 2026 914 2064 Voluit
926 2031 962 2063 et
976 2026 1164 2064 ordinavit
1178 2027 1288 2063 etiam
1303 2040 1386 2063 cum
1402 2026 1599 2076 praedictis
1611 2024 1713 2075 quod

179 2081 305 2119 nullus
332 2081 514 2120 heredum*
537 2085 691 2121 suomm
718 2084 825 2122 bona
842 2095 917 2122 sua‘
934 2085 1117 2134 partificet
1142 2085 1198 2121 vel
1225 2084 1471 2135 aggrediatur,
1490 2083 1560 2120 sub
1587 2082 1712 2133 aliquo

179 2139 292 2178 modo
309 2140 366 2177 vel
386 2141 522 2189 forma,
540 2143 731 2180 autetiam
750 2143 1009 2185 executionem
1032 2143 1246 2192 hujusmodi
1271 2142 1476 2179 testamenti
1502 2146 1539 2178 et
1559 2141 1713 2178 ordina-

179 2197 290 2235 tionis
308 2211 396 2235 suae
412 2199 565 2237 ultimae
583 2201 980 2252 voluntatis‘impediat
996 2201 1280 2251 quomodolibet
1297 2201 1353 2237 vel
1373 2200 1575 2251 perturbet.

194 2272 197 2274 ·
219 2256 331 2304 *Quae
344 2259 544 2307 praemissa
558 2256 832 2310 perdomi'num
848 2259 1020 2296 abbatem
1038 2260 1191 2309 allegata
1210 2264 1246 2296 et.
1263 2264 1397 2296 asserta
1417 2271 1540 2295 coram
1559 2271 1618 2295 me
1634 2258 1711 2294 vidi

178 2327 246 2364 ego
262 2315 295 2352 J.
315 2316 757 2369 notarius-ibfmseriptus
776 2318 1068 2355 infmzlinatione
1085 2317 1174 2354 dicti
1199 2317 1405 2355 testamenti
1425 2317 1462 2354 in
1483 2316 1629 2367 scriptis
1647 2330 1713 2367 per

178 2372 395 2424 flamingum
414 2370 752 2425 ydyoma·redacti,
770 2389 844 2413 una
860 2389 944 2413 cum
963 2375 1044 2413 aliis
1064 2377 1211 2427 plenius
1229 2382 1266 2413 et
1284 2375 1492 2413 evidentius
1509 2375 1711 2420 contineri,

178 2434 214 2467 et
230 2443 270 2467 ea
290 2432 364 2469 sub
375 2433 573 2471 'consimili‘
584 2446 710 2482 sensu,
729 2435 916 2472 intellectu
935 2439 972 2471 et
989 2435 1231 2485 conceptione
1242 2435 1458 2481 verborum,
1472 2437 1583 2483 prout
1597 2433 1712 2483 magis

1540 2493 1561 2528 7
