2184 3074
449 338 496 374 42
998 335 1158 373 CODEX
1185 335 1428 395 QUNENSIS.

449 453 787 502 recognoscendum
805 465 928 489 coram
947 452 1070 498 vobis,
1084 451 1234 488 domine
1251 451 1419 489 officialis
1437 450 1638 502 praedicte,
1652 451 1853 501 praemissa
1870 455 1982 501 prout

448 511 618 560 superius
647 516 734 548 sunt
759 525 948 561 expressa,
973 515 1009 548 et
1032 511 1078 547 ad
1103 511 1379 561 impetrandum
1402 510 1539 548 litteras
1559 509 1853 547 confirmationis
1870 522 1982 560 super

448 570 623 607 omnibus
643 575 678 607 et
696 570 851 620 singulis
870 569 1082 620 praemissis
1104 583 1171 620 per
1191 583 1284 620 quas
1307 574 1459 620 possent
1480 568 1652 619 compelli
1675 582 1742 619 per
1761 568 1980 605 sententiam

447 628 841 665 excommunicationis
857 628 902 664 ad
917 628 1188 665 observantiam
1204 628 1374 665 omnium
1389 633 1425 665 et
1437 628 1670 678 singulorum
1679 626 1980 677 praemissorum,

447 687 664 737 ubicunque
690 700 750 723 eos
779 686 974 735 eontigerit
998 686 1036 722 in
1059 687 1228 722 futurum
1256 687 1498 732 commorari,
1525 691 1568 723 ut
1592 690 1647 723 est
1668 685 1831 731 dictum,
1851 684 1980 722 dantes

445 745 544 781 dicto
566 744 796 795 procuratori
824 757 892 781 suo
914 744 1062 794 plenam
1089 748 1306 793 potestatem
1333 749 1369 781 et
1394 744 1611 781 mandatum
1638 743 1796 794 speciale
1818 742 1915 793 Juris
1941 743 1979 780 in

444 803 585 839 animas
601 802 767 852 ipsorum
781 807 958 838 eteorum
974 802 1207 851 singulorum
1227 807 1262 839 et
1274 803 1400 847 omnia
1415 803 1486 839 alia
1501 807 1537 840 et
1550 803 1695 852 singula
1710 801 1870 838 faciendi
1885 814 1980 852 quae

443 861 539 898 circa
560 860 759 911 praemissa
783 865 819 896 et
840 874 880 896 ea
903 860 1088 911 tangentia
1115 860 1254 897 fuerint
1274 866 1476 911 oportuna,
1495 859 1678 911 quicquid
1698 859 1820 896 dictus
1842 855 1981 910 procu-

443 924 542 957 rator
568 919 719 956 nomine
747 919 912 969 ipsorum
934 923 969 955 et
987 932 1115 956 eorum
1137 919 1339 968 cujuslibet
1359 933 1472 969 super
1491 918 1702 970 praemissis
1722 922 1758 955 et
1779 917 1980 968 praemissa

444 979 679 1030 tangentibus
700 978 836 1015 dixerit
857 979 914 1015 vel
939 979 1085 1025 fecerit,
1104 983 1245 1024 ratum,
1267 985 1413 1029 gratum
1439 983 1475 1015 et
1494 979 1644 1015 firmum
1669 976 1845 1014 habituri.
1869 974 1980 1023 Quod

443 1038 549 1075 vobis
567 1043 602 1075 et
623 1038 798 1075 omnibus
821 1042 948 1074 tenore
964 1038 1214 1088 praesentium
1235 1037 1462 1074 intimamus.
1482 1037 1619 1074 Datum
1632 1065 1641 1083 ,
1664 1039 1732 1072 etc.

1157 1162 1268 1170 ἠν...

1152 1303 1267 1341 ΧΧΧ.

461 1421 581 1458 Lettre
606 1421 649 1458 de
675 1420 787 1458 sabbe'
811 1421 855 1458 de
883 1422 1036 1473 Citeanux
1062 1422 1212 1459 relative
1238 1423 1261 1458 ἀ
1288 1421 1325 1459 la
1351 1423 1595 1459 construction
1623 1421 1733 1458 d'une
1759 1421 1964 1471 infirme-rie

1010 1479 1105 1516 dans
1131 1492 1168 1516 ce
1194 1482 1408 1517 monestere.

490 1680 775 1735 venerabilibus
791 1686 827 1718 et
844 1683 883 1719 in
901 1683 1036 1720 Christi
1056 1683 1258 1720 visceribus
1277 1683 1428 1720 caritate
1451 1682 1717 1733 amplectendis
1741 1681 1924 1718 universis
1946 1686 1982 1717 et

442 1738 597 1789 singulis
621 1740 864 1778 coabbatibus
890 1741 978 1788 suis,
1005 1755 1149 1778 necnon
1177 1742 1328 1779 caeteris
1353 1742 1520 1792 personis
1546 1740 1798 1778 Cisterciensis
1821 1739 1980 1786 ordinis,

442 1797 575 1834 frater.
594 1828 600 1834 .
620 1827 627 1834 .
648 1828 654 1834 .
676 1828 684 1844 ,
703 1799 817 1835 abbas
837 1799 1088 1837 Cistereiensis
1108 1801 1262 1837 salutem
1283 1805 1319 1837 et
1340 1801 1441 1837 illam
1461 1799 1750 1837 sollicitudinem
1771 1798 1980 1835 dilectionis

442 1856 594 1892 intimae
611 1870 723 1907 quam
743 1858 869 1906 lingua
889 1859 1005 1895 nescit
1023 1860 1079 1895 vel
1099 1860 1262 1896 calamus
1283 1872 1464 1895 enarrare.

491 1914 607 1964 Argui
635 1920 758 1965 posset
781 1916 810 1952 si
837 1917 998 1966 genitrix
1023 1917 1189 1954 incuriae
1217 1917 1421 1954 novercalis
1448 1930 1535 1953 suae
1561 1916 1838 1954 sustentationis
1865 1915 1979 1952 ubera

443 1973 617 2009 esurienti
638 1973 714 2010 filio
734 1974 947 2024 denegaret,
965 1980 1000 2011 et
1019 1975 1117 2012 filius
1136 1975 1307 2012 affectum
1327 1975 1489 2012 abiceret
1506 1974 1673 2020 filialem,
1691 1974 1721 2011 si
1745 1974 1871 2020 matri,
1893 1987 1977 2010 eum

444 2036 578 2082 potest,
593 2045 667 2068 non
686 2032 860 2069 subvenit
878 2033 1076 2083 indigenti,
1090 2034 1269 2084 quoniam
1291 2033 1328 2069 id
1347 2034 1477 2070 suadet
1494 2033 1672 2083 obligatio
1690 2032 1848 2069 foederis
1867 2036 1978 2068 natu-

443 2090 530 2127 ralis
554 2094 596 2126 ut
617 2090 808 2126 sinceriori
837 2091 976 2127 unione
1001 2092 1180 2128 subsistat
1206 2092 1331 2128 innata
1354 2091 1487 2127 dilecta
1511 2103 1624 2140 quam
1649 2090 1825 2140 quaesita.
1845 2090 1978 2126 Paucis

443 2148 541 2184 enim
560 2149 659 2198 apud
679 2162 746 2186 nos
764 2150 915 2196 utimur,
935 2163 1019 2186 cum
1038 2163 1227 2200 rogamus,
1247 2154 1412 2186 tenentes
1431 2149 1618 2186 infallibili
1637 2153 1856 2199 argumento
1875 2147 1978 2198 quod

443 2207 495 2243 sic
518 2206 555 2242 in
576 2207 752 2244 cordibus
774 2208 903 2244 vestris
923 2209 1038 2245 fervet
1055 2209 1205 2245 dilectio
1224 2222 1309 2259 erga
1329 2212 1501 2253 matrem,
1519 2212 1562 2244 ut
1579 2212 1762 2244 reservato
1778 2206 1977 2244 verborum

441 2264 583 2300 ambitu
611 2265 819 2314 interpellet
842 2279 910 2316 pro
934 2266 1043 2303 nobis
1067 2266 1346 2303 habundantius
1371 2266 1522 2312 caritas,
1543 2278 1639 2316 quae
1658 2265 1866 2302 voluntates
1890 2264 1979 2301 hinc

442 2321 529 2358 inde
550 2327 740 2372 promptas
762 2324 875 2360 efficit
894 2324 1054 2361 invicem
1073 2325 1341 2375 complacendi.
1362 2324 1455 2362 Cum
1476 2323 1601 2374 igitur,
1617 2322 1866 2368 dilectissimi,
1883 2322 1980 2359 sicut

443 2394 462 2418 a
485 2381 593 2418 nobis
612 2381 682 2418 suit
700 2396 820 2432 nuper
843 2383 880 2419 in
908 2388 1033 2421 nostro
1059 2384 1220 2435 generali
1248 2384 1411 2435 capitulo
1435 2383 1691 2434 propalatum,
1709 2382 1747 2417 in
1767 2381 1879 2417 domo
1897 2380 1979 2417 Cis-

445 2439 635 2486 terciensi,
654 2454 749 2489 quae
770 2446 887 2479 mater
909 2447 963 2479 est
980 2443 1122 2480 ordinis
1139 2448 1175 2480 et
1192 2443 1316 2494 origo,
1336 2442 1382 2480 ad
1402 2442 1582 2479 honorem
1601 2440 1669 2478 Dei
1688 2444 1724 2481 et
1741 2452 1976 2476 communem
