2184 3074
757 323 918 362 CODEX
943 324 1192 364 DUNENSlS.
1697 332 1744 369 99

209 439 394 491 praefatus
412 439 609 490 episcopus
625 438 886 489 dyochesanus
904 440 1040 490 ipsius,
1056 442 1286 492 temporibus
1301 447 1337 479 et
1350 443 1629 483 conditionibus
1642 446 1694 483 sie
1708 460 1746 484 se

209 496 435 535 habentibus
450 501 491 534 ut
503 510 606 535 nunc
619 510 658 534 se
673 496 828 543 habent,
843 497 1018 535 accedere
1032 511 1100 536 nec
1112 500 1218 546 velle,
1235 514 1302 537 nec
1317 514 1425 551 posse
1442 503 1638 540 commode
1651 503 1746 540 dici-

208 558 281 602 tur,
297 568 364 593 nec
381 555 491 594 etiam
510 555 646 607 aliquis
662 555 757 593 alius
775 556 972 607 episcopus
991 557 1061 607 ipsi
1081 558 1162 595 loco
1177 560 1412 610 propinquus
1430 561 1559 598 existat
1576 575 1686 612 quem
1706 563 1743 599 in

210 612 282 651 hoc
299 613 468 653 laborare
482 614 656 661 velimus,
670 614 915 665 personaliter
930 615 1162 662 accedentes,
1181 617 1347 654 eamdem
1366 618 1556 656 ecclesiam
1575 623 1612 656 et
1629 619 1745 670 ipsius

207 671 444 722 cymiterium
463 672 682 710 auctoritate
700 679 825 710 nostra
842 672 889 710 ad
907 685 1018 710 omne
1035 673 1194 711 dubium
1212 675 1487 713 excludendum
1506 677 1745 715 reconciliare

207 730 343 768 curetis
370 744 465 782 aqua
484 744 552 782 per
573 731 744 782 quemvis
769 731 994 769 catholicum
1016 733 1232 783 episcopum
1258 733 1488 772 obtinentem
1512 735 1745 786 Apostolicae

209 787 314 826 Sedis
330 789 486 840 gratiam
504 789 717 836 benedicta,
736 793 772 826 et
789 789 932 827 clericis
950 803 992 827 ac
1010 791 1178 841 personis
1196 792 1450 830 ecclesiasticis
1476 793 1674 843 praedictis
1698 794 1744 831 ad

209 846 356 885 easdem
381 847 508 884 villam
533 851 570 885 et
593 847 784 885 ecclesiam
810 847 988 885 revocatis
1011 861 1079 898 per
1101 861 1167 885 vos
1184 849 1241 885 vel
1260 849 1375 887 alium
1398 863 1462 887 seu
1486 851 1594 897 alios,
1618 851 1744 889 divina

209 910 347 956 organa
369 906 548 944 reassumi
573 906 713 943 faciatis
731 905 769 943 in
788 905 878 956 ipsis
895 910 932 942 et
948 910 1175 943 sacramenta
1193 907 1437 944 ecclesiastica
1455 909 1596 958 populo
1613 909 1746 946 minis-

209 964 315 1011 trari,
334 977 410 1002 non
428 964 682 1015 permittentes
699 965 882 1014 praefatos
901 964 1110 1014 provisores
1134 969 1170 1001 et
1192 964 1431 1002 adhaerentes
1457 965 1509 1002 eis
1536 966 1746 1016 praedicto-

208 1035 292 1060 rum
315 1022 510 1060 occasione
531 1021 716 1073 pendente
741 1021 958 1072 hujusmodi
983 1022 1275 1072 appellationum
1302 1027 1338 1060 et
1363 1023 1499 1074 negotii
1527 1023 1745 1075 principalis

206 1093 334 1126 causa,
357 1093 470 1130 quam
493 1084 530 1117 et
554 1093 635 1117 eam
659 1080 911 1130 contingentia
938 1079 1009 1116 sub
1034 1079 1123 1116 dicti
1149 1079 1346 1117 cardinalis
1366 1080 1554 1118 audientia
1573 1082 1743 1119 ventilari

204 1140 391 1187 volumus,
404 1139 689 1191 quomodolibet
703 1139 911 1185 molestari,
929 1139 1219 1176 contradictores
1237 1144 1274 1176 et
1290 1140 1543 1177 molestatores
1556 1140 1745 1191 quoslibet

203 1211 272 1250 per
286 1211 480 1236 censuram
503 1197 789 1235 ecclesiasticam
817 1197 1064 1248 appellatione
1088 1197 1291 1248 postposita
1311 1197 1592 1248 compescendo.
1616 1197 1745 1235 Caete-

203 1270 288 1294 rum
314 1257 403 1308 quia
434 1269 567 1307 parum
598 1256 791 1307 prodesset
819 1256 993 1306 praelatis
1023 1256 1279 1306 provisoribus
1309 1260 1345 1292 et
1373 1256 1426 1293 eis
1456 1255 1743 1293 adhaerentibus

203 1314 389 1352 dictorum
427 1314 632 1365 resumptio
672 1326 900 1364 organorum
939 1318 975 1350 et
1000 1318 1316 1350 sacramentorum
1346 1313 1618 1350 administratio
1630 1342 1639 1359 ,
1671 1313 1742 1350 nisi

203 1385 332 1410 eorum
357 1385 509 1423 capaces
534 1372 755 1418 existerent,
777 1372 951 1409 volumus
968 1372 1020 1408 eis
1038 1385 1106 1422 per
1121 1385 1187 1409 vos
1204 1371 1420 1408 auctoritate
1438 1376 1582 1418 nostra,
1601 1371 1631 1409 si
1652 1372 1744 1408 forte

203 1431 393 1482 aliquibus
427 1435 548 1468 essent
582 1431 858 1482 praedictorum
890 1429 1084 1467 occasione
1113 1429 1329 1467 auctoritate
1359 1429 1545 1467 dictorum
1579 1429 1743 1480 episcopi

203 1488 447 1526 Tornacensis
466 1493 502 1526 et
518 1488 664 1526 abbatis
679 1488 804 1526 Sancti
823 1488 986 1526 Bavonis
1003 1488 1104 1539 ligati
1125 1487 1317 1525 sententiis
1335 1488 1392 1524 vel
1411 1487 1552 1538 laqueis
1572 1487 1742 1533 involuti,

205 1546 408 1597 quominus
431 1546 620 1598 praedicta
644 1550 871 1584 sacramenta
896 1546 1061 1597 recipere
1084 1550 1120 1583 et
1141 1546 1279 1583 divinis
1301 1546 1434 1583 officiis
1452 1546 1625 1583 interesse
1643 1545 1743 1582 vale-

203 1609 298 1652 rent,
307 1604 354 1641 de
366 1604 514 1642 debitae
527 1604 773 1642 absolutionis
786 1604 968 1642 beneficio
983 1605 1020 1640 in
1036 1604 1154 1641 forma
1169 1605 1363 1650 Ecclesiae,
1373 1609 1485 1654 prout
1500 1603 1743 1654 indiguerint,

203 1662 250 1700 de
274 1663 424 1713 speciali
446 1663 565 1713 gratia
588 1662 798 1713 provideri,
817 1667 964 1713 recepto
991 1668 1112 1699 tamen
1137 1663 1184 1700 ab
1203 1663 1256 1700 eis
1273 1663 1515 1714 corporaliter
1529 1662 1742 1712 juramento

203 1721 306 1772 quod
332 1734 445 1772 super
469 1721 541 1759 hiis
566 1734 636 1772 pro
660 1721 800 1772 quibus
830 1722 1089 1758 invenirentur
1106 1722 1200 1758 sorte
1220 1721 1338 1772 ligati,
1356 1721 1540 1758 Ecclesiae
1558 1720 1743 1771 parebunt

203 1779 386 1816 mandatis
410 1793 475 1817 seu
500 1779 699 1817 cardinalis
724 1779 902 1830 praedicti
926 1784 990 1816 aut
1012 1779 1112 1816 illius
1139 1779 1199 1816 cui
1227 1779 1417 1830 negotium
1443 1778 1740 1816 commiserimus

205 1841 447 1875 memoratum
466 1837 578 1874 semel
597 1837 654 1874 vel
673 1837 814 1888 pluries
834 1837 1023 1874 faciendis.
