2184 3074
707 293 870 333 conssx
894 293 1138 333 DUNENSIS.
1648 296 1716 333 411

193 413 260 461 rit,
275 423 399 450 coram
418 410 524 450 vobis
538 414 658 449 ratum
672 414 708 448 et
721 410 871 448 firmum
886 410 1063 449 habituri.
1078 409 1187 458 Quod
1202 409 1308 448 vobis
1321 415 1354 448 et
1369 410 1545 448 omnibus
1557 423 1720 461 quorum

192 471 358 517 interest,
375 473 502 508 tenore
520 468 771 520 praesentium
791 468 1055 519 significamus.

897 592 1016 602 “oo-⁷

843 743 1061 782 CCLXXIX.

321 864 441 902 Leltre
458 863 503 901 de
518 861 854 901 recommandation
867 873 967 911 pour
984 874 1036 899 un
1053 862 1172 899 moine
1189 867 1222 899 et
1238 875 1288 899 un
1306 861 1408 912 frere
1426 874 1585 899 convers.

204 1076 207 1077 ⁷
231 1057 397 1096 Dilectos
422 1056 519 1094 filios
539 1059 679 1093 vestros
704 1055 748 1093 H.
767 1054 992 1092 monachum
1016 1058 1051 1091 et
1074 1054 1118 1091 11.
1137 1066 1357 1092 conversum
1382 1055 1428 1091 ad
1455 1055 1568 1092 ubera
1592 1055 1718 1092 matris

187 1114 339 1164 suade
354 1119 495 1152 vestrae
507 1113 709 1152 voluntatis
721 1112 953 1164 beneplacito
971 1113 1197 1150 remittentes
1211 1113 1411 1150 Dilectioni
1430 1112 1579 1150 Vestrae
1598 1112 1717 1163 signi-

189 1174 342 1212 ficamus
366 1174 469 1224 quod
493 1172 671 1224 praedicti
696 1172 825 1210 fratres
849 1176 924 1209 tam
951 1172 1139 1223 religiose,
1169 1176 1242 1209 tam
1268 1172 1420 1223 pacifice
1447 1185 1559 1222 penes
1586 1185 1653 1209 nos
1680 1184 1718 1209 se

189 1231 401 1270 habuerunt
416 1231 455 1268 in
472 1231 648 1268 omnibus
665 1234 700 1268 et
717 1230 871 1268 honeste
888 1235 928 1267 ut
946 1243 1094 1268 omnem
1121 1235 1290 1268 nostrum
1315 1230 1477 1267 savorem
1502 1235 1539 1266 et
1562 1230 1716 1280 gratiam

189 1301 314 1328 secum
344 1289 548 1326 meruerint
572 1301 648 1326 non
678 1288 863 1325 immerito
888 1292 1094 1338 reportare,
1125 1300 1222 1338 quos
1248 1292 1424 1338 prompto
1449 1287 1574 1325 animo
1600 1287 1715 1338 parati

189 1360 334 1385 eramus
351 1347 508 1398 longiori
527 1351 692 1398 tempore
708 1346 885 1393 retinere,
900 1347 971 1384 nisi
988 1351 1030 1384 ut
1047 1350 1308 1384 revocarentur
1326 1346 1476 1384 Vestrae
1495 1346 1717 1383 Clementiae

184 1405 392 1459 placuisset.
419 1405 540 1454 Quare
566 1405 810 1442 Dilectionem
832 1404 999 1443 Vestram
1021 1405 1181 1455 benigne
1203 1418 1381 1455 rogamus
1401 1409 1583 1455 quatenus
1608 1418 1716 1455 prae-

179 1463 302 1502 dictos
319 1465 465 1511 fratres,
484 1463 580 1501 filios
595 1467 753 1510 vestros,
771 1463 836 1514 qui
860 1463 991 1500 merito
1013 1476 1100 1500 suae
1120 1463 1298 1500 bonitatis
1322 1476 1342 1500 a
1365 1463 1470 1500 vobis
1493 1462 1714 1513 diliguntur,

184 1523 357 1570 cariores,
369 1523 466 1560 sicut
477 1522 582 1573 digni
596 1526 702 1569 sunt,
716 1526 928 1561 nostrorum
943 1522 1206 1560 interventioni
1222 1521 1479 1573 precaminum
1494 1520 1710 1559 habeantur.

881 1643 1000 1655 <ar—-

846 1785 1050 1824 CCLXXX.

274 1896 375 1946 Bref
385 1896 437 1934 du
448 1909 546 1948 pape
566 1897 729 1937 nument
745 1912 790 1937 en
809 1899 944 1949 faveur
960 1899 1004 1937 de
1022 1898 1132 1937 l’abbe
1148 1905 1182 1937 et
1196 1898 1247 1937 du
1265 1904 1413 1937 convent
1430 1898 1474 1936 de
1488 1927 1618 1934 ......

232 2099 400 2138 Clemens
417 2101 630 2152 episcopus,
649 2115 776 2141 servus
793 2116 984 2141 servorum
1003 2104 1091 2150 Dei,
1109 2103 1244 2140 dilecto
1270 2102 1347 2140 filio
1369 2101 1510 2139 cantori
1536 2100 1709 2138 ecclesiae

183 2157 492 2209 Antwerpiensis,
518 2159 790 2199 Cameracensis
815 2161 999 2211 dyocesis,
1021 2163 1176 2200 salutem
1203 2166 1239 2198 et
1265 2160 1503 2212 apostolicam
1531 2158 1706 2197 bencdic—

182 2215 333 2254 tionem.

229 2274 324 2323 Quia
344 2275 486 2312 mundo
504 2276 625 2326 posito
643 2276 681 2313 in
700 2277 863 2328 maligno
878 2277 1049 2314 nonnulli
1068 2290 1173 2314 caeca
1189 2277 1392 2328 cupiditate
1406 2276 1547 2314 seducti
1562 2280 1704 2313 tantum

181 2331 228 2369 ad
245 2332 496 2370 invadendum
511 2333 608 2371 bona
621 2334 863 2372 ecclesiastica
878 2335 1138 2372 irreverentius
1153 2335 1341 2385 improbas
1357 2348 1487 2372 manus
1501 2335 1704 2371 extendunt

179 2395 319 2441 quanto
344 2391 501 2429 rariores
527 2392 592 2443 qui
619 2405 660 2430 ea
686 2394 854 2443 capiant,
879 2393 1074 2431 inveniunt
1098 2393 1320 2443 objectores,
1347 2394 1497 2430 interest
1523 2393 1636 2430 nostri
1664 2399 1704 2430 ut
