2184 3074
455 319 524 354 184.
1004 315 1164 352 CODEX
1193 315 1436 353 DUNENSIS.

1169 478 1292 516 cxvi.

503 599 552 635 Le
564 598 692 647 pre'cot
715 595 952 633 eslim—lobeke
974 596 1138 643 ordonne
1161 596 1205 633 de
1227 602 1351 634 mettre
1377 598 1472 635 Jean
1491 598 1535 635 de
1551 598 1647 636 Lille
1668 611 1712 636 en
1731 601 1940 649 possession

843 654 887 692 de
911 654 948 691 Ia
968 653 1151 704 prebende
1172 656 1238 705 qm·
1260 655 1315 692 lui
1334 669 1357 692 a
1379 656 1430 693 υἰέ
1448 656 1595 694 donne'e.

503 850 703 894 Walterus,
733 850 964 900 praepositus
982 851 1257 897 Arlebeeensis‚
1280 851 1523 888 Tornacensis
1550 852 1736 902 dyocesis,
1758 853 1990 903 judexpro-

451 907 550 944 visor
568 908 644 944 sive
663 908 817 945 collator
834 914 870 945 et
886 914 1062 946 executor
1078 922 1152 946 una
1169 922 1255 946 cum
1273 909 1476 946 venerabili
1499 909 1580 947 viro
1599 910 1776 961 magistro
1795 911 1857 948 tali
1877 923 1990 948 cano-

452 965 536 1002 nico
555 966 796 1013 Tornacensi,
815 980 899 1004 cum
919 967 981 1004 illa
1001 968 1166 1005 clausula
1185 983 1192 1004 :
1213 981 1279 1005 vos
1296 968 1353 1005 vel
1375 969 1467 1005 alter
1484 973 1648 1006 vestrum
1667 974 1703 1006 et
1721 974 1862 1007 caetera
1879 982 1992 1020 super

451 1025 664 1074 provisione
695 1026 860 1063 facienda
885 1026 966 1063 viro
996 1026 1156 1064 discreto
1180 1027 1357 1078 magistro
1381 1027 1547 1065 Johanni
1571 1027 1618 1064 de
1643 1028 1784 1074 Insula,
1810 1027 1990 1066 canonico

451 1082 696 1130 Condaeensi,
715 1084 760 1121 de
774 1085 985 1135 praebenda
1003 1084 1144 1136 integra
1159 1099 1234 1123 non
1249 1085 1468 1123 sacerdotali
1484 1086 1658 1123 ecelesiae
1671 1085 1774 1123 Beati
1788 1085 1989 1123 Donatiani

452 1141 670 1192 Brugensis,
692 1143 935 1181 Tornacensis
953 1144 1142 1194 dyocesis,
1161 1157 1181 1181 a
1199 1144 1402 1181 venerabili
1428 1149 1532 1195 patre
1554 1144 1710 1182 domino
1728 1144 1881 1182 Simone
1899 1144 1989 1182 olim

452 1204 541 1236 tunc
566 1200 720 1238 Sanctae
741 1202 897 1239 Ceciliae
923 1202 1141 1252 presbytero
1167 1201 1347 1239 cardinali
1371 1206 1407 1239 et
1427 1202 1661 1253 Apostolicae
1686 1201 1792 1240 Sedis
1815 1203 1934 1253 legato
1952 1202 1990 1239 in

452 1271 565 1308 regno
582 1259 759 1297 Franciae
777 1261 823 1297 de
840 1261 1029 1298 voluntate
1047 1266 1083 1298 et
1100 1261 1332 1311 beneplacito
1350 1261 1544 1298 reverendi
1564 1260 1680 1311 patris
1699 1260 1842 1298 domini
1856 1260 1903 1306 J.,
1921 1260 1990 1298 Dei

450 1318 566 1367 gratia
593 1318 809 1356 Leodiensis
835 1319 1015 1370 episcopi,
1043 1323 1131 1356 tunc
1159 1319 1358 1369 Brugensis
1383 1318 1602 1369 praepositi,
1633 1318 1734 1364 data,
1763 1319 1852 1356 viris
1879 1331 1992 1356 vene-

451 1376 633 1413 rabilibus
651 1382 686 1414 et
703 1377 871 1415 discretis
889 1378 1029 1415 decano
1047 1382 1083 1414 et
1099 1378 1263 1428 capitulo
1281 1379 1466 1428 praefatae
1485 1377 1658 1414 ecelesiae
1674 1377 1774 1414 Beati
1789 1377 1990 1415 Donatiani

451 1435 671 1486 Brugensis,
690 1437 845 1474 salutem
865 1437 903 1474 in
920 1438 1095 1475 Domino.
1119 1438 1213 1475 Cum
1238 1450 1304 1474 nos
1331 1436 1549 1474 auctoritate
1571 1440 1606 1473 et
1627 1440 1807 1487 potestate
1826 1436 1934 1474 nobis
1953 1437 1990 1473 in

451 1494 518 1531 hac
538 1500 640 1545 parte
655 1501 886 1546 competente
904 1502 939 1533 et
957 1497 1134 1534 attributa
1148 1497 1337 1548 praedicto
1358 1496 1534 1546 magistro
1551 1495 1716 1534 Johanni
1735 1495 1988 1546 praebendam

450 1554 566 1603 ipsius
592 1555 765 1592 ecclesiae
789 1556 890 1593 Beati
915 1556 1116 1594 Donatiani
1139 1556 1337 1607 integram,
1363 1568 1439 1592 non
1462 1554 1745 1602 sacerdotalem,
1771 1554 1928 1592 liberam
1956 1559 1992 1590 et

448 1619 638 1649 vacantem
658 1627 724 1664 per
739 1619 896 1652 mortem
917 1615 998 1652 talis
1015 1615 1206 1666 quondam
1222 1614 1341 1651 dictae
1354 1613 1530 1651 ecclesiae
1544 1612 1714 1650 canonici
1729 1626 1794 1650 seu
1807 1624 1990 1663 procura-

450 1670 537 1708 toris
557 1671 672 1721 ipsius
691 1673 855 1723 magistri
875 1673 920 1719 J.,
940 1673 1019 1723 ejus
1042 1673 1194 1710 nomine
1211 1672 1438 1709 contulimus
1458 1670 1635 1708 canonice
1654 1669 1989 1721 possidendam,'si

448 1743 527 1765 eam
547 1730 592 1766 de
607 1730 692 1780 jure
722 1732 790 1782 ipsi
818 1733 985 1770 conferre
1007 1732 1230 1783 poterimus,
1250 1745 1291 1768 ac
1311 1731 1452 1768 dietum
1471 1733 1751 1781 procuratorem
1775 1728 1892 1780 ipsius
1911 1741 1993 1765 ma-

447 1788 550 1838 gistri
570 1790 602 1827 J.
623 1790 774 1827 nomine
792 1791 1052 1828 induxerimus
1071 1791 1110 1826 in
1128 1790 1398 1841 possessionem
1428 1789 1548 1825 dictae
1570 1786 1804 1838 praebendae
1821 1790 1857 1823 et
1875 1786 1992 1837 perti-

448 1848 615 1885 nentium
640 1849 685 1885 ad
711 1849 878 1886 eamdem
901 1849 1149 1899 corporalem,
1177 1848 1360 1898 vobisque
1383 1847 1566 1884 universis
1593 1851 1629 1883 et
1654 1845 1812 1896 singulis
1837 1858 1991 1895 praeee-

448 1908 571 1957 pimus
590 1908 695 1944 vivae
714 1908 815 1944 vocis
833 1909 984 1945 oraculo
1002 1899 1094 1945 et'in
1114 1907 1277 1958 seriptis,
1294 1907 1372 1957 jam
1387 1919 1507 1943 annus
1523 1910 1559 1943 et
1576 1905 1738 1955 amplius
1756 1908 1811 1941 est
1828 1903 1990 1954 elapsus,

450 1972 489 2003 ut
511 1966 653 2003 dictum
680 1972 957 2017 procuratorem
990 1967 1106 2017 ipsius
1138 1966 1303 2017 magistri
1326 1966 1478 2003 nomine
1505 1965 1551 2002 ad
1575 1965 1712 2001 dictam
1739 1962 1991 2014 praebendam

447 2025 651 2074 reciperitis
671 2026 707 2061 in
727 2025 847 2062 dictae
866 2026 1039 2063 ecelesiae
1058 2025 1280 2062 canonicum
1299 2029 1334 2061 et
1357 2025 1396 2061 in
1418 2025 1587 2069 fratrem,
1605 2021 1786 2059 adhibitis
1813 2020 1991 2070 sollemp-

447 2084 625 2121 nitatibus
643 2098 740 2135 quae
759 2085 796 2121 in
816 2085 952 2122 talibus
971 2085 1109 2121 debent
1129 2089 1165 2121 et
1183 2087 1456 2121 consueverunt
1473 2081 1662 2127 adhiberi,
1687 2093 1755 2117 nec
1774 2079 1845 2117 hoc
1867 2078 1990 2116 adhuc

449 2155 522 2178 non
542 2143 621 2179 sine
640 2143 892 2180 inobedientia
907 2147 942 2180 et
961 2143 1193 2180 contumacia
1213 2142 1373 2179 evidenti
1389 2140 1606 2178 curaveritis
1623 2138 1827 2189 adimplere
1841 2137 1990 2187 aliquo-

447 2201 538 2237 tiens
558 2206 679 2239 tamen
699 2207 950 2253 competenter
972 2208 1007 2240 et
1026 2203 1187 2254 legitime
1206 2202 1397 2253 requisiti,
1421 2201 1459 2237 in
1482 2214 1547 2238 vos
1566 2199 1764 2236 dominum
1783 2196 1966 2234 decanum
1980 2224 1988 2240 ,

444 2266 630 2297 cantorem
649 2262 844 2300 dominum
864 2264 989 2310 talem,
1011 2264 1121 2300 talem
1140 2268 1176 2300 et
1194 2264 1304 2300 talem
1323 2267 1359 2299 et
1372 2275 1501 2299 omnes
1519 2262 1611 2298 alios
1635 2264 1671 2297 et
1689 2258 1855 2309 singulos
1874 2270 1990 2294 cano-

443 2318 547 2355 nicos
572 2320 690 2356 dictae
717 2322 905 2367 ecclesiae,
933 2322 962 2358 si
990 2322 1055 2373 qui
1081 2322 1174 2368 sint,
1200 2321 1421 2359 sententiam
1453 2318 1709 2370 suspensionis
1731 2317 1778 2353 ab
1802 2315 1926 2353 officio
1955 2320 1989 2352 et

445 2378 625 2415 beneficio
644 2384 820 2430 tanquam
840 2381 1112 2428 inobedientes,
1132 2386 1369 2419 contumaces
1388 2384 1424 2417 et
1444 2379 1599 2417 rebelles
1620 2374 1830 2428 praeceptis
1852 2374 1989 2410 nostris

444 2437 637 2488 praefatis,
667 2438 780 2475 immo
807 2439 931 2476 verius
955 2439 1044 2476 dicti
1074 2440 1218 2476 domini
1246 2440 1373 2490 legati,
1407 2437 1632 2489 proferimus
1665 2435 1703 2471 in
1731 2432 1803 2470 hiis
1828 2431 1986 2481 scriptis.
