2184 3074
444 344 517 382 540
996 340 1160 378 CODEX
1185 339 1434 378 DUNENSIS.

445 459 550 495 terris
577 462 661 495 ante
685 457 854 508 generale
879 455 1077 493 consilium
1096 455 1307 506 acquisitis,
1328 468 1473 495 necnon
1491 455 1538 492 de
1558 455 1794 501 nemoribus,
1812 456 1981 507 virgultis

445 521 480 553 et
497 516 578 553 aliis
597 515 853 552 habendarum
863 543 872 560 a
892 517 1020 551 contra
1035 513 1151 550 nostri
1166 513 1309 550 ordinis
1326 513 1536 565 privilegia,
1551 513 1652 551 viros
1665 513 1856 565 religiosos
1869 515 1983 552 coab-

446 575 567 611 batem
588 578 756 611 nostrum
775 577 811 610 et
828 576 1054 609 conventum
1073 572 1118 608 de
1135 571 1284 609 Thosan
1303 572 1420 609 nostri
1439 571 1582 609 ordinis
1600 571 1780 622 impetant
1798 577 1834 609 et
1847 572 1984 610 moles-

447 637 537 678 tant,
547 631 786 671 Universitati
799 635 942 668 vestrae
956 630 1209 681 significamus
1224 630 1324 680 quod
1343 643 1411 667 nos
1425 630 1644 676 auctoritate
1657 635 1693 668 et
1707 631 1860 668 nomine
1875 631 1998 674 totius¹

448 691 590 728 ordinis
616 703 763 727 causam
787 702 852 726 seu
879 702 1006 726 causas
1031 693 1240 740 praesentes
1267 693 1302 725 et
1327 689 1470 738 suturas
1499 693 1627 726 contra
1648 690 1770 727 dictos
1789 689 1835 726 de
1853 689 1988 728 Sancto

448 750 597 788 Bavone
619 749 798 799 gerendas
823 753 859 785 et
879 747 1134 798 suscipiendas
1158 760 1226 798 pro
1252 747 1341 798 ipsis
1364 747 1410 785 de
1434 747 1602 795 Thosan,
1620 748 1766 786 dilectis
1784 748 1823 786 in
1841 748 1989 786 Christo
2009 752 2014 754 ’

448 809 535 846 filiis
554 808 730 846 fratribus
748 807 912 846 Johanni
930 806 1032 844 dieto
1045 806 1202 844 Libaerd
1213 836 1222 853 7
1238 807 1286 844 de
1300 807 1419 844 Dunis
1429 836 1438 853 7
1453 812 1488 844 et
1501 807 1686 844 Franconi
1701 807 1801 845 dicto
1814 807 1861 845 de
1875 807 1990 846 Moer*

448 867 576 913 kerka,
595 867 641 903 de
659 866 826 912 Thosan,
845 865 1039 903 monachis
1065 865 1243 903 duximus
1270 866 1574 913 committendas,
1600 871 1636 903 et
1661 866 1762 917 ipsos
1788 870 1825 904 et
1850 879 1990 905 unum—

447 939 635 976 quemque
655 925 822 976 ipsorum
842 925 880 961 in
897 924 1077 969 solidum,
1092 924 1141 961 ita
1161 924 1264 975 quod
1283 937 1359 961 non
1375 924 1423 962 sit
1437 925 1570 962 melior
1583 925 1749 962 conditio
1762 925 1990 976 occupantis,

422 986 430 990 ”
448 989 707 1036 procuratores
733 984 908 1028 facimus,
933 984 1195 1022 constituimus
1220 989 1256 1021 et
1277 984 1495 1022 ordinamus
1518 984 1556 1021 in
1579 984 1793 1036 praemissis
1815 984 1991 1022 omnibus

449 1048 485 1080 et
501 1043 657 1094 singulis
675 1043 722 1079 ad
747 1042 949 1093 agendum,
968 1042 1262 1087 defendendum2
1287 1043 1491 1094 petendum
1519 1048 1554 1081 et
1575 1043 1782 1093 jurandum
1804 1047 1841 1080 et
1865 1044 1991 1081 omnia

449 1107 485 1139 et
510 1102 655 1152 singula
679 1101 891 1138 faciendum
918 1114 1014 1151 quae
1036 1114 1167 1138 causae
1191 1102 1346 1152 exigunt
1372 1102 1502 1139 merita
1520 1107 1556 1139 et
1579 1115 1675 1153 quae
1692 1116 1760 1153 per
1777 1115 1884 1140 veros
1902 1114 1991 1153 pro-

450 1166 637 1198 curatores
659 1165 694 1197 et
714 1159 876 1210 legitime
899 1159 1122 1197 constitutos
1147 1160 1227 1197 fieri
1250 1165 1423 1211 possunt,
1449 1165 1571 1198 ratum
1597 1161 1761 1198 habituri
1784 1165 1821 1198 et
1843 1165 1992 1212 gratum

450 1218 631 1270 quicquid
650 1232 717 1269 per
733 1218 834 1269 ipsos
851 1218 909 1254 vel
928 1231 1057 1255 eorum
1077 1219 1235 1255 alterum
1253 1232 1364 1270 super
1381 1219 1594 1270 praemissis
1612 1219 1724 1256 suerit
1737 1225 1991 1270 procuratum.

451 1278 527 1315 lllis
546 1282 668 1314 autem
689 1277 735 1314 ad
753 1290 848 1327 quos
866 1276 906 1313 in
924 1277 1098 1314 Remensi
1117 1277 1310 1327 provincia
1331 1277 1440 1328 justa
1460 1278 1576 1315 nostri
1599 1277 1744 1315 ordinis
1768 1281 1903 1316 statuta
1922 1291 1992 1330 pro

451 1336 665 1388 defensione
689 1336 833 1386 jurium
861 1332 926 1373 seu
954 1335 1238 1386 privilegiorum
1270 1337 1387 1374 nostri
1418 1336 1562 1374 ordinis
1593 1341 1733 1388 spectat
1762 1336 1990 1375 contributio

451 1395 618 1432 facienda
637 1408 702 1432 seu
721 1395 800 1432 fleri
820 1395 1072 1445 procuranda,
1091 1395 1224 1432 damus
1247 1399 1374 1432 tenore
1398 1395 1649 1446 praesentium
1676 1395 1714 1432 in
1741 1396 1926 1434 mandatis
1950 1401 1994 1443 ut

450 1468 535 1491 cum
560 1454 648 1491 inde
676 1467 695 1490 a
721 1453 919 1504 praedictis
944 1454 1250 1504 procuratoribus
1274 1454 1331 1491 vel
1356 1467 1487 1491 eorum
1506 1454 1622 1491 altero
1645 1454 1784 1491 fuerint
1803 1454 1990 1506 requisiti,

452 1513 768 1551 contributionem
792 1513 961 1549 indicant
985 1517 1021 1549 et
1045 1513 1239 1563 privilegia
1265 1517 1393 1550 contra
1415 1525 1511 1563 qnae
1529 1512 1617 1550 dicti
1641 1512 1688 1549 de
1705 1511 1853 1550 Thosan
1873 1513 1992 1564 impe-

450 1577 593 1620 tuntur,
619 1573 657 1610 in
685 1572 950 1610 communibus
975 1572 1148 1623 expensis
1176 1571 1319 1609 ordinis
1346 1571 1656 1610 monasteriorum
1682 1571 1892 1622 praedictae
1917 1572 1992 1611 Re-
2030 1587 2033 1589 ·

452 1632 589 1669 mensis
604 1631 817 1682 provinciae
831 1631 1030 1668 defendere
1052 1643 1128 1667 non
1149 1630 1333 1667 omittant.
1356 1630 1397 1667 ln
1416 1630 1524 1680 cujus
1542 1629 1595 1667 rei
1613 1630 1867 1667 testimonium
1885 1643 1994 1680 prae-

453 1696 572 1728 sentes
591 1691 729 1728 litteras
748 1690 859 1741 sigilli
879 1690 995 1727 nostri
1015 1690 1224 1727 munimine
1243 1689 1420 1727 duximus
1438 1689 1679 1727 roborandas.

503 1750 639 1786 Datum
653 1762 752 1786 anno
768 1748 921 1786 Domini
940 1749 989 1785 Μ0
1007 1748 1079 1786 CC⁰
1098 1748 1255 1795 XClIll⁰7
1273 1752 1438 1799 tempore
1456 1747 1608 1798 capituli
1627 1747 1818 1798 generalis.

1176 1874 1295 1884 *oe——

1105 2018 1355 2057 CCCLXXVI.

461 2135 594 2174 Charte
623 2138 688 2187 qui
714 2138 813 2188 reqle
844 2138 893 2175 les
925 2139 1128 2176 conditions
1163 2138 1377 2189 auxquelles
1408 2151 1460 2174 un
1495 2136 1656 2190 medecin
1689 2136 1832 2173 nomme
1868 2135 1996 2172 pierre

607 2194 650 2232 de
662 2195 915 2248 Somerqhem,
930 2209 1076 2246 pourra
1097 2209 1134 2233 se
1159 2197 1294 2233 retirer
1314 2210 1364 2233 au
1387 2197 1590 2232 monastere
1619 2195 1662 2232 de
1687 2193 1847 2232 Thosan.

512 2388 698 2439 Universis
716 2397 924 2442 praesentes
943 2393 1082 2431 litteras
1101 2394 1322 2444 inspecturis
1345 2394 1456 2430 frater
1478 2393 1534 2438 Ν.,
1561 2392 1683 2430 dictus
1705 2391 1820 2429 abbas
1842 2394 1879 2427 et
1902 2401 1993 2426 con-

463 2452 592 2485 ventus
609 2449 655 2485 de
672 2449 838 2497 Thosam
857 2452 1012 2489 salutem
1032 2457 1067 2489 et
1085 2452 1137 2509 rei
1155 2457 1277 2503 gestae
1295 2465 1446 2489 noscere
1463 2451 1666 2489 veritatem.
