2184 3074
437 294 510 332 200
986 289 1147 327 CODEX
1174 288 1422 327 DUNENSlS.

1136 460 1276 500 CXXV.

438 586 508 622 Les
527 583 629 621 abbe's
648 582 709 618 des
727 581 948 617 monaster-es
966 578 1010 615 de
1027 578 1164 615 l’ordre
1178 578 1220 615 de
1243 578 1398 616 Citeauoe
1413 578 1526 615 situds
1543 590 1587 615 en
1607 577 1775 615 Flandre
1803 583 1975 628 exposcat

487 655 556 693 que
575 641 606 678 le
626 645 735 677 comte
757 638 800 675 de
818 636 986 674 Flandre
1007 636 1163 673 re'clame
1184 636 1296 673 d’euoe
1319 649 1391 673 une
1414 635 1627 674 subvention
1647 648 1748 685 pour
1769 635 1804 673 la
1831 635 1976 686 defense

486 701 537 737 du
550 711 658 749 pays.

487 873 697 911 paternitati
717 875 858 908 vestrae
877 870 1153 920 circunspectae
1171 882 1212 905 ac
1233 882 1298 919 per
1321 869 1446 906 omnia
1470 869 1692 906 reverendae
1715 870 1976 921 compellimur

439 933 610 971 intimare
625 931 727 982 quod
743 929 896 966 illustris
915 941 1039 965 comes
1058 928 1086 964 F
1089 927 1270 973 landriae,
1290 927 1350 964 die
1368 927 1513 964 veneris
1531 928 1613 973 tali,
1633 941 1700 965 nos
1717 928 1870 966 abbates
1889 929 1976 965 tales

439 992 578 1043 pariter
596 989 815 1027 convocavit
832 993 867 1024 et
886 987 994 1024 nobis
1017 986 1214 1037 proposuit
1231 986 1333 1036 quod
1356 986 1445 1032 sibi,
1471 990 1649 1037 tanquam
1673 987 1835 1038 principi
1861 991 1978 1025 terrae

437 1064 524 1088 suae
552 1049 767 1086 immediato
793 1052 828 1083 et
846 1051 980 1083 terram
1001 1044 1198 1082 Flandriae
1225 1045 1450 1081 maritimam
1477 1048 1513 1081 et
1543 1045 1654 1082 aliam
1676 1049 1803 1083 contra
1825 1045 1976 1083 hostiles

438 1101 609 1146 incursus
623 1108 801 1145 hactenus
815 1105 1038 1142 custodienti
1053 1108 1090 1141 et
1106 1103 1319 1141 defendenti
1330 1133 1340 1150 ,
1355 1117 1398 1140 ac
1413 1103 1524 1140 etiam
1539 1104 1844 1156 quandocunque
1861 1117 1976 1155 opor-

438 1173 570 1205 tunum
603 1165 715 1203 fuerit
745 1165 783 1201 in
815 1168 1005 1214 posterum
1037 1162 1254 1207 defensuro,
1283 1161 1353 1213 ipsi
1381 1166 1417 1198 et
1443 1161 1536 1198 nulli
1567 1162 1631 1199 alii
1659 1162 1698 1199 in
1729 1163 1977 1200 subventione

438 1239 600 1277 congrua
627 1224 814 1269 facienda,
843 1236 929 1260 cum
954 1235 1086 1272 magna
1114 1226 1231 1258 terrae
1253 1234 1341 1258 suae
1367 1220 1579 1272 requisierit
1604 1226 1640 1258 et
1665 1221 1789 1259 adhuc
1814 1221 1979 1272 requirat

439 1284 635 1321 necessitas
647 1313 656 1329 ,
677 1287 887 1328 teneamur,
913 1294 1026 1332 quam
1043 1280 1328 1317 subventionem
1347 1279 1455 1316 ctiam
1476 1279 1619 1330 absque
1636 1293 1761 1317 morae
1779 1279 1977 1331 dispendio

439 1356 484 1379 ex
498 1342 583 1392 jure
601 1341 728 1378 debito
754 1341 825 1378 sibi
851 1340 1014 1391 postulat
1035 1338 1203 1375 exhiberi
1216 1367 1224 1383 ,
1244 1351 1312 1375 nec
1331 1338 1471 1388 patitur
1493 1338 1591 1374 idem
1614 1351 1736 1375 comcs
1756 1351 1822 1376 nos
1842 1338 1979 1376 habere

440 1401 608 1439 inducias
641 1414 761 1451 usque
793 1400 959 1450 primum
983 1398 1187 1448 capitulum
1221 1397 1407 1448 generale,
1431 1397 1478 1434 ad
1507 1409 1572 1434 vos
1603 1402 1639 1434 et
1668 1397 1826 1447 majores
1863 1397 1979 1435 nostri

438 1460 581 1496 ordinis
600 1459 850 1497 consulendos
875 1471 1041 1495 asserens
1063 1457 1135 1494 sibi
1161 1469 1332 1507 magnam
1359 1456 1439 1493 fieri
1463 1456 1640 1506 injuriam
1665 1461 1701 1500 et
1723 1456 1846 1507 ipsum
1870 1457 1978 1508 quasi

438 1517 693 1564 exhaeredari,
712 1517 741 1554 si
756 1517 932 1568 cuiquam
944 1511 1014 1553 'alii
1033 1529 1147 1567 quam
1167 1515 1213 1552 de
1227 1514 1299 1552 hiis
1317 1528 1413 1565 quae
1432 1514 1527 1551 infra
1545 1527 1656 1552 suum
1675 1515 1887 1552 districtum
1901 1515 1978 1553 sive

439 1576 648 1613 dominium
669 1575 918 1626 possidemus,
942 1574 1201 1612 subventionis
1227 1573 1421 1610 occasione
1443 1586 1508 1610 seu
1533 1577 1726 1624 praetextu
1751 1573 1979 1611 necessitatis

439 1635 655 1685 cujuslibet,
675 1648 742 1672 nos
765 1634 995 1684 contingeret
1018 1633 1260 1684 respondere,
1280 1645 1348 1668 nec
1370 1631 1479 1669 nobis
1502 1631 1549 1668 de
1572 1632 1820 1669 subventione
1844 1631 1978 1681 hujus-

440 1693 543 1730 modi
565 1692 830 1730 instantissime
853 1691 1037 1742 postulata
1049 1720 1058 1738 ,
1077 1691 1225 1741 sibique
1244 1689 1414 1740 nullique
1431 1689 1494 1726 alii
1511 1689 1654 1737 debita,
1673 1694 1715 1727 ut
1732 1691 1880 1737 asserit,
1899 1691 1980 1728 vult

439 1764 589 1801 parcere
606 1763 761 1801 quoquo
780 1750 903 1787 modo.

488 1810 724 1860 Quapropter
753 1809 1070 1846 reverentissimae
1092 1807 1304 1859 paternitati
1331 1811 1488 1853 vestrae,
1513 1820 1600 1844 cum
1626 1807 1744 1844 simus
1765 1807 1979 1845 immediate

438 1869 509 1906 sub
527 1868 701 1905 manibus
719 1868 862 1905 domini
882 1867 1028 1905 comitis
1046 1866 1241 1911 antedicti,
1267 1879 1335 1903 nec
1353 1865 1542 1903 valeamus
1559 1865 1680 1902 eidem
1699 1865 1891 1912 resistere,
1911 1879 1978 1904 seu

438 1928 586 1964 duobus
605 1927 783 1973 dominis,
801 1927 848 1963 de
861 1926 1108 1963 subventione
1125 1929 1243 1971 tanta,
1263 1924 1407 1962 etiamsi
1421 1924 1618 1971 vellemus,
1631 1937 1718 1962 cum
1731 1924 1831 1961 bona
1850 1929 1975 1962 nostra

439 2000 515 2023 non
541 1986 743 2033 sufficiant,
774 1986 1016 2037 respondere,
1043 1985 1250 2022 humilibus
1281 1984 1455 2034 precibus
1484 1983 1710 2034 requirimus
1741 1988 1778 2021 et
1802 1997 1976 2035 rogamus

439 2049 624 2096 quatenus
648 2058 760 2096 super
781 2044 994 2095 praemissis
1013 2043 1234 2095 dignemini,
1258 2043 1372 2079 immo
1398 2041 1552 2089 curetis,
1579 2055 1665 2079 cum
1688 2041 1898 2092 periculum
1929 2042 1977 2079 sit

441 2104 478 2139 in
498 2116 617 2150 mora,
641 2103 749 2140 nohis
768 2103 877 2140 citius
895 2103 1091 2154 providere
1112 2107 1148 2139 et
1171 2101 1374 2139 rescribere
1394 2113 1491 2151 quae
1508 2099 1647 2137 suerint
1665 2104 1870 2151 oportuna,
1889 2113 1976 2138 nam

438 2162 467 2199 si
487 2163 605 2199 eidem
625 2163 779 2200 domino
798 2163 925 2202 comiti
943 2162 1228 2200 subventionem
1247 2161 1389 2198 solvere
1410 2159 1695 2210 compellamur,
1722 2172 1792 2209 pro
1810 2159 1976 2197 subven-

438 2221 538 2257 tione
552 2221 649 2270 regia
664 2221 926 2258 contribuendi
946 2234 1022 2259 non
1042 2220 1264 2258 habebimus
1284 2218 1507 2256 facultatem.

1148 2366 1269 2377 «ο..-
