2184 3074
781 312 942 350 CODEX
967 312 1211 351 DUNENSlS.
1692 319 1757 354 175

274 430 362 467 ltem
389 443 464 467 non
483 422 698 477 valuerunt,
726 443 793 467 nec
814 430 938 467 valent
963 443 1154 481 processus
1179 430 1394 480 hujusmodi
1415 431 1530 469 habiti
1556 446 1620 483 per
1642 434 1758 470 dictos

223 493 437 526 executores
455 502 518 526 seu
538 489 834 526 commissarium
855 489 1090 535 eorumdem,
1114 489 1143 526 si
1162 494 1376 527 executores
1395 495 1459 527 aut
1484 491 1758 529 commissarius

223 546 295 583 dici
315 546 492 594 debeant,
510 551 638 598 utpote
655 547 740 584 sacti
759 551 795 584 et
814 547 929 584 habiti
949 551 1032 598 post
1051 547 1194 598 lapsum
1213 548 1301 584 dicti
1323 547 1481 592 biennii,
1500 554 1535 586 et
1553 549 1760 600 specialiter

223 605 435 644 commissio
461 607 554 644 sucta
579 606 678 652 dicto
708 606 971 643 archidiacono
999 606 1124 656 Algiae
1154 611 1236 657 post
1268 607 1411 657 lapsum
1440 607 1691 658 praedictum,
1723 613 1758 646 et

223 667 418 714 postquam
437 664 520 701 data
545 668 719 715 potestas,
745 665 775 701 si
798 677 894 715 quae
912 664 998 711 suit,
1021 664 1282 702 executoribus
1301 665 1511 716 exspiravit.
1532 666 1655 714 Quare
1671 681 1756 704 cum

223 721 432 772 praedictus
450 722 624 759 dominus
645 723 868 760 Benedictus
887 722 1023 759 dictam
1043 722 1224 760 decimam
1245 723 1313 774 ipsi
1334 723 1487 761 domino
1508 725 1582 775 regi
1602 725 1759 763 voluerit

221 779 388 817 exhiberi
419 781 489 818 sub
515 781 747 827 conditione
773 786 809 819 et
836 787 924 819 tunc
949 782 1098 819 demum
1126 795 1211 819 cum
1240 782 1316 833 ipsa
1346 788 1491 820 moneta
1519 784 1564 821 ad
1595 785 1755 822 valorem

221 830 436 888 hujusmodi
460 844 496 876 et
519 840 666 891 pondus
693 835 839 878 redacta
868 840 1043 896 expendi,
1073 845 1108 877 et
1134 841 1203 877 alia
1227 841 1380 892 perdere
1403 842 1581 893 inciperet
1605 857 1753 881 cursum

221 909 347 943 suum
365 910 450 934 cum
469 898 578 935 etiam
597 898 764 935 conditio
781 903 816 935 et
833 903 986 936 eventus
1015 899 1065 935 rei
1093 891 1308 948 huJ'usmodi
1335 900 1434 937 (licto
1455 901 1609 938 domino
1638 902 1755 939 Bene-

221 954 321 992 dicto
348 955 495 992 vivente
518 969 592 993 non
621 955 802 1000 evenerit
830 956 892 992 scd
920 952 1043 1007 potius
1069 956 1149 1006 ipso
1168 956 1244 1006 jam
1273 957 1418 994 sublato
1441 958 1488 995 de
1512 959 1634 996 medio
1658 961 1756 996 acci-

221 1011 291 1059 dit,
317 1012 347 1050 si
375 1026 542 1064 unquam
567 1014 707 1059 evenit,
733 1018 774 1050 ut
799 1020 852 1050 est
878 1013 1036 1060 dictum2
1073 1019 1225 1065 apparet
1259 1015 1451 1052 manifeste
1480 1017 1754 1054 concessionem

221 1069 341 1108 dictae
364 1071 528 1108 decimae
553 1076 588 1109 et
614 1076 830 1122 potestatem
857 1086 968 1123 super
994 1072 1064 1110 hoc
1088 1074 1347 1110 executoribus
1373 1075 1566 1112 commissa
1594 1076 1691 1112 velut
1717 1090 1755 1113 rc

220 1128 360 1179 integra
376 1130 580 1180 exspirasse
595 1143 660 1181 per
673 1130 818 1167 obitum
834 1131 1080 1168 concedentis.
1103 1130 1223 1176 Unde7
1238 1144 1322 1168 cum
1337 1145 1403 1182 ego
1419 1138 1636 1182 procurator
1650 1147 1756 1184 prae-

220 1187 374 1225 dictus
365 1201 402 1224 in
433 1188 644 1239 praemissis
676 1189 851 1226 omnibus
878 1193 914 1225 et
938 1189 1095 1240 singulis
1122 1189 1240 1227 dictos
1267 1190 1437 1227 abbatem
1470 1195 1506 1227 et
1530 1198 1752 1229 conventum

221 1245 375 1283 sentiam
394 1246 559 1284 indebite
578 1251 835 1297 praegravatos
853 1260 931 1284 esse
946 1252 981 1283 et
999 1247 1108 1284 etiam
1128 1247 1164 1284 in
1185 1260 1228 1284 eo
1242 1247 1343 1298 quod
1359 1247 1478 1284 dictae
1492 1248 1631 1286 litterae
1645 1263 1755 1300 apos-

220 1303 351 1340 tolicae
369 1317 443 1342 non
466 1305 556 1351 sint,
578 1318 644 1342 nec
666 1305 804 1342 fuerint
825 1306 1012 1342 exhibitae
1033 1305 1171 1342 eisdem
1197 1310 1459 1356 competenter,
1486 1306 1618 1344 timens
1644 1301 1752 1345 ctiam

219 1375 265 1398 ex
278 1362 537 1412 probabilibus
550 1364 672 1401 causis
688 1369 724 1401 et
737 1378 800 1401 vei
803 1365 1002 1402 isimilibus
1017 1365 1239 1414 conjecturis
1257 1379 1302 1402 ne
1314 1370 1441 1402 contla
1455 1365 1594 1403 dictos·
1586 1367 1755 1404 abbatem

220 1424 256 1457 et
269 1426 492 1459 conventum
502 1427 515 1468 a*
524 1435 654 1459 eorum
671 1423 863 1460 ecclesiam
879 1428 914 1460 et
926 1423 1167 1460 adhaerentes
1181 1437 1246 1460 seu
1259 1422 1458 1460 adhaerere
1472 1424 1632 1462 volentes
1651 1439 1758 1476 prae-

220 1482 338 1520 dictos
362 1483 555 1521 occasione
577 1484 865 1534 praemissorum
893 1485 1175 1536 suspendenda,
1198 1486 1574 1530 excommunicando,
1603 1486 1758 1523 interdi-

221 1541 338 1578 cendo
357 1555 419 1578 seu
439 1542 527 1579 alias
541 1556 696 1593 quoquo
713 1543 824 1580 modo
840 1544 1063 1594 procedatur
1084 1544 1248 1593 indebite
1265 1549 1300 1580 et
1318 1544 1363 1580 de
1378 1544 1472 1580 facto
1491 1545 1540 1580 ob
1558 1543 1756 1594 praemissa

220 1602 434 1652 gravamina
460 1603 585 1640 omnia
608 1608 643 1640 et
665 1603 830 1654 singula„
862 1609 897 1641 et
921 1618 966 1641 ne
989 1609 1115 1641 contra
1135 1604 1234 1654 ipsos
1254 1604 1416 1640 indebite
1435 1609 1470 1640 et
1489 1604 1534 1640 de
1554 1605 1649 1640 l'acto
1670 1617 1757 1654 pro-

221 1659 374 1696 cedatur
391 1660 427 1697 in
448 1661 594 1712 aliquo,
614 1666 655 1698 ut
673 1662 906 1706 estdict·um.‚
934 1667 1060 1699 contra
1079 1663 1261 1712 praefatos
1291 1692 1296 1697 .
1327 1692 1332 1698 .
1364 1691 1369 1698 .
1401 1692 1406 1698 .
1436 1661 1754 1711 archiepiscopum

221 1718 517 1765 Narbonensem,
537 1721 693 1757 electum
714 1721 1075 1766 Autisiodorensem,
1100 1720 1403 1757 archidiaconum
1426 1720 1551 1770 Algiac
1577 1724 1612 1756 et
1628 1732 1756 1755 omnes

221 1777 312 1814 alios
332 1783 367 1815 et
384 1779 550 1829 singulos
569 1793 663 1830 quos
683 1780 800 1830 tangit
817 1785 853 1817 et
873 1785 1019 1830 tangere
1042 1784 1161 1830 potest
1183 1779 1324 1816 dictum
1345 1779 1533 1829 negotium
1547 1807 1555 1822 ,
1576 1784 1647 1814 tam
1666 1791 1757 1814 con-

217 1836 377 1886 junctim
403 1851 516 1888 quam
546 1838 714 1883 divisim,
742 1839 893 1876 nominc
921 1838 1108 1889 praedicto
1132 1837 1316 1875 dictorum
1341 1836 1484 1874 abbatis
1503 1841 1538 1872 ct
1555 1841 1755 1883 conventus

220 1907 348 1932 eorum
376 1896 548 1933 ecclesiae
571 1897 852 1934 adhaerentium
873 1911 937 1934 seu
956 1897 1155 1933 adhaerere
1178 1895 1382 1932 volentium
1409 1894 1681 1945 praedictorum
1708 1892 1754 1928 ad

222 1953 352 2009 Sedem
368 1953 618 2004 Apostolicam
634 1955 727 1992 etad
744 1955 848 1992 illum
865 1969 928 1993 seu
943 1955 988 1993 ad
1005 1955 1087 1991 illos
1102 1955 1147 1991 ad
1163 1967 1273 2004 quem
1290 1967 1351 1990 seu
1370 1954 1415 1990 ad
1430 1965 1524 2003 quos
1539 1956 1591 1988 cst
1607 1955 1756 2000 propter

222 2010 293 2047 hoc
319 2013 603 2062 appellandum,
629 2019 800 2064 et·p1·out
825 2026 977 2064 possum
1001 2018 1037 2049 et
1062 2013 1199 2056 debeo„
1225 2012 1261 2048 in
1286 2011 1357 2047 hiis
1380 2010 1525 2060 scriptis
1545 2022 1704 2059 provoco
1721 2014 1757 2044 et

221 2070 383 2120 appello,
403 2076 438 2107 et
455 2072 657 2121 apostolos,
679 2077 791 2121 prout
810 2072 949 2116 debeo„
970 2085 1054 2107 cum
1083 2071 1253 2108 instantia
1278 2083 1350 2119 qua
1378 2068 1551 2105 convenit
1568 2067 1658 2104 mihi
1677 2067 1755 2103 dari

221 2133 256 2164 ct
273 2129 425 2165 concedi
445 2135 548 2179 peto„
573 2143 788 2180 supponens
821 2130 918 2180 ipsos
951 2130 1120 2166 abbatem
1140 2134 1174 2165 et
1198 2133 1440 2165 conventum.
1466 2139 1592 2163 corum
1620 2125 1756 2162 adhae-

222 2190 350 2227 rentes,
365 2200 428 2222 seu
452 2187 652 2224 adhaerere
680 2189 843 2225 volentes
869 2188 1093 2238 praedictos.v
1121 2192 1155 2223 et
1183 2187 1347 2236 ipsorum
1372 2185 1539 2221 omnium
1569 2189 1701 2219 statum
1723 2188 1757 2219 et

221 2244 316 2280 bona
332 2245 550 2294 protectioni
571 2246 689 2283 dictae
703 2246 806 2284 Sedis
823 2246 1071 2296 Apostolicaeq
1091 2251 1126 2281 et
1140 2245 1218 2292 ejus
1233 2257 1295 2280 seu
1312 2256 1440 2279 eorum
1457 2242 1563 2291 cujus
1579 2255 1642 2278 seu
1661 2255 1755 2291 quo-

222 2315 304 2338 rum
324 2304 543 2352 protectioni
565 2304 602 2340 in
623 2304 690 2341 hac
713 2309 816 2354 parte
839 2305 975 2340 suerint
997 2302 1231 2353 supponcndi
1245 2331 1253 2342 ,
1285 2307 1490 2352 protestans
1514 2300 1664 2336 nomine
1682 2313 1756 2349 quo

223 2373 333 2410 supra
360 2361 406 2397 de
429 2361 525 2398 (licta
554 2363 801 2412 appellatione
831 2376 893 2399 seu
921 2364 1182 2412 provocatione
1214 2359 1424 2396 innovanda
1451 2365 1487 2395 et
1514 2357 1755 2401 notitia-:indm

224 2419 429 2456 secundum
449 2421 549 2470 quod
566 2421 650 2470 jura
670 2421 883 2472 requirunt7
905 2421 985 2458 loco
1004 2426 1039 2456 et
1058 2426 1222 2470 tempore
1241 2419 1446 2469 oportunis.
