2184 3074
466 339 537 376 196
1015 337 1177 375 CODEX
1202 338 1450 376 DUNENSIS.

1177 503 1289 540 CXXI

496 611 612 648 Lettre
629 610 673 646 de
691 608 801 646 l’abbe'
818 609 861 645 de
882 609 1036 646 Citeaaae
1054 611 1355 647 recommandam
1379 623 1457 648 aux
1474 610 1578 648 abbas
1598 611 1642 649 de
1662 617 1715 648 cet
1734 612 1846 649 ordre
1869 612 1913 650 de
1936 625 1980 649 ne

675 669 757 704 rien
770 680 891 717 payer
907 681 957 705 au
975 668 1058 706 delei
1075 669 1118 705 de
1137 669 1174 706 la
1191 669 1403 707 subvention
1421 671 1484 720 qui
1502 683 1526 707 a
1544 671 1595 707 e'te
1612 671 1793 709 accorde'e.

515 849 799 887 venerabilibus
817 851 908 888 etin
930 851 1077 889 Christo
1100 853 1304 891 karissimis
1327 854 1572 893 coabbatibus
1596 855 1676 904 ejus
1699 859 1735 892 et
1759 869 1887 893 eorum
1913 868 2003 892 con-

465 909 638 946 ventibus
651 910 697 946 ad
716 923 810 960 quos
825 916 1034 960 praesentes
1051 912 1192 950 litterae
1208 914 1459 964 pervenerint„
1476 915 1558 952 talis
1573 915 1728 952 salutem
1744 919 1780 952 et
1797 915 1835 952 in
1852 914 2003 965 agendis

465 967 710 1004 constantiam
728 969 938 1006 salutarem.

514 1026 606 1062 Cum
626 1039 692 1076 per
709 1039 776 1064 nos
794 1027 1045 1065 illustrissimo
1061 1029 1223 1080 principi
1242 1030 1309 1067 Dei
1324 1031 1438 1081 gratia
1458 1032 1687 1069 Francorum
1701 1031 1778 1081 regi
1796 1031 2004 1081 specialiter

466 1097 682 1121 concessum
702 1085 750 1121 sit
765 1090 807 1122 ut
823 1086 948 1123 omnia
967 1088 1191 1125 monasteria
1215 1089 1331 1126 nostri
1354 1089 1497 1127 ordinis
1518 1090 1556 1127 in
1576 1103 1644 1127 suo
1660 1103 1775 1140 reguo
1794 1089 2002 1134 existentia7

464 1143 510 1179 de
528 1143 704 1180 omnibus
723 1145 967 1194 proventibus
986 1150 1022 1182 et
1038 1146 1248 1184 redditibus
1261 1160 1356 1198 quos
1375 1161 1441 1198 per
1459 1148 1530 1185 hoc
1546 1148 1687 1185 instans
1703 1147 1898 1184 biennium
1916 1161 2003 1199 per-

461 1201 614 1252 cipient,
634 1202 815 1239 decimam
830 1208 974 1253 partem
988 1203 1028 1240 in
1042 1204 1252 1242 subsidium
1269 1205 1435 1254 ejusdem
1450 1206 1554 1257 regni
1571 1206 1760 1257 assignent
1775 1206 2002 1256 integraliter

462 1259 603 1310 absque
626 1261 772 1307 fraude,
797 1267 951 1312 propter
968 1276 1187 1313 guerrarum
1211 1265 1396 1302 molestias
1422 1278 1519 1316 quae
1545 1265 1618 1303 hiis
1645 1265 1779 1302 diebus
1806 1264 2004 1302 imminent

462 1319 562 1355 dicto
580 1332 711 1369 regno,
729 1321 893 1358 Domino
907 1322 1161 1371 permittente,
1186 1336 1232 1359 ne
1246 1328 1400 1374 propter
1414 1323 1485 1360 hoc
1505 1337 1571 1361 vos
1595 1328 1659 1360 aut
1677 1328 1843 1361 vestrum
1857 1323 2002 1374 aliquos

463 1377 669 1427 contingat,
683 1379 786 1428 quod
799 1379 911 1426 absit,
923 1380 1065 1430 duplici
1082 1381 1268 1418 taxatione
1284 1382 1444 1428 conteri,
1463 1382 1561 1419 circa
1577 1382 1769 1434 negotium
1787 1380 2002 1430 hujusmodi

464 1448 529 1472 vos
546 1437 797 1485 praemonitos
823 1451 901 1476 esse
926 1439 1116 1486 volumus,
1133 1440 1240 1477 vobis
1263 1441 1440 1478 omnibus
1466 1445 1503 1478 et
1527 1440 1685 1491 singulis
1707 1440 1870 1490 benigne
1896 1452 2004 1476 man-

464 1496 593 1533 dantes
612 1503 796 1547 quatenus
814 1498 844 1536 si
863 1499 1057 1536 occasione
1074 1513 1292 1550 guerrarum
1313 1500 1529 1550 hujusmodi
1548 1501 1596 1538 ab
1613 1501 1696 1538 aliis
1714 1500 2005 1551 quibuscunque

465 1555 627 1592 dominis
646 1555 826 1604 ducibus,
845 1558 1064 1604 comitibus,
1082 1559 1381 1606 vicecomitibus,
1400 1559 1622 1605 baronibus,
1642 1559 1826 1596 militibus
1839 1571 1908 1596 seu
1922 1557 2004 1595 aliis

465 1614 756 1666 quibuscunque
781 1629 847 1653 vos
872 1617 930 1654 vel
954 1622 1119 1655 vestrum
1151 1618 1315 1668 aliquem
1350 1617 1548 1668 contigerit
1574 1617 1701 1668 impeti
1730 1617 1787 1654 vel
1813 1616 2005 1673 exactione

465 1673 634 1723 qualibet
659 1674 863 1721 molestari,
895 1675 1061 1725 ejusdem
1091 1676 1235 1713 domini
1266 1676 1361 1727 regis
1388 1676 1619 1727 protectione
1645 1679 1681 1712 et
1709 1675 1851 1712 auxilio
1875 1688 1941 1712 vos
1970 1679 2005 1711 et

465 1730 564 1767 bona
591 1736 711 1769 vestra
739 1733 947 1770 secundum
980 1738 1146 1771 tenorem
1172 1734 1314 1772 litterae
1333 1735 1449 1786 ipsius
1468 1735 1611 1772 domini
1632 1734 1748 1786 regis,
1775 1734 1882 1784 eujus
1902 1739 2004 1771 tran-

465 1789 644 1839 scriptum
665 1791 847 1839 praesenti
866 1792 1018 1829 cedulae
1037 1793 1149 1830 inseri
1169 1793 1342 1840 fecimus,
1361 1793 1579 1830 defendatis.

1167 1907 1291 1919 4,-

1168 2031 1310 2069 CXXll.

497 2138 555 2174 La
573 2138 670 2175 dime
687 2138 854 2176 biennale
871 2139 1040 2176 accorde'e
1057 2152 1108 2176 au
1126 2141 1185 2176 roi
1201 2139 1245 2176 de
1262 2140 1410 2176 France
1426 2151 1509 2176 sera
1522 2139 1639 2188 paye'e
1657 2150 1702 2174 en
1718 2137 1817 2174 deux
1833 2142 1974 2175 termes.

514 2322 677 2358 Salutem
696 2327 731 2358 et
748 2335 832 2359 cum
852 2323 995 2359 sincera
1014 2323 1053 2359 iu
1070 2323 1234 2360 Domino
1253 2324 1404 2360 caritate
1421 2322 1639 2374 patientiam
1658 2322 1696 2358 in
1715 2321 1890 2358 adversis.

512 2380 604 2416 Cum
621 2393 740 2430 nuper
754 2394 798 2416 ex
811 2385 914 2431 parte
928 2381 1227 2419 excellentissimi
1246 2381 1427 2433 principis
1439 2381 1508 2419 Dei
1527 2380 1644 2432 gratia
1663 2380 1895 2417 Francorum
1911 2378 2004 2428 regis

463 2438 509 2475 de
540 2438 773 2476 Cisterciensi
802 2444 838 2476 et
868 2444 1096 2477 caeterorum
1131 2440 1441 2477 monasteriorum
1476 2438 1675 2476 abbatibus
1707 2437 1859 2474 nomine
1890 2436 2002 2474 totius
