2184 3074
462 352 537 390 498
1020 346 1181 386 conssx
1207 347 1464 386 DUNENSIS..

1163 509 1295 547 CCCLl
1300 510 1314 546 Ι
1319 540 1325 546 .

511 612 617 667 Βξιὶἰε
637 629 688 666 du
702 641 799 679 pape
817 626 992 676 Bonifnce
1008 626 1108 663 VIII
1122 638 1200 663 aux
1216 625 1456 677 archeveques
1477 632 1510 664 et
1526 627 1687 678 coeques,
1709 639 1759 664 au
1772 626 1869 677 sajet
1880 627 1942 664 des

865 685 1030 723 subsides
1043 685 1213 722 accorde's
1231 698 1281 722 au
1300 687 1359 723 roi
1374 685 1418 722 de
1429 686 1586 723 France.

507 882 720 919 Bonisacius
748 882 944 932 episcopus
956 910 966 928 ,
993 895 1120 919 servus
1155 895 1346 919 servorum
1381 883 1470 928 Dei,
1506 882 1781 921 venerabilibus
1813 884 2003 922 fratribus

458 942 647 988 Remensi,
666 942 886 988 Senonensi,
904 941 1136 979 Narbonensi
1155 946 1190 979 et
1206 941 1496 992 Rothomagensi
1511 942 1800 994 archiepiscopis
1811 972 1822 991 ,
1839 948 1876 981 et
1891 943 1991 982 Lau-

457 1000 636 1046 dunensi,
655 1000 930 1047 Catalaunensi,
949 1000 1223 1047 Cameracensi,
1237 1000 1497 1048 Ambianensi,
1511 1001 1754 1049 Tornaeensi,
1771 1002 1990 1049 morinensi,

457 1057 740 1105 Silvanectensi,
752 1058 966 1105 parisiensi,
982 1058 1483 1106 Autisiodorensi,Trecensi,
1502 1059 1719 1098 carnotensi
1729 1088 1739 1106 ,
1753 1060 1987 1107 Nivernensi,

456 1117 696 1164 Abrincensi,
718 1116 1011 1162 Constantiensi,
1033 1117 1204 1164 Dolensi,
1224 1117 1513 1164 Cenomanensi,
1535 1118 1794 1156 Lemovicenci
1812 1123 1851 1156 et
1865 1119 1991 1170 Maga-

456 1179 549 1216 lensi
566 1179 766 1229 episcopis,
782 1179 938 1216 salutem
957 1183 993 1216 et
1009 1179 1249 1229 apostolicam
1263 1178 1573 1216 benedictionem.

504 1237 653 1274 Pridem
670 1237 717 1274 ad
745 1241 908 1274 nostram
933 1237 1102 1274 notitiam
1124 1237 1308 1287 pervenit,
1331 1237 1462 1274 vestris
1483 1237 1729 1275 referentibus
1748 1237 1880 1275 litteris
1896 1251 1991 1289 quas

455 1295 563 1333 nobis
581 1295 829 1333 communiter
846 1295 1073 1343 destinastis,
1091 1295 1213 1346 quod,
1231 1295 1429 1346 nephanda
1450 1295 1566 1333 hostis
1593 1296 1737 1347 antiqui
1765 1302 1989 1347 procurante

456 1353 622 1404 nequitia
636 1354 701 1404 qui
720 1354 867 1404 quaerit
884 1359 926 1391 ut
939 1359 1069 1391 noceat
1085 1359 1121 1391 et
1133 1367 1279 1405 semper
1291 1354 1426 1391 circuit
1437 1359 1480 1391 ut
1496 1353 1677 1401 offendat,
1691 1353 1990 1394 christianissimi

456 1412 559 1462 regni
591 1412 819 1450 Francorum
854 1417 970 1450 status
1000 1413 1223 1450 turbationis
1257 1412 1475 1464 multiplicis
1501 1412 1712 1462 jactabatur
1745 1413 1920 1451 fluctibus
1956 1419 1992 1451 et

457 1469 624 1507 intestini
656 1471 824 1509 criminis
849 1472 952 1522 gravi
982 1472 1132 1509 turbine
1159 1472 1417 1522 quassabatur.
1437 1471 1556 1509 Tanto
1582 1484 1649 1509 nos
1677 1471 1792 1509 artius
1819 1473 1988 1524 concepti

457 1529 598 1566 doloris
612 1530 770 1580 proinde
785 1531 935 1568 aculeus
950 1531 1122 1582 pupugit,
1137 1531 1331 1582 majorque
1348 1530 1510 1568 turbatio
1525 1530 1640 1568 nostri
1655 1530 1814 1580 pectoris
1829 1531 1989 1569 archana

458 1589 672 1635 commovit,
685 1594 827 1639 quanto
841 1603 998 1640 regnum
1017 1590 1140 1641 ipsum
1158 1589 1355 1640 specialius
1370 1589 1534 1639 gerimus
1552 1589 1591 1625 in
1607 1588 1811 1626 visceribus
1829 1589 1992 1627 caritatis

458 1651 494 1684 et
507 1648 642 1697 potiori
658 1648 842 1686 desiderio
855 1649 1031 1686 ducimur
1043 1653 1085 1686 ut
1098 1649 1192 1685 illud
1206 1648 1406 1699 prosperis,
1418 1647 1603 1685 sedulisve
1615 1646 1848 1684 successibus
1866 1647 1994 1685 affluat

459 1710 497 1742 et
516 1707 652 1744 votivis
683 1707 878 1745 eventibus
904 1708 1091 1745 fulciatur.
1117 1707 1213 1744 Sane
1240 1707 1278 1744 in
1309 1707 1440 1744 litteris
1465 1706 1556 1757 ipsis
1583 1705 1792 1743 habebatur
1812 1705 1992 1747 insertum

460 1765 563 1815 quod
582 1778 649 1803 vos
667 1767 794 1816 gravia
813 1767 922 1804 vobis
943 1772 979 1804 et
999 1766 1184 1804 universis
1209 1765 1379 1817 personis
1404 1765 1659 1803 ecclesiasticis
1680 1764 1769 1801 dicti
1787 1764 1891 1814 regni
1917 1777 1992 1802 non

459 1824 582 1861 solum
602 1838 726 1862 rerum
746 1825 810 1862 sed
828 1826 938 1863 etiam
956 1838 1200 1876 personarum
1221 1826 1358 1862 instare
1375 1824 1540 1875 pericula
1557 1822 1798 1861 formidantes
1809 1851 1819 1870 ,
1832 1822 1911 1860 vias
1927 1836 1994 1861 ex-

460 1883 649 1933 quirentes
667 1888 703 1921 et
721 1885 852 1922 modos
870 1885 1009 1935 quibus
1030 1885 1137 1922 vobis
1160 1889 1196 1922 et
1222 1884 1361 1922 eisdem
1385 1883 1549 1921 ecclesiis
1573 1895 1615 1920 ac
1632 1881 1800 1933 personis
1818 1882 1995 1920 adversus

460 1942 656 1980 frementes
683 1957 901 1994 guerrarum
930 1945 1132 1995 impulsus,
1158 1943 1393 1994 providentia
1423 1941 1524 1993 regia
1555 1941 1634 1979 sine
1664 1953 1740 1991 qua
1764 1940 1995 1991 impossibile

460 2001 640 2039 tenebatis
662 2001 877 2052 hujusmodi
897 2003 1043 2054 negotia
1062 2003 1192 2054 dirigi,
1209 2002 1435 2040 defensionis
1458 2001 1620 2052 optimae
1637 1998 1798 2045 remedia
1815 2011 1993 2048 pararen-

461 2063 531 2095 tur.
547 2059 663 2098 Nobis
677 2074 744 2111 per
757 2062 902 2099 easdem
918 2062 1056 2099 litteras
1071 2062 1263 2099 humiliter
1276 2060 1512 2112 supplicastis
1527 2064 1569 2096 ut
1582 2058 1777 2096 karissimo
1793 2057 1832 2094 in
1847 2057 1994 2095 Christo

461 2117 540 2154 filio
561 2124 688 2157 nostro
710 2121 904 2172 Philippo,
923 2121 1000 2172 regi
1019 2121 1249 2158 Francorum
1269 2119 1420 2165 illustri,
1447 2131 1515 2169 pro
1541 2116 1757 2167 hujusmodi
1785 2115 1994 2153 communis

462 2176 630 2215 tuitionis
658 2179 834 2231 suffragio
861 2180 898 2216 in
925 2193 1001 2230 quo
1020 2180 1214 2230 proprium
1234 2178 1433 2228 cujuslibet
1454 2176 1676 2214 noscebatur
1693 2173 1879 2225 impendi,
1903 2173 1996 2210 sub-

462 2237 672 2274 ventionem
701 2251 903 2289 congruam
929 2239 1072 2289 absque
1096 2238 1385 2289 transgressione
1411 2234 1686 2273 constitutionis
1709 2237 1855 2270 nostrae
1883 2245 1996 2282 super

460 2294 531 2331 hoc
546 2295 665 2332 editae
678 2296 784 2333 vobis
798 2301 834 2333 et
848 2297 1023 2334 omnibus
1038 2296 1204 2346 ejusdem
1219 2296 1322 2347 regni
1337 2294 1500 2332 ecclesiis
1515 2292 1640 2343 largiri
1661 2291 1846 2328 licentiam
1861 2290 1994 2341 digna—

461 2366 596 2389 remur.
621 2354 694 2391 Nos
716 2360 837 2392 autem
864 2356 910 2392 ad
937 2356 1053 2406 ipsius
1075 2356 1178 2405 regni
1213 2360 1248 2392 et
1272 2355 1478 2391 incolarum
1513 2352 1594 2402 ejus
1623 2354 1759 2388 statum
1791 2349 1932 2386 bonum
1958 2353 1994 2385 et

462 2424 681 2461 prosperum
703 2414 858 2450 summis
878 2414 1011 2451 studiis
1030 2414 1264 2451 intendentes
1283 2419 1317 2450 et
1335 2413 1499 2449 volentes
1522 2414 1716 2462 propterea
1742 2408 1779 2444 in
1800 2407 1868 2444 hac
1889 2410 1992 2457 parte

462 2469 557 2506 votis
595 2472 721 2508 vestris
753 2485 932 2518 annuere,
957 2487 1023 2523 per
1046 2478 1189 2510 nostras
1220 2472 1397 2509 duximus
1423 2471 1560 2507 litteras
1584 2465 1863 2505 concedendum
1894 2469 1937 2500 ut
1961 2465 1990 2500 si
