2184 3074
738 266 901 306 CODEX
927 266 1170 305 DUNENSlS.
1653 268 1725 306 -265

187 390 286 424 trum
305 386 371 438 qui
390 399 502 437 super
520 385 590 423 boe
608 384 776 436 requisiti
799 397 874 422 non
892 383 1048 421 fecerint
1065 383 1159 420 infra
1179 383 1337 421 biduum
1356 383 1460 435 quod
1483 385 1724 429 mandamus,

187 445 217 482 si
232 444 429 495 episcopus
446 443 577 490 suerit,
596 442 816 494 privationis
841 442 1029 493 ingressus
1047 441 1242 488 ecclesiae,
1263 442 1293 479 si
1313 441 1423 479 aliam
1446 442 1587 480 habens
1607 442 1726 479 eccle-

187 503 371 541 siasticam
397 502 635 554 dignitatem,
657 500 930 553 suspensionis,
951 499 982 538 si
1001 499 1071 538 alia
1090 513 1246 551 persona
1273 505 1309 537 et
1331 500 1581 539 ecclesiastica
1596 500 1726 541 suerit,

187 565 225 600 et
247 561 401 613 insuper
424 561 462 599 in
483 573 614 599 omnes
645 564 682 598 et
709 559 878 611 singulos
904 559 1162 597 executionem
1189 559 1392 610 praesentis
1421 558 1585 597 mandati
1612 558 1726 596 modo

187 618 358 670 quolibet
373 618 577 665 elidentes,
607 617 1004 656 excommunicationis
1035 617 1235 655 sententias
1265 617 1363 655 dicta
1394 618 1571 656 canonica
1601 618 1725 655 moni-

188 676 289 714 tione
311 676 511 728 praemissa
531 676 726 728 proferatis
745 676 783 714 in
802 675 874 713 hiis
895 676 1042 727 scriptis
1060 689 1126 727 per
1139 681 1349 726 praesentes
1363 676 1501 714 litteras
1519 676 1599 714 viso
1618 689 1725 713 man-

189 734 287 773 dato.
309 735 352 773 ln
376 735 483 786 cujus
510 735 561 773 rei
590 735 845 773 testimonium
871 738 1081 785 praesentes
1101 734 1240 772 litteras
1259 734 1391 772 confici
1415 739 1451 772 et
1477 734 1589 785 sigilli
1609 734 1725 771 nostri

190 793 386 844 pendentis
400 793 556 831 fecimus
575 793 785 831 munimine
804 792 984 831 roborari.

238 852 375 889 Datum
407 852 593 889 Cameraci
623 864 722 889 anno
742 851 895 889 Domini
914 851 965 888 Μο
987 851 1061 888 CC⁰
1086 851 1326 902 nonagesimo
1355 851 1506 902 quinto,
1529 850 1591 888 die
1613 851 1725 888 xlm*

191 910 327 948 mensis
345 910 511 961 augusti,
532 910 735 948 indictione
756 909 821 947 Vll
838 909 1078 960 pontificatus
1101 909 1245 946 domini
1266 909 1447 946 Bonifacii
1471 922 1588 960 papae
1606 909 1725 946 octavi

191 981 290 1005 anno
309 982 441 1020 primo.

893 1044 1004 1053 ἰὴ...-

893 1186 1033 1223 CLXX.

437 1303 538 1353 Bref
548 1303 600 1341 du
612 1316 710 1353 pape
727 1303 905 1354 Bonisace
922 1304 962 1341 V
959 1304 1023 1341 111
1039 1303 1173 1353 relatis
1183 1317 1233 1340 αιι
1251 1305 1364 1340 meme
1382 1302 1483 1354 objel.

239 1497 314 1534 Nos
331 1497 554 1536 Bonesacius
571 1511 667 1549 papa
683 1502 835 1535 octavus
854 1497 994 1534 Leonio
1017 1497 1063 1534 de
1090 1496 1210 1534 Flisco
1229 1495 1370 1532 meritis
1397 1496 1473 1533 suis
1494 1495 1730 1546 exigentibus

194 1561 277 1607 post
301 1557 587 1607 resignationem
614 1557 787 1594 omnium
813 1557 1099 1594 canonicatuum
1123 1561 1159 1593 et
1186 1556 1483 1607 praebendarum
1510 1569 1602 1606 quas
1627 1555 1729 1606 prius

190 1615 388 1663 habuerat,
408 1616 632 1667 praedictam
652 1617 947 1667 praeposituram
965 1630 1050 1653 cum
1074 1616 1251 1653 omnibus
1265 1616 1415 1666 juribus
1438 1621 1474 1652 et
1495 1614 1729 1666 pertinentiis

193 1674 269 1711 suis
293 1669 512 1712 auctoritate
532 1675 735 1725 apostolica
765 1675 994 1712 contulimus
1021 1679 1058 1712 et
1084 1674 1317 1726 providimus
1344 1674 1390 1711 de
1420 1674 1577 1718 eisdem,
1602 1673 1730 1710 decer-

194 1736 322 1770 nentes
345 1737 483 1770 extunc
510 1733 656 1771 irritum
677 1738 714 1770 et
738 1733 864 1780 inane,
887 1733 921 1770 'si
941 1747 1045 1771 secus
1067 1733 1225 1770 scienter
1248 1733 1305 1769 vel
1327 1733 1541 1783 ignoranter
1558 1728 1604 1768 de
1623 1744 1729 1781 prae-

193 1791 359 1842 positura
385 1792 571 1843 praedicta
599 1806 619 1829 a
650 1806 842 1843 quoquam
871 1793 1002 1843 quavis
1028 1793 1246 1829 auctoritate
1271 1796 1527 1842 attemptatum
1559 1790 1731 1827 existeret

193 1850 249 1887 vel
264 1851 732 1902 contingeretuttemptari,
752 1851 1073 1890 nonobstantibus
1092 1850 1278 1888 consuetis
1296 1850 1342 1887 de
1360 1863 1520 1900 quorum
1541 1854 1666 1885 tenore
1684 1847 1730 1883 de

193 1909 307 1946 verbo
332 1909 379 1946 ad
403 1909 560 1947 verbum
585 1911 623 1947 in
651 1910 781 1948 litteris
805 1910 940 1948 nostris
971 1910 1142 1947 habenda
1166 1915 1260 1947 esset
1286 1909 1424 1946 mentio
1452 1907 1640 1958 specialis7
1665 1920 1730 1943 seu

193 1966 295 2016 quod
318 1967 397 2018 ipse
427 1968 589 2006 Leonius
618 1968 657 2005 in
688 1968 889 2006 Viennensi
913 1969 1066 2006 ecclesia
1090 1967 1349 2006 canonicatum
1369 1971 1405 2003 et
1422 1965 1670 2016 praebendam
1695 1970 1731 2001 et

194 2025 486 2076 praeposituram
505 2027 680 2064 ecclesiae
698 2027 822 2064 Sancti
842 2026 1039 2065 Salvatoris
1065 2026 1112 2063 de
1138 2025 1295 2063 Lavania
1319 2024 1516 2062 Januensis
1539 2023 1727 2072 dyocesis,

193 2095 320 2120 curam
335 2085 543 2123 animarum
559 2086 755 2123 habentem
775 2099 818 2123 ac
836 2085 1036 2136 quamdam
1056 2098 1218 2122 annuam
1238 2084 1453 2135 pensionem
1470 2082 1532 2120 XL
1548 2082 1728 2118 librarum

193 2142 455 2193 sterlingorum
482 2157 502 2180 a
529 2144 653 2194 priore
679 2149 715 2181 et
741 2149 926 2182 conventu
956 2143 1215 2182 Vindoviensis
1245 2143 1419 2180 ecelesiae
1442 2141 1607 2178 noscitur
1630 2140 1729 2190 opti-

194 2214 298 2247 nere,
328 2206 394 2238 etc.
427 2202 532 2240 Unde
563 2203 783 2240 mandamus
813 2207 996 2254 quatenus
1025 2215 1105 2248 vos,
1135 2202 1191 2238 vel
1225 2201 1317 2247 duo,
1345 2205 1407 2238 aut
1435 2213 1532 2238 unus
1564 2204 1726 2236 vestrum

194 2273 259 2310 per
282 2272 347 2297 vos
379 2260 434 2296 vel
462 2274 528 2310 per
553 2260 668 2297 alium
695 2274 760 2298 seu
794 2261 900 2306 alios,
923 2260 1096 2297 eumdem
1122 2260 1178 2296 vel
1206 2264 1483 2310 procuratorem
1514 2271 1623 2295 suum
1646 2257 1725 2304 ejus

144 2366 147 2368 μ
194 2318 345 2355 nomine
374 2319 411 2355 in
437 2319 666 2369 corporalem
692 2320 961 2370 possessionem
987 2319 1152 2369 ejusdem
1173 2318 1451 2370 praepositurae
1469 2316 1669 2367 Brugensis
1686 2330 1726 2351 ac

188 2375 331 2424 jurium
355 2381 390 2414 et
416 2377 723 2427 pertinentiarum
753 2378 832 2427 ejus
856 2378 1039 2415 inducatis
1062 2377 1280 2414 auctoritate
1306 2381 1340 2414 et
1365 2375 1571 2413 defendatis
1591 2375 1725 2417 indue-

1548 2434 1593 2470 54
