2184 3074
452 322 500 359 50
1000 322 1161 366 CODEX
1188 321 1433 360 DUNENSIS.

450 439 601 488 proprie
627 440 750 489 potui,
775 440 919 489 exerpsi
945 444 981 476 et
1004 439 1174 477 transtuli
1200 439 1237 476 in
1263 440 1441 485 latinum,
1459 440 1587 478 eadem
1606 442 1786 481 sententia
1803 446 1985 480 reservata

450 500 486 532 et
497 497 626 534 eodem
642 498 830 534 intellectu
843 502 986 535 retento
996 499 1098 548 quod
1113 502 1372 535 testamentum
1388 499 1490 536 tenui
1504 503 1539 536 et
1553 499 1623 549 legi
1638 512 1715 536 non
1729 501 1984 546 cancellatum,

449 569 518 593 nec
536 558 573 594 in
594 558 717 608 aliqua
737 558 793 595 sui
813 562 918 609 parte
935 563 1151 609 corruptum
1163 589 1172 605 ⁷
1189 559 1253 596 sed
1269 559 1434 610 plurium
1453 572 1695 610 personarum
1714 560 1863 611 sigillis,
1881 561 1985 598 vide-

447 614 533 652 licet
559 616 647 653 dicti
675 617 718 652 G.
747 616 946 663 testatoris,
973 621 1053 662 etc,
1080 617 1126 654 ab
1155 617 1236 667 ipso
1263 617 1306 654 G.
1330 622 1502 655 testatore
1517 615 1735 655 vocatorum
1754 618 1793 656 in
1811 622 1918 656 testes
1936 617 1982 655 ad

447 673 651 723 pleniorem
671 675 930 712 certitudinem
950 675 1171 725 sigillatum,
1190 681 1303 725 prout
1327 676 1417 713 haec
1441 676 1568 714 omnia
1586 680 1622 713 et
1642 676 1808 726 singula,
1826 681 1901 715 tam
1918 689 1985 727 per

449 731 588 768 di‘ctum
609 737 868 769 testamentum
887 733 1089 783 sigillatum
1107 737 1143 769 et
1162 747 1228 783 per
1247 747 1305 770 me
1323 734 1461 771 lectum
1481 747 1595 785 quam
1613 734 1725 772 etiam
1742 748 1808 785 per
1828 735 1982 785 praelati

446 789 590 826 abbatis
609 791 824 827 relationem
850 791 943 827 mihi
969 791 1114 828 notario
1138 791 1373 843 infrascripto
1392 797 1428 830 et
1445 793 1601 831 testibus
1619 794 1739 844 prima
1758 794 1850 832 facie
1867 807 1984 844 appa-

444 848 585 885 rebant.

493 906 614 956 Hujus
636 907 751 957 igitur
769 908 976 944 testamenti
994 908 1131 945 virtute
1153 913 1190 946 et
1209 923 1255 946 ex
1279 911 1496 948 auctoritate
1514 916 1550 948 et
1567 916 1747 962 potestate
1763 925 1876 963 super
1892 924 1984 950 con-

445 964 553 1001 tentis
572 964 611 1001 in
628 978 687 1011 eo,
706 965 777 1016 ipsi
796 966 951 1003 domino
969 966 1096 1004 abbati
1115 967 1294 1017 praedicti
1314 969 1527 1006 monasterii
1548 969 1595 1007 de
1612 970 1779 1017 Thosan,
1796 970 1862 1020 qui
1881 982 1984 1007 nunc

442 1027 516 1068 est,
534 1035 554 1059 a
572 1024 736 1073 praefato
754 1024 797 1061 G.
817 1029 989 1062 testatore
1007 1025 1047 1062 in
1066 1025 1134 1062 hac
1153 1030 1256 1075 parte
1278 1027 1479 1073 concessis,
1509 1027 1616 1077 cujus
1642 1028 1850 1066 testamenti
1878 1027 1917 1065 in
1943 1040 1983 1069 se

442 1092 554 1116 onere
573 1083 802 1120 executionis
820 1083 891 1120 sub
909 1084 1121 1133 praemissis
1149 1084 1260 1122 modo
1289 1090 1325 1122 et
1350 1085 1468 1123 forma
1495 1086 1685 1124 faciendae
1712 1086 1895 1136 suscepit,
1920 1085 1980 1122 cui

441 1137 539 1174 idem
566 1139 680 1176 abbas
709 1141 797 1190 quia
825 1141 982 1191 negotiis
1008 1141 1135 1179 arduis
1161 1142 1400 1192 praepeditus
1426 1142 1473 1179 ad
1499 1156 1672 1193 praesens
1702 1143 1878 1182 interesse
1904 1156 1980 1181 non

439 1200 559 1245 potest
577 1199 792 1245 commode,
811 1212 879 1235 nec
896 1212 1045 1246 vacare,
1068 1199 1167 1236 viros
1190 1200 1383 1251 religiosos
1407 1205 1444 1238 et
1461 1201 1640 1239 discretos
1658 1202 1768 1238 talem
1793 1206 1829 1239 et
1853 1202 1979 1248 talem,

439 1254 606 1303 ejusdem
626 1257 839 1294 monasterii
860 1258 988 1294 fratres
1002 1257 1205 1297 monachos
1217 1271 1305 1298 suos
1320 1259 1422 1303 fecit,
1437 1259 1630 1296 constituit
1642 1264 1680 1296 et
1691 1259 1880 1301 ordinavit
1891 1273 1980 1298 suos

438 1326 544 1350 veros
564 1315 747 1365 legitimos
765 1321 1041 1366 procuratores,
1058 1330 1212 1355 suorum
1232 1318 1467 1368 negotiorum
1486 1323 1648 1369 gestures
1666 1323 1703 1356 et
1721 1319 1872 1359 nuntios
1893 1332 1979 1370 spe-
2049 1338 2059 1346 ν

438 1372 563 1419 ciales,
582 1378 617 1410 et
634 1374 842 1424 quemlibet
862 1387 991 1412 eorum
1021 1375 1059 1412 in
1083 1375 1267 1422 solidum,
1286 1375 1336 1412 ita
1361 1377 1464 1426 quod
1487 1390 1562 1414 non
1588 1377 1635 1414 sit
1658 1377 1790 1414 melior
1812 1377 1978 1416 conditio

438 1432 653 1480 occupantis
672 1437 707 1469 et
724 1433 827 1483 quod
846 1447 912 1483 per
929 1434 1085 1470 alterum
1105 1447 1233 1472 eorum
1252 1434 1465 1485 incoeptum
1485 1436 1611 1482 suerit,
1628 1435 1746 1486 possit
1767 1449 1834 1486 per
1861 1436 1976 1474 alium

436 1502 482 1526 ex
508 1490 559 1527 eis
585 1491 762 1541 prosequi
788 1496 824 1528 et
849 1492 949 1528 finiri
975 1492 1014 1529 in
1039 1493 1178 1540 causis,
1202 1493 1348 1540 litibus,
1371 1494 1674 1544 quaestionibus,
1697 1494 1976 1541 controversiis,

437 1549 720 1587 executionibus
739 1555 774 1586 et
792 1551 949 1600 negotiis
969 1551 1045 1589 suis
1058 1552 1236 1590 omnibus
1250 1557 1286 1589 et
1299 1553 1457 1603 singulis
1472 1553 1608 1591 habitis
1624 1557 1660 1590 et
1677 1553 1875 1599 habendis,
1889 1564 1975 1595 cum

437 1611 472 1642 et
492 1619 615 1644 coram
638 1609 929 1659 quibuscunque
953 1610 1123 1659 personis
1146 1610 1422 1657 ecclesiasticis,
1439 1611 1670 1654 secularibus
1694 1616 1731 1648 et
1755 1611 1974 1659 mundanis,

436 1665 707 1704 archidiaconis
738 1672 772 1704 et
798 1668 1004 1718 episcopis,
1029 1668 1273 1715 officialibus,
1298 1669 1555 1716 auditoribus,
1576 1669 1770 1719 judicibus
1794 1670 1890 1708 datis
1917 1671 1974 1708 vel

436 1724 586 1771 dandis,
612 1726 847 1776 praepositis,
870 1727 1036 1773 decanis,
1062 1727 1235 1777 capitulis
1255 1731 1288 1764 et
1313 1727 1605 1778 quibuscunque
1622 1727 1813 1778 praelatis,
1831 1728 1975 1779 princi-

435 1783 563 1833 pibus,
581 1784 902 1832 universitatibus,
918 1786 1250 1823 communitatibus
1263 1791 1299 1823 et
1314 1786 1551 1832 communiis,
1564 1786 1728 1833 ballivis,
1741 1787 1974 1835 subbaffivis,

434 1843 610 1889 scultetis,
619 1844 793 1890 scabinis,
807 1845 983 1891 consiliis,
994 1845 1161 1894 justitiis,
1171 1845 1377 1882 rectoribus
1388 1850 1427 1882 et
1441 1845 1657 1884 hominibus
1670 1847 1974 1897 quibuscunque,

434 1901 693 1952 cujuscunque
716 1903 1025 1952 praeminentiae,
1052 1903 1262 1954 dignitatis,
1287 1903 1430 1940 ordinis
1453 1908 1490 1941 et
1513 1907 1645 1949 status,
1669 1904 1823 1955 insuper
1844 1904 1972 1954 cujus-

433 1971 581 2008 cunque
595 1961 832 1998 excellentiae
843 1966 879 1998 et
893 1975 1206 2012 quorumcunque
1222 1962 1433 1999 officiorum
1452 1962 1627 2008 existant,
1645 1963 1716 1999 sub
1731 1962 1972 2013 quibuscun-

433 2029 506 2065 que
527 2018 640 2054 modo
664 2023 700 2055 et
724 2020 844 2056 forma
870 2025 934 2057 aut
959 2020 1206 2070 conceptione
1226 2020 1429 2057 verborum
1453 2025 1490 2057 et
1514 2020 1724 2063 officiorum
1750 2020 1908 2058 statibus
1929 2033 1972 2058 ac

434 2075 650 2114 nominibus
675 2083 906 2125 censeantur,
929 2083 964 2115 et
990 2079 1264 2129 specialiterin
1290 2091 1400 2115 causa
1426 2078 1720 2118 testamentariae
1741 2079 1971 2121 executionis

432 2135 640 2184 praedictae
652 2150 719 2187 per
735 2137 854 2174 dictos
871 2142 1129 2187 procuratores
1148 2151 1214 2174 seu
1232 2150 1299 2187 per
1312 2137 1468 2174 alterum
1483 2137 1701 2176 eorumdem
1715 2137 1868 2175 nomine
1880 2150 1982 2188 prof-,-

432 2195 617 2231 curatorio
635 2209 703 2245 pro
722 2196 803 2246 ipso
821 2197 955 2234 abbate
973 2197 1162 2234 faciendae
1180 2201 1216 2234 et
1231 2196 1454 2248 implendae.
1495 2224 1498 2229 A

480 2252 599 2303 Super
616 2268 691 2304 quo
710 2260 745 2292 et
762 2256 900 2306 quibus
919 2256 1095 2294 omnibus
1113 2261 1149 2294 et
1165 2256 1322 2307 singulis
1346 2256 1483 2294 dictam
1505 2255 1761 2293 executionem
1785 2237 1970 2305 tangenti-

430 2311 500 2348 bus
524 2314 792 2363 quoquomodo
817 2316 1004 2365 praefatus
1029 2315 1162 2362 abbas,
1189 2320 1377 2362 executor,
1405 2320 1447 2353 ut
1473 2315 1735 2370 praemittitur,
1759 2314 1967 2351 testamenti

429 2371 625 2421 praedicti,
647 2372 784 2410 eisdem
803 2375 1108 2424 procuratoribus
1130 2375 1207 2412 suis
1232 2379 1268 2412 et
1289 2374 1444 2413 cuilibet
1464 2388 1601 2415 eorum*
1618 2374 1656 2411 in
1678 2372 1841 2427 solidum
1861 2385 1967 2413 com-

430 2430 531 2468 misit
547 2432 712 2481 plenarie
728 2432 827 2470 vices
846 2446 948 2480 suas,
966 2434 1085 2471 donec
1102 2447 1162 2471 eas
1180 2434 1226 2471 ad
1247 2444 1286 2472 se
1308 2434 1459 2473 duxerit
1483 2432 1730 2493 revocandas,
1742 2431 1857 2478 dam,
1874 2444 1967 2469 con·-
