2184 3074
449 319 521 356 518
1005 315 1166 353 CODEX
1191 315 1441 353 DUNENSlS.

499 438 650 475 Dudum
672 436 767 472 inter
787 435 1000 471 karissimos
1028 434 1065 469 in
1092 432 1239 469 Christo
1265 431 1362 468 filios
1390 436 1534 469 nostros
1565 432 1779 483 Philippum
1801 434 1992 479 Franciae,

449 512 493 535 ex
509 510 581 534 una
598 499 715 546 parte,
731 499 766 529 et
784 492 999 528 Eduardum
1021 490 1192 541 Angliae,
1210 503 1256 527 ex
1272 494 1376 540 parte
1395 490 1524 536 altera,
1543 504 1644 541 reges
1662 491 1842 538 illustres,
1859 505 1993 544 sugge-

449 560 551 592 rente
582 552 734 590 inimico
774 551 927 587 humani
963 549 1108 600 generis
1142 549 1242 599 pacis
1277 549 1444 594 aemulo,
1475 562 1587 599 super
1618 549 1774 587 diversis
1803 549 1994 607 articulis,

450 613 601 651 materia
619 610 827 647 discordiae
846 613 882 646 et
901 608 1141 645 dissentionis
1159 611 1302 653 exorta,
1320 607 1472 644 tandem
1495 607 1594 644 idem
1615 621 1717 658 reges
1731 621 1798 659 per
1815 609 1993 659 speciales

450 671 602 710 nuntios
617 675 652 706 et
670 672 928 720 procuratores
948 667 1113 717 ipsorum
1133 665 1181 703 ad
1199 665 1270 703 hoc
1288 666 1335 702 ab
1358 666 1411 703 eis
1431 666 1648 703 mandatum
1668 666 1845 704 habentes
1868 667 1905 704 in
1927 680 1994 705 nos

451 730 703 774 Bonisacium,
730 727 856 764 divina
884 725 1119 776 providentia
1145 738 1279 776 papam
1307 730 1499 772 octavum,
1527 729 1704 776 tanquam
1732 725 1770 763 in
1796 739 1992 777 personam

451 790 647 840 privatam,
678 791 713 823 et
744 785 939 822 dominum
969 783 1212 820 Benedictum
1245 782 1478 833 Gaytanum,
1510 787 1688 834 tanquam
1723 784 1761 821 in
1791 785 1991 831 arbitrum,

450 849 727 890 arbitrator-em,
746 845 993 889 laudatorem,
1013 843 1273 889 diffinitorem,
1292 842 1504 880 arbitralem
1519 842 1836 890 sententiatorem,
1855 844 1993 882 amica-

451 908 562 945 bilem
583 905 887 956 compositorem,
903 907 1201 954 praeceptorem,
1220 902 1490 948 ordinatorem,
1503 901 1764 953 dispositorem
1780 907 1816 940 et
1829 915 1995 954 pronun-

452 968 618 1004 tiatorem
637 977 750 1014 super
763 962 998 1000 reformanda
1015 975 1105 1012 pace
1124 967 1160 999 et
1175 961 1375 999 concordia
1391 961 1488 998 inter
1502 960 1602 1012 ipsos
1621 974 1723 1013 reges
1738 974 1780 998 ac
1793 974 1907 1013 super
1920 961 1993 1002 biis

450 1039 545 1076 quae
563 1025 608 1060 ad
628 1036 755 1074 pacem
772 1021 974 1072 pertinent,
994 1025 1030 1058 et
1045 1034 1159 1071 super
1175 1020 1353 1058 omnihus
1371 1025 1408 1057 et
1424 1020 1582 1071 singulis
1601 1020 1816 1066 discordiis,
1834 1019 1992 1071 guerris,

451 1084 596 1129 litibus,
617 1079 899 1127 controversiis,
917 1079 1055 1125 causis,
1073 1079 1373 1130 quaestionibus,
1397 1079 1571 1130 dampnis
1598 1083 1634 1116 et
1659 1078 1823 1128 injuriis,
1844 1079 1995 1130 petitio-

452 1144 582 1189 nibus,
613 1140 824 1178 actionibus
859 1139 1020 1177 realibus
1053 1144 1088 1176 et
1119 1139 1381 1190 personalibus
1412 1143 1524 1190 atque
1553 1138 1680 1176 mixtis
1710 1151 1806 1189 quae
1833 1139 1994 1185 fuerant,

451 1206 554 1239 erant
579 1214 642 1238 seu
666 1199 905 1236 vertebantur
922 1199 978 1235 vel
998 1212 1075 1235 esse
1093 1204 1129 1235 et
1146 1197 1238 1235 verti
1258 1202 1408 1248 possent
1425 1197 1522 1235 inter
1539 1197 1639 1248 ipsos
1659 1210 1780 1248 reges,
1800 1197 1995 1238 occasione

451 1252 692 1311 quacunque,
717 1258 770 1306 de,
781 1259 855 1294 alto
873 1263 909 1294 et
927 1257 1051 1304 basso,
1067 1257 1236 1294 absolute
1250 1260 1286 1293 et
1298 1256 1415 1294 libere
1429 1255 1733 1307 compromittere
1749 1260 1993 1302 curaverunt,

453 1324 563 1371 prout
595 1319 633 1355 in
658 1318 1012 1368 compromissorum
1047 1316 1304 1354 instrumentis
1334 1315 1497 1367 publicis
1526 1315 1614 1352 inde
1643 1314 1820 1353 confectis
1846 1315 1994 1366 plenius

452 1378 673 1416 continetur.
691 1377 763 1413 Nos
783 1376 896 1426 igitur
915 1375 1130 1412 Bonisacius
1149 1388 1244 1426 papa
1258 1374 1490 1426 praedictus,
1508 1373 1574 1424 qui
1592 1373 1704 1411 finem
1724 1373 1853 1411 litibus
1871 1373 1994 1424 impo-

453 1450 538 1474 nere
564 1435 797 1480 affectamus,
823 1434 886 1471 sed
915 1434 1114 1484 praecipue
1140 1433 1236 1470 inter
1265 1446 1370 1486 reges
1397 1432 1606 1484 praedictos
1638 1446 1800 1484 quorum
1829 1431 1994 1482 quietem

453 1495 705 1533 indesinenter
731 1493 960 1544 appetimus,
984 1496 1020 1528 et
1047 1496 1148 1528 tanto
1176 1491 1377 1528 ferventius
1400 1490 1524 1528 felices
1557 1491 1731 1542 cupimus
1755 1491 1879 1542 vigere
1909 1503 1996 1528 suc-

453 1568 574 1604 cessus
593 1558 734 1604 quanto
754 1551 911 1602 pleniori
928 1564 990 1588 eos
1010 1550 1204 1588 affectione
1218 1550 1484 1601 prosequimur
1501 1554 1537 1586 et
1550 1549 1694 1600 puriori
1712 1548 1996 1600 complectimur

453 1613 619 1658 caritate,
639 1610 855 1661 hujusmodi
877 1609 1155 1660 compromissis
1174 1609 1331 1659 receptis
1350 1613 1385 1645 et
1404 1608 1601 1645 nobiscum
1618 1607 1835 1659 praehabita
1853 1607 1996 1645 delibe-

454 1671 595 1708 ratione
614 1669 803 1720 diligenti,
825 1668 1039 1718 vocatisque
1053 1667 1196 1705 nuntiis
1215 1672 1251 1704 et
1269 1667 1576 1718 procuratoribus
1590 1666 1812 1717 supradictis
1830 1665 1877 1703 ad
1892 1665 1995 1703 arbi-

455 1729 584 1774 trium,
618 1729 885 1773 laudationem,
923 1726 1140 1763 mandatum
1172 1731 1207 1763 et
1242 1725 1456 1763 arbitralem
1492 1725 1712 1763 sententiam
1748 1724 1994 1772 audiendu'm,

452 1790 579 1839 cisque
597 1801 721 1825 coram
743 1786 851 1823 nobis
870 1786 916 1822 ad
937 1786 1007 1822 boc
1025 1785 1236 1836 specialiter
1253 1784 1483 1830 constitutis,
1503 1784 1549 1821 ad
1566 1784 1714 1821 laudem
1727 1784 1995 1835 omnipotentis

452 1848 518 1884 Dei
538 1847 603 1898 qui
623 1850 677 1882 est
697 1846 797 1896 pacis
816 1849 919 1881 actor
937 1849 972 1880 et
990 1844 1119 1881 salutis
1138 1848 1281 1880 amator
1302 1847 1338 1880 et
1358 1843 1550 1880 Gloriosae
1568 1842 1733 1892 Virginis
1750 1842 1878 1880 matris
1895 1842 1994 1893 ejus,

451 1908 545 1944 sicut
563 1907 714 1950 arbiter,
733 1905 943 1951 arbitrator,
964 1905 1135 1941 laudator
1149 1909 1185 1941 et
1198 1903 1408 1941 amicabilis
1426 1903 1665 1954 compositor,
1682 1916 1725 1940 ac
1739 1902 1836 1940 sicut
1852 1903 1995 1954 privata

451 1979 605 2016 persona
635 1969 671 2002 et
701 1963 922 2000 Benedictus
944 1963 1155 2013 Gaytanus,
1187 1976 1232 2000 ex
1254 1963 1392 1999 virtute
1417 1975 1459 1999 ac
1490 1962 1609 1999 forma
1639 1961 1994 2012 compromissorum

452 2025 725 2076 praedictorum
750 2028 783 2060 et
811 2023 913 2060 omni
940 2023 1051 2060 modo
1073 2027 1108 2060 et
1131 2022 1217 2072 jure
1243 2035 1320 2073 quo
1346 2021 1479 2059 melius
1498 2021 1701 2072 possimus,
1719 2021 1817 2058 viam
1835 2020 1996 2058 arbitra-

453 2084 552 2130 toris,
569 2082 771 2120 laudatoris
791 2087 826 2119 et
843 2081 1050 2118 amicabilis
1065 2080 1326 2132 compositoris
1341 2084 1554 2131 sequentes,
1568 2079 1741 2125 dicimus,
1757 2078 1994 2124 arbitramur,

453 2143 664 2187 laudamus,
684 2141 910 2186 diffinimus,
936 2140 1162 2178 arbitraliter
1184 2140 1473 2185 sententiamus,
1501 2139 1740 2184 mandamus,
1758 2138 1994 2184 ordinamus,

452 2201 703 2252 disponimus,
723 2200 1011 2251 pronuntiamus
1035 2199 1105 2236 bac
1121 2199 1202 2236 vice
1224 2203 1266 2236 ut
1288 2199 1386 2235 inter
1408 2198 1558 2235 eosdem
1583 2210 1686 2247 reges
1709 2197 1774 2234 fiat
1791 2201 1827 2234 et
1843 2197 1891 2234 sit
1908 2210 1996 2248 per-

453 2265 561 2310 petua
586 2263 621 2295 et
649 2258 792 2296 stabilis
814 2272 887 2309 pax
907 2263 943 2295 et
964 2258 1067 2309 quod
1093 2262 1242 2308 treugae
1259 2258 1316 2294 vel
1340 2257 1576 2295 sufferentiae
1597 2256 1828 2294 voluntariae
1850 2255 1995 2294 dudum

455 2319 632 2365 indictae,
654 2318 767 2354 initae
792 2331 834 2355 ac
861 2318 1028 2355 firmatae
1046 2317 1144 2355 inter
1161 2330 1223 2355 eos
1245 2330 1289 2354 eo
1315 2317 1428 2354 modo
1452 2320 1488 2353 et
1517 2318 1635 2353 forma
1659 2329 1702 2353 ac
1723 2315 1900 2353 omnibus
1921 2315 1994 2353 illis

456 2377 623 2428 personis
651 2381 686 2412 et
710 2376 832 2422 terris,
851 2381 887 2413 et
903 2376 974 2414 sub
999 2376 1072 2413 illis
1091 2376 1221 2427 poenis
1245 2381 1282 2413 et
1306 2375 1586 2422 conditionibus
1611 2379 1647 2412 et
1675 2374 1906 2425 temporibus
1921 2374 1994 2411 sub

457 2435 595 2487 quibus
609 2434 738 2481 dictae,
755 2434 866 2471 initae
880 2448 921 2471 ae
935 2435 1101 2471 firmatae
1115 2435 1262 2482 fuerint,
1277 2434 1519 2472 immobiliter
1531 2434 1792 2478 observentur,
1806 2432 1851 2469 ad
1867 2431 1995 2481 hujus-
