2184 3074
422 225 494 263 224
970 220 1132 258 CODEX
1159 219 1404 258 DUNENSIS.

1132 384 1253 422 CXLI.

502 484 661 531 lileclion
689 493 732 530 de
757 491 968 530 Guillaume
994 489 1304 539 Cordewaeqhen,
1332 502 1467 526 comme
1489 488 1574 525 abbe'
1596 488 1640 525 de
1662 488 1825 534 Tliosan,
1851 492 1958 538 apres

808 549 1039 587 l'abdication
1058 548 1101 585 de
1119 548 1330 586 Guillaume
1350 547 1394 584 de
1410 547 1578 584 Damnw.¹

479 744 666 782 Universis
689 747 897 794 praesentes
921 742 1059 779 litteras
1086 741 1309 792 inspecturis
1337 742 1466 778 fratres
1497 741 1681 779 Robertus
1706 741 1753 778 de
1780 741 1905 778 Laude
1929 746 1962 778 et

429 803 590 841 Jacobus
609 803 655 839 de
672 801 812 839 Bodelo
831 801 919 837 dicti
938 801 1089 837 abbates
1107 801 1262 837 salutem
1282 800 1319 837 in
1338 800 1502 837 Domino
1519 799 1793 850 sempiternam.

480 861 629 899 Noverit
642 860 862 897 universitas
881 864 1000 896 vestra
1018 859 1119 910 quod
1136 872 1221 896 cum
1238 872 1336 896 anno
1350 859 1502 896 Domini
1518 859 1676 896 M⁰CCC⁰
1678 887 1738 896 .....
1753 858 1842 896 feria
1861 857 1965 895 tertia

433 925 517 971 post
531 919 809 956 Penthecostem
825 917 1046 954 venerabilis
1061 923 1165 968 pater
1178 917 1353 954 dominus
1369 917 1484 954 abbas
1501 917 1548 954 de
1564 917 1685 954 Dunis
1703 917 1803 967 apud
1819 929 1968 954 monas-

433 976 567 1016 teri'um
587 979 632 1015 de
647 978 808 1027 Capella,
833 990 938 1014 suam
963 976 1095 1022 filiam,
1114 977 1220 1026 cujus
1240 977 1373 1014 honori
1393 981 1428 1014 et
1442 977 1523 1027 paci
1541 990 1610 1028 pro
1625 977 1768 1014 viribus
1788 976 1969 1013 institerat

434 1043 469 1073 et
484 1037 688 1081 studuerat,
705 1035 930 1072 incessanter
941 1047 1028 1071 casu
1042 1034 1259 1080 diverteret,
1274 1034 1448 1072 dominus
1462 1034 1523 1072 W.
1539 1035 1585 1072 de
1599 1035 1710 1082 Dam,
1729 1039 1818 1071 tunc
1829 1034 1967 1072 ibidem

383 1120 394 1135 x
435 1095 565 1139 abbas,
585 1094 704 1130 eidem
723 1093 919 1144 proposuit
935 1092 1038 1143 quod
1057 1106 1142 1129 cum
1161 1093 1285 1129 fructu
1304 1093 1477 1130 ecclesiae
1495 1106 1583 1130 suae
1603 1098 1700 1130 stare
1722 1106 1797 1130 non
1816 1097 1971 1143 poterat,

437 1166 504 1190 nec
518 1153 682 1198 volebat,
702 1152 860 1197 malens,
879 1155 921 1187 ut
934 1151 1146 1201 putabatur,
1165 1151 1273 1188 saluti
1289 1150 1480 1187 intendere
1498 1151 1670 1201 propriae
1687 1164 1801 1201 quam
1818 1150 1970 1196 honori,

437 1213 616 1249 instanter
634 1216 670 1248 et
687 1211 879 1247 humiliter
897 1210 1099 1261 postulavit
1116 1214 1157 1246 ut
1177 1210 1298 1247 dictus
1321 1210 1496 1247 dominus
1520 1208 1635 1247 abbas
1658 1210 1704 1246 de
1727 1209 1849 1247 Dunis
1867 1222 1971 1247 suam

437 1271 639 1308 cessionem
664 1270 843 1320 reciperet
865 1274 900 1306 et
924 1270 1046 1320 ipsum
1065 1269 1272 1306 absolveret
1293 1283 1312 1306 a
1337 1270 1517 1319 regimine
1534 1269 1722 1315 abbatiae,
1740 1268 1843 1320 quod
1862 1269 1972 1306 etiam

440 1329 543 1379 prius
562 1328 643 1365 aliis
661 1328 829 1378 personis
855 1328 998 1365 ordinis
1021 1326 1250 1376 judicaverat
1273 1333 1308 1364 ct
1329 1328 1602 1378 supplicaverat
1628 1327 1732 1364 dicto
1752 1327 1906 1364 domino
1928 1326 1974 1364 de

439 1387 559 1424 Dunis
584 1387 742 1437 proponi
767 1391 802 1423 et
830 1387 975 1437 suggeri
998 1400 1065 1437 per
1081 1387 1240 1424 easdem.
1267 1386 1339 1434 Qui
1360 1386 1535 1423 dominus
1553 1385 1739 1423 Dunensis
1758 1385 1974 1435 hujusmodi

441 1446 679 1496 postulationi
705 1459 792 1482 suae
817 1459 893 1482 non
921 1446 1123 1483 assentiens
1148 1446 1295 1482 monuit
1315 1450 1351 1482 et
1375 1446 1536 1496 henigne
1561 1445 1704 1496 rogavit
1726 1445 1898 1481 eumdem
1933 1458 1975 1481 ac

441 1506 645 1556 plurimum
664 1509 718 1541 est
736 1504 902 1541 hortatus
916 1505 1019 1554 quod
1038 1505 1108 1541 tale
1126 1505 1358 1555 propositum
1379 1504 1562 1542 desereret
1586 1509 1621 1540 et
1647 1504 1882 1541 commissam
1903 1503 1975 1541 sibi

440 1563 629 1600 ecclesiam
645 1562 877 1613 gubernaret.
897 1563 978 1613 lpse
991 1576 1078 1599 vero
1092 1563 1267 1600 dominus
1277 1563 1506 1607 Willelmus,
1523 1567 1613 1599 tunc
1626 1562 1740 1599 abbas
1755 1561 1801 1598 de
1814 1561 1976 1612 Capella,

441 1621 656 1671 hujusmodi
680 1621 951 1658 monitionibus
978 1627 1013 1658 et
1036 1621 1210 1672 precibus
1234 1621 1389 1658 minime
1412 1621 1665 1671 acquiescens,
1691 1620 1832 1657 dictum
1855 1619 1979 1659 domis-

468 1694 601 1718 num...
619 1708 626 1715 .
644 1709 651 1715 .
667 1709 674 1716 .
703 1680 917 1716 Dunensem
937 1693 1022 1716 cum
1043 1680 1279 1729 festinatione
1295 1680 1416 1717 Dunis
1434 1679 1670 1729 sequebatur,
1694 1683 1730 1716 et
1754 1678 1978 1729 importunis

440 1739 612 1789 precibus
629 1743 665 1775 et
684 1738 883 1784 instantiis,
903 1739 1103 1788 praemissa
1123 1743 1292 1789 repetens
1314 1738 1454 1775 ibidem
1473 1750 1596 1779 coram
1616 1737 1758 1787 priore,
1783 1737 1978 1787 suppriore

440 1802 475 1834 et
499 1796 705 1842 cellerario,
730 1810 825 1846 quae
842 1801 1086 1847 proposuerat
1106 1811 1125 1833 a
1151 1797 1250 1834 dicto
1270 1796 1424 1833 domino
1442 1795 1609 1833 Dunensi
1629 1794 1876 1832 incontinenti
1897 1794 1976 1831 fieri

445 1855 660 1906 postulavit,
689 1860 825 1892 etcum
855 1869 921 1892 nec
944 1861 1033 1892 tunc
1058 1856 1234 1892 dominus
1251 1856 1447 1892 Dunarum
1470 1858 1665 1899 annueret,
1691 1853 1755 1890 sed
1775 1857 1920 1903 rogaret
1938 1857 1979 1890 ut

447 1915 550 1964 prius
576 1913 621 1949 de
647 1913 779 1949 stando
805 1918 841 1950 et
862 1914 964 1964 quod
991 1927 1029 1950 se
1050 1927 1162 1964 super
1187 1927 1229 1950 eo
1262 1914 1457 1950 molestum
1488 1912 1643 1949 ulterius
1670 1924 1745 1948 non
1770 1911 1979 1962 praeberet,

446 1973 585 2009 addens
607 1971 709 2022 quod
728 1971 886 2008 libenter
902 1972 1049 2021 juvaret
1072 1972 1243 2009 eumdem
1266 1977 1302 2009 et
1324 1972 1508 2009 assisteret
1531 1970 1686 2008 consilio
1713 1975 1748 2006 et
1772 1969 1915 2006 auxilio
1939 1969 1979 2008 in

446 2030 621 2068 omnibus
635 2035 821 2079 oportuno
833 2059 842 2076 ,
860 2030 1052 2080 respondit
1070 2044 1108 2067 se
1126 2031 1164 2066 in
1183 2035 1354 2080 suscepto
1373 2030 1495 2067 officio
1513 2042 1581 2079 pro
1595 2028 1721 2079 aliquo
1739 2028 1840 2065 bono
1858 2031 1979 2066 creato

447 2090 586 2126 diutius
602 2102 676 2126 non
692 2102 925 2136 mansurum,
940 2089 1036 2126 sicut
1049 2090 1159 2126 etiam
1174 2104 1239 2140 per
1253 2091 1390 2127 litteras
1404 2090 1589 2126 dictorum
1604 2087 1739 2138 prioris
1752 2092 1787 2124 et
1800 2086 1979 2124 cellerarii

448 2149 586 2185 fuimus
604 2148 751 2197 plenius
770 2148 970 2185 informati.
997 2150 1080 2197 Quo
1099 2149 1193 2194 viso,
1221 2149 1341 2186 dictus
1363 2148 1538 2185 dominus
1566 2147 1681 2184 abbas
1705 2146 1751 2182 de
1772 2145 1908 2190 Dunis,
1935 2157 1980 2181 ne

446 2205 597 2243 ecclesia
615 2205 661 2241 de
680 2206 846 2256 Capella,
872 2220 967 2257 quae
994 2207 1032 2243 in
1058 2207 1315 2257 spiritualibus
1337 2211 1372 2243 et
1400 2205 1666 2256 temporalibus
1684 2204 1826 2254 dilapsa
1843 2204 1980 2249 suerat,

446 2263 686 2300 ulterioribus
711 2264 916 2314 dispendiis
935 2271 970 2302 et
987 2266 1292 2303 tribulationibus
1310 2269 1536 2316 gravaretur,
1562 2276 1629 2301 nos
1656 2263 1702 2300 de
1728 2261 1855 2299 Laude
1880 2265 1915 2297 et
1935 2261 1981 2298 de

450 2321 588 2358 Bodelo
612 2322 818 2371 praedictos
844 2323 995 2361 abbates
1020 2324 1228 2362 affectuosis
1248 2324 1422 2375 precibus
1446 2321 1679 2367 convocavit,
1701 2320 1928 2357 voluntatem
1947 2323 1981 2356 et
