2184 3074
457 332 505 369 74
1004 327 1166 365 CODEX
1191 326 1436 364 DUNENSIS.

455 446 795 483 excommunicatos
809 444 874 494 qui
890 444 1024 494 expelli
1038 443 1176 480 debent
1189 443 1394 480 secundum
1410 443 1568 480 formam
1582 443 1767 494 privilegii
1778 444 1990 495 quinimmo

455 505 579 556 quoad
598 518 674 542 non
695 503 911 540 interdictos
929 507 965 539 et
982 501 1333 539 excommunicatos.

502 561 821 611 Quarto-decimo,
840 560 1032 610 quaeritur
1053 573 1100 597 an
1123 559 1346 610 privilegiati
1368 560 1479 596 etiam
1503 572 1579 596 non
1601 563 1787 598 servantes
1813 561 1991 599 interdic-

456 625 533 658 tum
554 624 709 671 possunt
730 632 814 655 cum
839 618 1038 668 praedictis
1065 618 1241 655 fratribus
1268 617 1453 654 celebrare
1479 617 1617 654 divina.
1643 618 1690 655 Et
1712 622 1768 655 est
1789 618 1991 656 dicendum

457 679 558 729 quod
573 677 794 728 privilegiati
811 677 877 726 qui
893 690 968 714 non
983 681 1131 713 servant
1145 676 1401 722 interdictum,
1414 676 1512 712 'sicut
1525 689 1601 713 non
1615 680 1789 714 tenentur
1800 690 1846 714 ex
1860 689 1990 714 eorum

456 737 667 788 privilegio,
685 739 842 786 possunt
859 735 1043 771 celebrare
1062 735 1162 784 apud
1181 735 1311 771 fratres
1328 734 1555 784 praedictos,
1570 735 1750 786 quoniam
1774 735 1878 772 locus
1900 735 1992 772 isto-

455 808 538 833 rum
554 795 708 830 fratrum
726 806 800 829 non
815 797 869 829 est
882 792 1100 829 interdictus
1115 796 1151 829 et
1168 806 1187 829 a
1206 792 1386 829 sententia
1406 792 1592 830 interdicti
1609 792 1823 830 defenditur
1839 798 1992 844 propter

455 852 692 904 privilegium
712 850 987 901 supradictum,
1007 855 1042 887 et
1059 851 1098 887 in
1117 864 1160 888 eo
1180 855 1338 902 possunt
1357 851 1487 888 fratres
1505 864 1590 888 cum
1609 864 1686 888 non
1705 851 1912 889 interdictis
1925 864 1994 890 nec

455 909 784 948 excommunicatis
799 909 1000 955 celebrare,
1014 914 1056 946 ut
1072 923 1184 960 supra
1199 910 1456 960 praemissum.
1477 910 1515 947 Si
1535 914 1658 947 autem
1677 909 1894 960 hujusmodi
1912 910 1993 961 pri·-

454 969 615 1020 vilegiati
630 969 872 1005 abuterentur
885 968 1081 1019 privilegio
1095 982 1163 1006 suo
1178 973 1214 1005 et
1226 968 1415 1006 abutendo
1431 973 1620 1006 servarent
1632 969 1888 1016 interdictum,
1902 973 1993 1007 tunc

454 1029 543 1079 quia
562 1028 722 1064 facerent
739 1030 866 1063 contra
886 1026 1125 1063 interdictum
1144 1031 1180 1064 et
1196 1027 1291 1063 illud
1312 1027 1513 1073 violarent,
1532 1030 1621 1064 tunc
1639 1026 1874 1064 efficerentur
1896 1027 1991 1066 irre-

453 1087 598 1138 gulares
616 1091 651 1122 et
668 1085 855 1136 suspensi,
879 1089 914 1122 et
932 1085 1151 1122 sententiam
1176 1085 1572 1123 excommunicationis
1595 1085 1634 1122 in
1656 1099 1832 1136 processu
1853 1099 1990 1136 exepu-

454 1145 565 1182 tionis
585 1145 694 1180 latam
721 1147 848 1180 contra
874 1155 951 1179 non
975 1147 1162 1180 servantes
1180 1143 1419 1180 interdictum
1445 1143 1699 1190 incurrerent,
1725 1147 1762 1180 et
1785 1148 1875 1181 tunc
1900 1144 1990 1182 tales

452 1203 674 1255 privilegiati
690 1215 766 1239 non
780 1206 932 1253 possent
949 1203 1135 1240 celebrare
1152 1203 1251 1253 apud
1271 1203 1400 1239 fratres
1418 1202 1637 1253 praedictos.
1656 1202 1806 1240 Certum
1821 1207 1876 1240 est
1889 1203 1989 1240 enim

452 1262 555 1313 quod
577 1261 767 1311 suspensi,
789 1261 1009 1311 irregulares
1039 1265 1075 1298 et
1104 1261 1416 1298 excommunicati
1448 1274 1524 1298 non
1550 1265 1709 1311 possunt
1737 1261 1926 1299 celebrare
1949 1261 1990 1298 in

452 1321 534 1358 loco
550 1325 886 1371 quantumcunque
903 1320 1137 1371 privilegiato
1154 1334 1219 1357 seu
1238 1333 1313 1357 non
1333 1320 1543 1357 interdicto.

500 1379 820 1428 Quinto-decimo,
834 1379 1027 1429 quaeritur
1039 1383 1166 1416 utrum
1181 1379 1310 1416 fratres
1326 1378 1599 1429 praedicatores
1617 1382 1654 1415 et
1666 1378 1829 1415 minores
1843 1383 1992 1416 servent

452 1438 690 1475 interdictum
710 1438 929 1488 generaliter
946 1439 1132 1489 prolatum
1154 1438 1192 1475 in
1217 1443 1311 1476 terra
1333 1438 1478 1475 domini
1497 1437 1643 1475 comitis
1664 1442 1701 1475 et
1713 1437 1793 1487 ejus
1810 1438 1991 1487 jurisdic-

452 1498 544 1535 tioni
564 1498 789 1547 subjectam,
808 1502 844 1534 et
869 1511 916 1534 an
943 1498 1214 1548 praedicatores
1232 1502 1268 1535 et
1294 1497 1458 1535 minores
1483 1497 1648 1534 volentes
1675 1496 1862 1534 celebrare
1888 1496 1989 1547 apud

452 1556 660 1607 praedictos
679 1556 808 1592 fratres
830 1556 990 1593 debeant
1006 1556 1152 1593 admitti
1173 1570 1240 1607 per
1262 1569 1334 1594 eos.
1361 1556 1406 1592 Et
1427 1559 1482 1593 est
1503 1554 1706 1592 dicendum
1724 1554 1827 1605 quod
1850 1554 1897 1590 ad
1920 1553 1990 1591 ista

452 1627 528 1651 non
551 1618 675 1665 posset
699 1615 934 1665 responderi,
961 1615 1032 1653 nisi
1056 1615 1245 1653 videretur
1270 1615 1508 1666 privilegium
1534 1614 1810 1664 praedictorum
1833 1614 1989 1650 fratrum

450 1673 747 1724 praedicatorum
767 1678 802 1711 et
820 1674 1020 1712 minorum.
1037 1675 1110 1726 lpsi
1125 1675 1311 1726 siquidem
1326 1674 1598 1726 praedicatores
1613 1677 1649 1710 et
1662 1673 1824 1710 minores
1840 1676 1991 1723 possent

451 1732 587 1769 habere
606 1733 691 1769 talia
710 1732 902 1782 privilegia
922 1734 1024 1784 quod
1044 1734 1208 1771 volentes
1226 1733 1413 1770 celebrare
1429 1732 1530 1783 apud
1548 1730 1757 1782 praedictos
1776 1730 1906 1768 fratres
1923 1728 1990 1767 de-

450 1791 581 1828 berent
596 1791 759 1837 admitti,
782 1795 817 1828 et
834 1791 920 1828 talia
939 1792 1042 1842 quod
1060 1799 1136 1829 non
1155 1792 1334 1829 deberent
1351 1791 1509 1827 admitti.
1539 1800 1542 1803 “

499 1849 793 1896 Sexto-decimo,
811 1850 1003 1900 quaeritur
1020 1863 1067 1887 an
1088 1855 1254 1901 tempore
1273 1849 1454 1900 generalis
1476 1847 1664 1902 interdicti
1689 1846 1834 1897 possint
1859 1845 1990 1884 indul-

449 1908 594 1958 gentiae
608 1908 687 1945 dari
701 1908 937 1945 venientibus
951 1909 998 1945 ad
1012 1909 1241 1945 audiendum
1255 1908 1412 1945 verbum
1427 1907 1506 1945 Dei.
1527 1907 1573 1944 Et
1594 1910 1648 1943 est
1665 1905 1867 1942 dicendum
1887 1905 1988 1956 quod

450 1967 513 2004 sic.
532 1967 625 2004 Cum
644 1967 743 2003 enim
762 1967 987 2017 praedicatio
1010 1967 1114 2004 verbi
1142 1967 1208 2003 Dei
1235 1967 1283 2004 sit
1307 1970 1521 2016 exceptuata
1547 1969 1583 2002 et
1608 1964 1787 2015 permissa
1824 1968 1991 2015 tempore

452 2025 632 2074 generalis
654 2024 859 2071 interdicti,
876 2029 919 2062 ut
932 2025 1073 2062 dictum
1090 2029 1157 2072 est,
1172 2038 1239 2075 per
1251 2037 1482 2075 consequens
1496 2028 1533 2061 et
1545 2023 1626 2073 ejus
1639 2023 1885 2060 accessorium
1901 2023 1991 2060 tales

454 2083 707 2134 indulgentiae
724 2084 804 2121 dari
826 2088 984 2134 possunt
1004 2088 1040 2121 et
1061 2084 1140 2121 dari
1162 2084 1450 2134 permittuntur,
1469 2095 1556 2120 nam
1575 2086 1662 2119 sunt
1679 2082 1785 2132 quasi
1803 2094 1989 2128 connexa,

454 2142 555 2179 unde
570 2142 673 2193 quod
688 2142 734 2179 de
752 2156 829 2180 uno
847 2143 1087 2194 permittitur,
1105 2143 1152 2180 de
1173 2143 1246 2180 alio
1263 2142 1486 2193 permissum
1505 2141 1670 2187 videtur,
1687 2145 1724 2178 et
1743 2140 1989 2178 accessorium

454 2201 606 2238 sortitur
623 2206 792 2239 naturam
814 2200 1044 2254 principalis.

504 2258 854 2309 Septimo-decimO,
873 2261 1068 2312 quaeritur
1082 2274 1129 2299 an
1147 2261 1354 2298 sacerdotes
1372 2265 1407 2297 et
1425 2259 1548 2297 clerici
1568 2259 1750 2296 seculares
1772 2271 1849 2296 non
1870 2258 1990 2307 privi-

456 2316 578 2368 legiati
604 2321 640 2354 et
665 2323 850 2357 servantes
876 2320 1116 2357 interdictum
1143 2320 1288 2370 possint
1311 2318 1412 2369 apud
1438 2317 1646 2369 praedictos
1666 2317 1804 2366 legere,
1825 2320 1988 2362 cantare,

456 2375 585 2412 audire
605 2379 640 2412 et
655 2375 841 2413 celebrare
858 2377 1004 2425 divina,
1023 2382 1060 2415 et
1076 2378 1186 2415 etiam
1204 2377 1338 2428 eligere
1357 2377 1608 2427 sepulturam,
1627 2379 1663 2412 et
1680 2387 1728 2412 an
1745 2373 1835 2411 dicti
1859 2375 1989 2412 fratres

456 2433 600 2485 possint
613 2434 703 2471 tales
717 2434 880 2485 recipere
893 2436 940 2472 ad
957 2437 1186 2486 sepulturam
1202 2449 1287 2473 cum
1301 2433 1639 2486 sollempnitatibus
1656 2432 1855 2470 consuetis.
1872 2432 1919 2470 Et
1935 2436 1990 2470 est
