2184 3074
437 371 484 406 (5⁰.)
981 365 1142 403 CODEX
1169 367 1415 404 DUNENSIS.

436 486 550 523 sative
570 484 835 522 nichilominus
854 483 1091 520 concedendo
1111 487 1152 519 ut
1169 484 1463 533 praeposituram
1482 484 1648 520 eamdem
1669 498 1744 522 una
1761 499 1846 523 cum
1862 500 1969 537 prae-

437 544 601 595 posit-ura
626 543 671 579 de
697 542 937 591 Massengoyo
965 554 1078 591 quam
1104 541 1141 577 in
1169 541 1320 578 ecclesia
1342 542 1557 579 Carnotensi
1582 546 1618 578 et
1635 543 1856 592 praebendis
1877 557 1970 595 quas

437 604 474 640 in
499 603 626 640 eadem
646 600 881 646 Carnotensi,
900 599 1144 645 Novionensi,
1163 599 1403 636 Ambianensi
1428 600 1612 646 ecclesiis,
1630 605 1666 636 et
1691 602 1986 640 canonicatibus

435 675 527 713 quas
545 661 583 697 in
602 659 798 710 praedictis
826 658 988 695 ecclesiis
1007 658 1172 702 obtines,
1192 658 1310 708 possis
1329 658 1428 695 licite
1446 659 1620 704 retinere,
1640 672 1716 696 non
1735 659 1971 697 obstantibus

436 718 763 757 constitutionibus
784 717 931 753 concilii
950 716 1147 766 generalis,
1167 721 1232 753 aut
1249 717 1279 753 si
1299 717 1414 767 aliqui
1434 730 1546 766 super
1562 717 1776 767 provisione
1803 718 1970 755 facienda

435 779 505 817 sibi
525 778 571 814 de
588 780 787 827 personatu
806 775 861 811 vel
882 775 1060 825 dignitate
1078 788 1143 812 seu
1162 775 1372 825 praebenda
1390 776 1447 812 vel
1467 776 1548 812 aliis
1566 768 1756 813 beneficiis
1779 777 1817 813 in
1842 777 1969 814 eadem

435 836 584 873 ecclesia
614 833 795 884 Brugensi
821 833 1038 883 specialiter,
1064 837 1128 869 aut
1152 833 1190 869 in
1215 833 1287 870 illis
1310 833 1479 883 partibus
1504 834 1725 884 generaliter
1746 839 1889 872 nostras
1911 835 1969 871 vel

434 884 758 945 praedecessorum
776 896 988 928 nostrorum
1010 892 1263 928 Romanorum
1283 892 1522 942 pontificum,
1537 892 1593 928 vel
1613 892 1718 929 Sedis
1736 892 1970 942 Apostolicae

435 954 653 1003 legatorum,
673 950 742 987 sub
766 949 896 1000 quavis
924 950 1059 994 forma,
1085 949 1222 986 litteras
1250 950 1512 1000 impetrarunt,
1530 950 1670 1000 quibus
1690 954 1724 986 te
1742 950 1780 986 in
1803 950 1969 1000 ipsorum

435 1010 673 1047 canonicatus
696 1013 731 1044 et
752 1008 1028 1058 praepositurae
1053 1008 1253 1058 Brugensis
1275 1009 1503 1045 assecutione
1526 1008 1703 1058 praeferri
1729 1009 1903 1045 volumus
1924 1008 1971 1045 de

433 1069 548 1120 gratia
567 1067 734 1118 speciali,
754 1066 818 1103 sed
837 1066 960 1116 quoad
979 1066 1246 1103 assecutionem
1266 1066 1427 1103 aliorum⁴
1443 1071 1709 1116 personatuum
1732 1067 1788 1102 vel
1807 1066 1971 1116 dignita-

435 1134 506 1164 tem
539 1125 835 1177 praebendarum
870 1130 934 1161 aut
967 1125 1233 1161 beneficiorum
1265 1125 1596 1162 ecclesiasticorum
1628 1125 1773 1161 nullum
1805 1138 1872 1175 per
1898 1125 1970 1162 hoc

433 1186 705 1239 praejudicium
719 1185 885 1235 generari
900 1185 1091 1231 volumus,
1111 1189 1174 1235 aut
1193 1185 1406 1236 earumdem
1426 1185 1663 1222 ecclesiarum
1686 1185 1970 1238 consuetudini-

433 1247 504 1283 bus
531 1249 566 1281 et
591 1244 652 1280 illa
679 1243 870 1294 potissime
896 1257 992 1294 quae
1019 1243 1057 1280 in
1088 1244 1270 1293 Brugensi
1301 1243 1452 1280 ecclesia
1480 1243 1618 1280 dicitur
1645 1243 1834 1280 observari
1864 1243 1969 1293 quod

433 1304 583 1341 habenti
603 1302 825 1340 beneficium
843 1302 932 1338 alibi
951 1315 1025 1338 non
1042 1306 1160 1351 potest
1177 1302 1293 1352 ipsius
1311 1302 1484 1339 ecclesiae
1502 1301 1760 1352 praepositura
1782 1301 1837 1338 vel
1858 1315 1967 1351 prae-

433 1363 554 1400 benda
582 1361 761 1406 conferri,
790 1361 846 1396 vel
874 1360 1017 1397 statutis
1049 1360 1242 1397 contrariis
1269 1359 1499 1409 juramento,
1518 1360 1846 1396 confirmationeve
1865 1359 1969 1397 Sedis

433 1421 667 1472 Apostolicae
690 1419 746 1456 vel
775 1432 1000 1469 quacunque
1027 1419 1200 1455 firmitate
1226 1419 1296 1455 alia
1324 1418 1522 1464 roboratis,
1553 1431 1618 1455 seu
1646 1419 1676 1455 si
1707 1418 1851 1455 dilectis
1882 1418 1970 1455 filiis

433 1481 573 1516 decano
596 1483 631 1514 et
654 1477 817 1527 capitulo
844 1477 1008 1526 ejusdem
1035 1477 1208 1513 ecclesiae
1235 1477 1434 1526 Brugensis
1460 1476 1709 1513 communiter
1734 1477 1792 1512 vel
1818 1476 1968 1513 divisim

433 1543 495 1575 aut
513 1537 702 1587 aliquibus
721 1536 802 1572 aliis
820 1549 839 1571 a
860 1535 953 1572 Sede
969 1535 1017 1572 sit
1036 1535 1240 1580 indultum,
1260 1535 1464 1584 eademque
1479 1535 1526 1571 ad
1545 1535 1794 1584 receptionem
1808 1535 1864 1571 vel
1880 1548 1970 1585 pro-

432 1596 612 1633 visionem
640 1594 797 1644 alicujus
823 1594 978 1630 minime
1002 1598 1213 1640 teneantur,
1238 1598 1273 1630 et
1296 1593 1341 1629 ad
1366 1593 1404 1629 id
1431 1593 1603 1643 compelli
1627 1605 1702 1629 non
1727 1593 1888 1642 possint,
1906 1597 1971 1630 aut

432 1654 534 1705 quod
558 1654 603 1690 de
629 1653 906 1703 personatibus,
925 1652 1183 1702 dignitatibus,
1211 1652 1433 1702 praebendis
1459 1652 1516 1688 vel
1532 1651 1733 1688 beneficiis
1760 1651 1806 1687 ad
1839 1664 1967 1688 eorum

433 1713 683 1758 collationem,
702 1711 934 1756 electionem,
954 1711 1287 1761 praesentationem
1303 1711 1359 1747 vel
1375 1710 1484 1747 aliam
1498 1709 1780 1760 dispositionem
1797 1714 1970 1760 spectanss·

433 1771 533 1807 tibus
553 1770 645 1806 nulli
664 1770 782 1806 valcat
801 1769 988 1819 provideri
1008 1782 1073 1819 per
1095 1769 1233 1806 litteras
1256 1769 1475 1819 apostolicas
1493 1782 1589 1818 quae
1606 1768 1652 1805 de
1671 1768 1817 1805 indulto
1837 1767 1970 1818 hujus-

434 1830 535 1866 modi
550 1830 696 1879 plenam
707 1858 715 1872 ,
730 1834 882 1875 certam,
898 1829 1181 1865 determinatam
1196 1833 1232 1864 et
1245 1841 1454 1878 expressam
1471 1841 1547 1865 non
1561 1828 1716 1864 fecerint
1730 1827 1972 1874 mentionem,

433 1893 468 1924 et
488 1887 656 1937 qualibet
675 1886 744 1922 alia
765 1887 949 1936 praefatae
969 1886 1065 1923 sedis
1087 1886 1317 1936 indulgentia
1338 1886 1499 1936 generali
1520 1886 1576 1922 vel
1598 1885 1747 1936 speciali
1767 1885 1971 1934 cujuscun-

433 1959 505 1996 que
522 1945 771 1982 continentiae
790 1945 846 1981 vel
867 1945 1004 1981 tenoris
1028 1945 1160 1981 existat
1185 1958 1252 1994 per
1280 1957 1391 1994 quem
1419 1948 1630 1994 praesenter
1656 1956 1732 1980 non
1759 1956 1970 1993 expressam

433 2005 489 2040 vel
507 2003 666 2040 totaliter
682 2016 756 2039 non
773 2003 947 2039 insertam
962 2003 1111 2040 effectus
1127 2003 1344 2052 hujusmodi
1361 2008 1506 2039 nostrae
1518 2002 1656 2053 gratiae
1670 2001 1843 2051 impediri
1854 2002 1972 2038 valeat

433 2061 717 2113 quomodolibet
733 2062 789 2097 vel
808 2061 947 2098 differri
967 2067 1002 2098 et
1019 2061 1065 2098 de
1083 2074 1158 2111 quo
1176 2060 1359 2111 cujusque
1377 2065 1453 2098 toto
1469 2065 1596 2097 tenore
1611 2059 1658 2096 de
1677 2059 1792 2096 verbo
1815 2059 1862 2095 ad
1885 2072 1970 2096 ver-

434 2121 523 2157 bum
539 2121 576 2156 in
593 2120 727 2157 nostris
745 2120 875 2156 litteris
892 2119 1063 2157 habenda
1082 2120 1130 2156 sit
1147 2120 1287 2156 mentio
1306 2119 1492 2170 specialis,
1506 2131 1571 2158 seu
1593 2118 1696 2168 quod
1720 2118 1758 2153 in
1780 2117 1969 2167 praedicta

433 2179 647 2216 Carnotensi
666 2180 921 2228 praepositura
940 2179 986 2215 de
1004 2179 1244 2229 Massengoyo
1264 2182 1299 2215 et
1317 2179 1355 2214 in
1372 2178 1498 2214 eadem
1514 2189 1556 2214 ac
1569 2176 1773 2214 senonensi
1789 2180 1824 2212 et
1837 2176 1970 2213 Ambi-

433 2238 559 2274 anensi
596 2237 757 2273 ecclesiis
784 2237 1022 2273 canonicatus
1050 2241 1086 2273 et
1114 2236 1359 2287 praebendas,
1386 2236 1482 2273 sicut
1513 2235 1778 2286 praemittitur,
1808 2235 1969 2272 nosceris

433 2295 618 2340 obtinere,
641 2295 716 2331 sive
734 2295 833 2345 quod
853 2309 927 2332 non
945 2309 982 2332 es
999 2309 1172 2346 praesens
1190 2296 1236 2332 ad
1251 2295 1515 2346 praestandum
1535 2294 1581 2342 de
1599 2292 1839 2330 observandis
1853 2296 1971 2329 statu-

434 2354 479 2390 tis
499 2357 534 2389 et
552 2353 884 2390 consuetudinibus
908 2354 1073 2403 ejusdem
1099 2354 1272 2391 eeclesiae
1293 2353 1494 2403 Brugensis
1521 2353 1672 2389 solitum
1693 2351 1968 2401 juramentum,

435 2411 638 2448 dummodo
654 2411 691 2447 in
706 2411 871 2448 absentia
886 2417 947 2449 tua
965 2426 1030 2462 per
1043 2417 1320 2463 procuratorem
1335 2412 1545 2462 ydoneum,
1564 2415 1700 2447 etcum
1715 2409 1761 2446 ad
1775 2409 1966 2445 ecclesiam

435 2469 552 2521 ipsam
572 2470 782 2519 perveneris
797 2470 904 2519 juxta
923 2470 1040 2521 ipsius
1056 2471 1229 2527 ecclesiae
1245 2470 1486 2521 corporaliter
1504 2469 1597 2506 illud
1621 2472 1800 2519 praestes,
1815 2467 1965 2517 proviso
