2184 3074
474 304 546 341 428
1023 299 1184 337 CODEX
1210 298 1459 336 DUNENSlS.

474 433 492 456 a
512 425 678 470 tempore
696 421 836 454 vestrae
852 414 1069 452 monitionis
1083 414 1154 451 sibi
1173 414 1288 450 factae
1305 412 1431 450 dicant
1447 413 1504 450 vel
1522 414 1704 460 revelent,
1721 418 1759 451 et
1772 415 1867 452 trina
1881 415 2005 452 moni-

475 480 575 516 tione
593 476 792 529 praemissa
805 476 844 512 in
863 474 1015 511 instanti
1034 472 1193 510 reddant
1205 477 1241 509 et
1253 471 1464 518 restituant,
1486 474 1685 523 postquam
1702 485 1878 523 praesens
1897 486 2004 510 man-

475 538 602 574 datum
621 549 641 572 a
659 535 766 572 vobis
785 534 895 570 fuerit
921 532 1131 569 nuntiatum
1145 560 1154 578 ,
1179 530 1348 581 alioquin
1370 531 1471 581 ipsos
1495 543 1590 581 quos
1609 535 1762 582 propter
1783 530 1857 568 hoo
1875 531 1915 568 in
1933 531 2005 570 hiis

475 594 621 646 scriptis
646 591 1012 636 excommunicamus
1033 589 1210 627 nuntietis
1229 589 1379 640 publice
1401 593 1437 626 et
1459 589 1730 640 sollempniter,
1757 589 1898 627 nullam
1922 594 2008 627 sen-

476 653 628 691 tentiam
647 650 846 688 relaxaturi
869 649 986 686 donec
1008 648 1110 685 aliud
1134 661 1154 685 a
1174 647 1283 685 nobis
1308 647 1518 698 receperitis
1539 647 1579 684 in
1602 648 1796 686 mandatis.
1813 648 2003 686 Praeterea

476 711 648 762 quotiens
663 723 684 746 a
698 709 813 746 latore
830 707 1080 757 praesentium
1099 705 1242 742 fueritis
1263 705 1452 756 requisiti,
1471 705 1589 743 citetis
1606 707 1853 757 peremptorie
1868 710 1904 743 et
1922 720 2009 758 per-

477 768 652 809 sonaliter
674 779 797 804 coram
820 765 928 802 nobis
959 764 1093 802 Furnis
1124 777 1253 801 omnes
1283 763 1367 800 illos
1392 776 1487 814 quos
1510 764 1605 801 lator
1625 764 1873 815 praesentium
1896 764 2003 802 vobis

478 825 744 870 nominaverit,
766 824 812 860 ad
839 827 957 860 certos
982 823 1079 869 dies,
1105 822 1152 859 de
1173 822 1306 859 diebus
1332 826 1368 858 et
1392 821 1608 860 nominibus
1629 822 1825 859 citatorum
1849 835 1915 860 nos
1942 827 2012 873 per

478 889 614 922 vestras
634 884 771 920 litteras
793 882 1047 919 certificantes.
1067 881 1187 931 Super
1205 880 1352 930 injuriis
1371 880 1508 918 eisdem
1527 880 1726 931 religiosis,
1743 881 1918 918 membris
1936 881 2008 918 sibi

479 943 654 993 subjectis
676 942 733 979 vel
754 941 971 978 hominibus
998 940 1074 977 suis
1093 939 1204 976 illatis
1222 944 1349 976 contra
1370 943 1535 976 tenorem
1557 939 1832 990 praedictorum
1855 939 2009 990 privile—

479 1002 626 1052 giorum
647 1012 821 1050 responsa
841 999 1002 1035 facturos
1020 1002 1056 1034 et
1075 1002 1286 1048 recepturos
1303 997 1406 1048 quod
1424 997 1516 1034 ordo
1534 997 1728 1034 dictaverit
1744 997 1917 1044 rationis,
1936 1009 2014 1049 non

481 1061 650 1097 obstante
676 1058 778 1109 quod
803 1057 909 1094 vobis
932 1057 1117 1093 dictorum
1151 1056 1430 1107 privilegiorum
1460 1056 1732 1093 commissionis
1763 1057 1908 1107 copiam
1935 1060 2015 1093 non'

482 1118 662 1155 mittimus
674 1145 683 1162 ,
701 1116 790 1166 quia
809 1120 960 1166 propter
978 1114 1122 1151 viarum
1141 1114 1305 1165 pericula
1323 1119 1359 1151 et
1375 1114 1590 1161 discrimen,
1609 1115 1852 1166 locorumque
1867 1114 2011 1151 distan-

482 1177 570 1213 tiam
585 1189 659 1212 non
675 1174 953 1220 consuevimus,
971 1186 1039 1209 nec
1057 1173 1255 1218 audemus3
1273 1172 1336 1210 sed
1354 1172 1523 1223 partibus
1545 1185 1669 1209 coram
1687 1172 1796 1209 nobis
1814 1173 1854 1209 in
1867 1172 2016 1222 judicio

482 1234 782 1284 comparentibus
812 1233 957 1283 copiam
989 1231 1067 1268 fieri
1094 1231 1288 1278 faciemus,
1315 1231 1362 1268 de
1386 1244 1548 1282 quorum
1573 1236 1700 1268 tenore
1728 1231 2011 1282 privilegiorum

486 1293 594 1330 nobis
612 1293 658 1329 de
673 1292 788 1328 verbo
808 1291 854 1328 ad
872 1291 1027 1327 verbum
1051 1291 1143 1327 sacta
1166 1290 1288 1327 extitit
1304 1290 1413 1340 plena
1434 1289 1536 1327 fides.
1563 1290 1743 1327 Dedimus
1761 1290 1870 1327 etiam
1894 1294 1930 1327 et
1946 1289 2015 1327 da-

485 1365 567 1388 mus
592 1351 696 1388 latori
724 1349 973 1400 praesentium
998 1349 1037 1386 in
1064 1349 1238 1386 mandato
1269 1353 1312 1385 ut
1337 1349 1416 1399 ipse
1446 1353 1615 1385 nostrum
1645 1348 1884 1394 mandatum,
1910 1348 2014 1385 inmo

484 1410 607 1447 verius
626 1409 870 1460 apostolicum
879 1438 888 1455 ,
902 1409 932 1445 si
947 1407 1121 1458 expedire
1134 1407 1288 1454 viderit,
1301 1411 1507 1458 exequatur
1517 1436 1526 1454 ,
1545 1411 1581 1444 et
1593 1420 1721 1444 omnes
1734 1419 1830 1457 quos
1844 1420 1890 1444 ex
1906 1419 2014 1443 man-

486 1470 571 1507 dato
586 1473 712 1506 nostro
726 1468 915 1519 praedicto
928 1471 1163 1504 contumaces
1176 1466 1359 1504 invenerit
1371 1470 1434 1503 aut
1446 1467 1623 1512 rebelles,
1642 1478 1767 1503 coram
1785 1465 1894 1502 nobis
1912 1465 2015 1511 citet,

488 1528 533 1564 de
551 1527 695 1564 dierum
715 1525 1026 1577 assignationibus
1047 1530 1083 1562 et
1099 1538 1341 1575 personarum
1362 1524 1577 1562 nominibus
1594 1523 1702 1561 nobis
1721 1523 1791 1561 sub
1810 1523 1932 1574 sigillo
1950 1536 2018 1560 suo

492 1586 549 1622 vel
567 1585 639 1622 alio
657 1585 865 1621 auctentico
885 1584 1069 1621 certificet.

1197 1695 1319 1709 *-

1173 1841 1342 1879 CCXCV.

730 1960 944 1997 Absolution
962 1959 1129 1997 accorde'e
1148 1973 1197 1996 au
1208 1960 1336 2009 preco!
1351 1959 1395 1996 de
1413 1958 1548 2009 l’eylise
1568 1939 1611 1996 de
1630 1959 1683 1996 W
1682 1965 1789 1996 auen.

546 2173 754 2211 Venerabili
772 2175 809 2211 in
830 2175 975 2212 Christo
993 2174 1087 2225 patri
1107 2174 1174 2211 Dei
1192 2174 1306 2224 gratia
1326 2174 1500 2224 episcopo
1518 2172 1717 2210 Morinensi
1743 2171 1800 2208 vel
1821 2171 1901 2220 ejus
1918 2170 2020 2206 vica-

496 2231 560 2268 riis
591 2231 628 2268 in
660 2233 917 2282 spiritualibus
948 2233 1060 2270 frater
1084 2233 1129 2270 M.
1159 2232 1392 2269 miseratione
1416 2231 1542 2268 divina
1567 2230 1780 2268 Portuensis
1807 2234 1843 2266 et
1868 2228 2021 2266 Sanctae

499 2289 654 2326 Rufinae
670 2291 885 2341 episcopus,
904 2291 1058 2327 salutem
1077 2295 1113 2327 et
1130 2291 1311 2328 sinceram
1330 2290 1367 2327 in
1387 2290 1549 2327 Domino
1567 2289 1766 2326 caritatem.

548 2348 602 2385 Ex
620 2354 723 2398 parte
742 2378 871 2386 ......
891 2349 1090 2400 praepositi
1109 2349 1282 2387 ecclesiae
1299 2348 1546 2395 watinensis,
1563 2347 1706 2384 ordinis
1727 2346 1850 2384 Sancti
1875 2345 2024 2395 Augus-

506 2405 588 2452 tini,
604 2410 744 2443 vestrae
762 2407 946 2456 dyocesis,
965 2408 1086 2445 oblata
1106 2408 1214 2445 nobis
1232 2407 1452 2457 supplicatio
1469 2406 1682 2443 continebat
1696 2404 1797 2455 quod
1815 2416 1900 2440 cum
1919 2402 2024 2450 olim,
