2184 3074
421 342 468 379 20
970 340 1133 378 CODEX
1160 340 1254 378 DUN
1260 339 1320 377 EN
1324 339 1401 377 SlS.

420 459 597 496 canonica
612 459 825 509 castigando
840 458 1068 508 puniendos,
1082 458 1178 494 sicut
1194 457 1303 494 fuerit
1316 462 1562 508 oportunum,
1585 459 1874 507 contradictores
1888 474 1956 511 per·

420 531 612 555 censuram
627 518 908 554 ecclesiasticam
922 517 1206 567 compescendo,
1224 530 1298 553 non
1318 517 1488 553 obstante
1505 517 1535 554 si
1554 517 1744 568 aliquibus
1759 519 1806 556 ab
1821 519 1951 557 eadem

420 577 506 613 sede
522 577 568 614 sit
583 577 770 614 indultum
790 577 892 626 quod
908 576 1222 613 excommunicari
1237 581 1300 613 aut
1316 576 1483 612 interdici
1498 590 1564 626 per
1579 578 1798 627 apostolicas
1817 578 1954 616 litteras

420 640 606 685 nequeant
620 636 675 671 vel
690 635 983 685 suspendi,quae
996 635 1043 671 de
1057 635 1202 671 indulto
1218 634 1433 682 hujusmodi
1448 647 1513 670 seu
1526 634 1790 672 constitutione
1799 636 1955 686 ejusque

420 699 547 731 tenore
564 694 610 730 de
623 694 738 730 verbo
757 694 803 730 ad
821 694 977 730 verbum
996 694 1143 743 plenam
1164 698 1200 729 et
1216 706 1426 743 expressam
1446 706 1520 730 non
1537 694 1691 731 fecerint
1707 695 1952 742 mentionem,

420 751 684 788 constitutione
701 752 810 788 etiam
830 752 877 788 de
894 751 1041 788 duabus
1060 751 1168 787 dietis
1187 764 1261 787 non
1278 751 1466 787 obstante:
1486 765 1553 788 nos
1569 753 1833 803 compatientes
1847 754 1955 792 Sanc-

419 814 476 845 tae
489 809 614 846 Matris
632 810 815 846 Ecclesiae
834 810 871 846 in
887 809 1116 860 praemissis,
1134 809 1289 846 scientes
1304 810 1505 859 praemissa
1523 823 1600 848 esse
1619 812 1763 849 notoria
1781 826 1823 849 ac
1842 813 1952 850 etiam

419 867 626 913 manifesta,
644 868 781 904 dictam
796 868 1021 905 abbatissam
1042 868 1094 904 sic
1112 868 1471 904 excommunicatam
1491 882 1510 905 a
1530 882 1671 907 canone
1690 883 1753 907 seu
1772 872 1956 909 constitu-

418 925 518 962 tione
536 926 722 976 praedieta
744 928 837 964 latae
857 927 1076 973 sententiae,
1102 927 1319 964 auctoritate
1345 928 1547 978 apostolica
1571 929 1679 966 nobis
1702 929 1786 983 data
1808 935 1844 967 et
1865 943 1958 968 con-

418 996 536 1029 cessa,
556 990 849 1034 perseverantem
874 985 912 1022 in
939 986 1074 1022 delicto
1101 986 1460 1022 excommunicatam
1485 986 1768 1034 denuntiamus,
1795 993 1837 1025 ut
1858 988 1955 1038 juris

419 1047 610 1088 executor,
629 1048 665 1080 et
687 1044 840 1080 fecimus
861 1044 1013 1094 publice
1037 1044 1219 1089 nuntiari,
1242 1044 1382 1080 nullam
1405 1045 1623 1082 sententiam
1651 1047 1955 1085 excommunica-

419 1100 530 1137 tionis
546 1101 583 1137 in
599 1101 734 1138 dictam
749 1102 972 1138 abbatissam
986 1115 1050 1139 seu
1066 1102 1251 1139 interdicti
1267 1103 1509 1152 proferentes,
1523 1104 1587 1140 sed
1601 1104 1721 1141 solum
1737 1105 1952 1143 mandatum

419 1164 454 1195 et
472 1159 773 1197 constitutionem
790 1161 886 1197 sedis
904 1161 1128 1211 apostolicae
1149 1166 1391 1211 exequentes,
1405 1161 1542 1199 dictam
1561 1162 1785 1201 abbatissam
1804 1177 1955 1202 excom-

419 1217 646 1253 municatam
665 1231 685 1254 a
703 1232 844 1255 canone
864 1219 1084 1256 nuntiando.

469 1274 603 1312 Verum
635 1289 720 1312 cum
747 1277 807 1323 E.,
834 1278 1076 1327 permissione
1097 1277 1224 1314 divina
1246 1277 1361 1314 abbas
1387 1278 1511 1314 Sancti
1537 1278 1706 1315 Nicholai
1733 1280 1954 1327 Furnensis,

419 1333 794 1373 praemonstratensis
818 1337 977 1381 ordinis,
998 1337 1218 1374 Morinensis
1243 1337 1430 1386 dyocesis,
1450 1351 1579 1387 gerens
1602 1351 1640 1374 se
1664 1352 1732 1389 pro
1758 1352 1956 1378 conserva-

420 1397 498 1429 tore
515 1393 795 1444 privilegiorum
816 1396 905 1433 viris
924 1397 1104 1447 religiosis
1124 1396 1248 1433 abbati
1269 1396 1519 1441 Cisterciensi,
1538 1397 1695 1447 ejusque
1712 1398 1956 1437 coabbatibus

420 1451 602 1488 universis
622 1466 641 1488 a
661 1453 754 1490 Sede
771 1455 983 1504 Apostolica
1004 1455 1255 1500 indultorum,
1275 1459 1315 1491 ut
1333 1454 1481 1500 dieitur,
1501 1454 1637 1492 limites
1655 1468 1742 1492 suae
1759 1469 1957 1494 conserva-

421 1508 532 1546 tionis
550 1515 586 1546 et
597 1511 693 1560 juris
711 1513 907 1556 excedens,
926 1514 954 1550 si
974 1527 1087 1564 quam
1109 1513 1257 1559 habeat,
1275 1512 1450 1563 ponendo
1469 1508 1598 1549 falcem
1618 1526 1722 1551 suam
1742 1514 1781 1551 in
1801 1528 1955 1553 messem

420 1567 598 1613 alienam,
617 1570 722 1619 quasi
743 1571 977 1608 consentiens
996 1572 1115 1608 eidem
1135 1571 1342 1608 abbatissae
1366 1571 1404 1607 in
1428 1571 1524 1607 sacto
1551 1572 1750 1621 reprobato
1775 1586 1795 1610 a
1813 1573 1899 1623 jure
1921 1579 1957 1611 et

421 1624 635 1676 dampnato,
656 1633 691 1664 et
708 1629 909 1666 defendens
927 1631 1093 1666 eamdem
1113 1630 1335 1667 abbatissam
1356 1629 1395 1666 in
1413 1642 1556 1675 errore,
1574 1631 1793 1669 sententiam
1811 1645 1957 1670 excom-

422 1684 683 1723 municationis
695 1687 804 1724 latam
818 1702 837 1724 a
852 1701 993 1725 canone
1006 1702 1070 1725 seu
1085 1688 1349 1725 constitutione
1364 1688 1564 1724 Alexandri
1580 1702 1697 1739 papae
1713 1690 1800 1727 lllI¹i
1814 1691 1957 1741 ratione

420 1743 706 1791 praemissorum
728 1746 764 1782 in
785 1747 920 1783 dictam
940 1748 1162 1784 abbatissam
1184 1747 1427 1797 impugnans,
1454 1747 1492 1783 in
1516 1747 1596 1797 ipso
1621 1753 1676 1785 est
1697 1752 1732 1785 et
1753 1749 1957 1799 reprobans

420 1800 557 1837 factum
576 1802 680 1839 Sedis
698 1804 942 1853 Apostolicae,
961 1806 1062 1856 quod
1082 1806 1178 1855 sapit
1192 1806 1352 1855 speciem
1370 1805 1524 1851 heresis,
1539 1818 1684 1843 necnon
1704 1807 1958 1845 denuntiatio-

424 1871 506 1895 nem
525 1873 636 1910 quam
656 1862 858 1900 feceramus
872 1869 908 1899 et
922 1864 999 1900 fieri
1014 1865 1321 1900 mandaveramus
1345 1864 1562 1901 auctoritate
1579 1864 1699 1901 dictae
1721 1867 1958 1904 constitutio-

423 1917 479 1954 nis
497 1925 532 1955 et
550 1924 728 1969 potestate
753 1923 861 1959 nobis
888 1924 1083 1960 commissa
1109 1928 1145 1960 et
1167 1936 1338 1960 concessa
1361 1923 1406 1959 de
1430 1923 1528 1959 dicta
1547 1923 1732 1961 abbatissa
1751 1925 1958 1963 nuntianda

423 1980 741 2017 excommunicata
772 1995 792 2018 a
822 1996 963 2019 canone
993 1997 1055 2020 seu
1086 1983 1351 2019 constitutione
1382 1982 1586 2032 praedicta,
1613 1996 1791 2032 spernens
1819 1984 1956 2021 dictam

424 2037 724 2075 constitutionem
745 2045 780 2076 et
797 2041 885 2078 alias
904 2042 1100 2078 canonicas
1118 2041 1343 2087 sanctiones,
1357 2055 1400 2077 ex
1420 2041 1579 2091 abrupto
1597 2046 1724 2078 contra
1738 2042 1835 2091 juris
1854 2043 1958 2080 ordi-

425 2107 507 2131 nem
524 2096 569 2132 ad
585 2094 798 2135 instantiam
813 2100 1063 2137 Cisterciensis
1082 2106 1117 2137 et
1135 2101 1292 2137 aliorum
1313 2100 1536 2136 coabbatum
1550 2100 1862 2147 cisterciensium,
1876 2101 1958 2139 dic-

425 2158 555 2203 taeque
578 2155 784 2193 abbatissae
807 2158 853 2194 de
873 2158 1047 2203 Vitriaco,
1069 2158 1300 2195 mandaverit
1318 2158 1495 2194 omnibus
1517 2158 1733 2205 abbatibus,
1751 2159 1957 2209 prioribus,

425 2211 714 2261 archidiaconis,
733 2217 939 2263 canonicis,
961 2217 1293 2267 archipresbyteris
1312 2221 1348 2253 et
1363 2216 1444 2252 aliis
1463 2216 1701 2253 ecclesiarum
1721 2218 1891 2267 praelatis
1909 2218 1956 2255 ad

426 2282 519 2318 quos
537 2283 624 2307 suae
642 2272 784 2310 litterae
800 2275 1054 2324 pervenerint,
1077 2275 1147 2312 sub
1172 2280 1293 2326 poena*
1315 2275 1569 2325 suspensionis
1596 2279 1631 2311 et
1655 2277 1958 2314 excommunica-

426 2327 536 2364 tionis
561 2329 724 2367 districte
745 2333 1007 2383 praecipiendo
1032 2339 1073 2370 ut
1094 2333 1337 2384 personaliter
1361 2333 1574 2370 accedentes
1600 2334 1647 2370 ad
1675 2347 1742 2371 nos
1764 2339 1958 2373 monerent

426 2398 493 2422 nos
511 2391 552 2422 ut
570 2387 664 2424 infra
683 2390 842 2439 spatium
862 2397 944 2428 octo
961 2393 1105 2429 dierum
1126 2393 1246 2442 palam
1267 2397 1302 2429 et
1321 2387 1469 2442 publice
1487 2392 1714 2442 praedictam
1732 2392 1954 2430 abbatissam

426 2458 492 2496 per
516 2447 816 2485 constitutionem
844 2451 1021 2500 praedicti
1049 2451 1250 2489 Alexandri
1277 2464 1394 2502 papae
1420 2451 1542 2501 quarti
1568 2463 1643 2487 non
1668 2450 1780 2488 fuisse
1806 2450 1954 2502 ligatam
