2184 3074
739 268 901 307 CODEX
927 269 1172 308 DUNENSlS.
1680 277 1723 312 17

185 386 402 433 ticentibus‚
422 386 521 437 ipsos
539 386 714 423 electores
737 390 968 437 reputantes,
993 390 1034 424 ut
1056 387 1274 432 debuimus,
1290 390 1536 440 ¹approbatos,
1559 391 1662 429 lectis
1685 396 1721 429 et

184 444 344 483 recitatis
358 444 654 482 deffinitionibus
668 458 763 495 quae
776 445 982 482 secundum
999 459 1139 483 moi-em
1154 447 1297 484 ordinis
1311 448 1356 484 ad
1374 448 1589 498 hujusmodi
1607 463 1722 499 nego-

183 503 277 541 tium
296 502 553 554 pertinebant,
570 503 650 540 vice
668 507 706 540 et
722 503 940 540 auctoritate
957 504 1097 554 quibus
1115 518 1246 555 supra,
1266 507 1503 544 oneravimus
1521 512 1557 544 et
1572 507 1723 557 adjura-

182 563 304 600 vimus
328 567 512 613 quatenus
537 563 574 599 in
598 562 675 600 suis
699 563 934 600 conscientiis
960 569 996 600 et
1019 564 1090 601 sub
1118 578 1269 601 suarum
1297 566 1463 615 periculo
1493 566 1719 611 animarum,

182 621 302 658 solum
334 621 453 658 Deum
486 620 664 657 habentes
692 634 780 671 prae
809 621 943 666 oculis,
972 622 1250 659 considerarent
1279 623 1487 669 meliorem,
1515 624 1718 671 utiliorem,

182 679 402 716 sanctiorem
426 683 463 716 et
486 692 552 729 per
574 692 702 729 quem,
731 683 772 715 ut
789 679 858 716 sibi
879 679 995 716 videri
1016 686 1176 730 poterat,
1195 682 1463 731 competentius
1482 683 1618 720 valeret
1636 697 1718 719 mo-

183 739 383 775 nasterium
411 737 448 774 in
475 737 734 788 spiritualibus
761 742 797 774 et
821 738 1088 788 temporalibus
1110 739 1327 789 gubernari,
1346 740 1448 777 etde
1473 740 1534 777 tali
1561 755 1605 777 ex
1632 746 1717 778 voto

181 796 324 834 vacanti
345 796 568 833 monasterio
588 796 838 847 providerent.

230 856 301 904 Qui
325 860 500 893 exeuntes
519 861 555 893 et
573 856 740 893 oratione
759 856 852 892 facta
871 856 915 893 ad
938 861 1077 907 partem
1106 856 1143 892 in
1169 857 1320 894 eeclesia
1341 858 1569 904 secedentes,
1588 863 1630 894 ut
1647 859 1715 895 viri

127 923 132 928 '
182 915 291 961 boni,
310 915 425 952 saneti
445 919 481 951 et
498 915 618 952 Deum
634 915 804 952 timentes
815 944 824 961 ,
839 915 885 952 de
900 915 1068 965 injuncto
1084 916 1154 952 sibi
1170 921 1374 966 coeperunt
1389 922 1543 953 tractare
1558 917 1717 967 negotio,

181 978 217 1011 et
234 986 298 1012 sua
318 973 476 1010 invicem
496 978 581 1010 vota
607 973 823 1024 diligentius
847 975 1104 1025 perquirentes
1130 975 1166 1011 in
1190 975 1386 1012 dominum
1414 975 1646 1012 willelmum
1672 976 1718 1013 de

182 1033 306 1078 Hulst,
327 1035 416 1069 tunc
434 1031 523 1068 dicti
545 1031 758 1068 monasterii
778 1032 1031 1083 suppriorem,
1050 1033 1172 1069 virum
1193 1033 1323 1083 utique
1342 1034 1471 1083 plenae
1496 1038 1531 1070 ct
1553 1040 1718 1071 maturae

180 1091 323 1137 aetatis,
344 1094 472 1141 utpote
490 1090 555 1140 qui
571 1090 647 1139 jam
669 1090 895 1127 tricesimum
915 1091 1042 1128 aetatis
1056 1105 1143 1128 suae
1158 1105 1296 1127 annum
1314 1092 1503 1141 transegit,
1519 1093 1717 1143 virumque

181 1163 326 1187 morum
346 1150 420 1186 vita
439 1154 475 1186 et
492 1149 700 1186 litterarum
720 1149 871 1186 scientia
893 1150 1023 1188 merito
1041 1151 1380 1187 commendandum
1392 1180 1401 1196 ,
1419 1164 1438 1187 a
1457 1165 1544 1188 suae
1561 1165 1717 1188 conver-

180 1208 332 1247 sationis
351 1207 559 1259 primordio
579 1208 696 1245 famae
715 1208 878 1259 integrae
895 1214 931 1246 et
950 1209 1123 1246 honestae
1142 1210 1179 1246 in
1203 1209 1460 1260 spiritualibus
1478 1215 1514 1246 et
1532 1215 1717 1260 tempora-

180 1267 278 1306 libus
297 1267 611 1317 circonspeetum,
630 1267 813 1304 valentem
832 1272 868 1304 et
891 1268 1066 1305 scientem
1086 1268 1143 1304 sui
1172 1268 1384 1305 monasterii
1403 1268 1489 1317 jura
1513 1269 1625 1315 tueri,
1651 1282 1716 1306 sua

179 1325 396 1363 direxerunt
412 1328 496 1361 vota
515 1324 743 1361 unanimiter
760 1330 795 1362 et
813 1325 936 1375 ipsum
957 1326 1244 1363 nominaverunt
1262 1331 1298 1363 et
1314 1327 1504 1377 elegerunt
1521 1326 1717 1364 concordi-

179 1389 234 1422 ter
251 1384 290 1421 in
307 1383 491 1420 abbatem.

228 1442 310 1490 Qua
328 1441 524 1487 electione,
546 1445 588 1479 ut
604 1441 848 1492 praedicitur,
869 1442 961 1479 fact-a
989 1447 1025 1479 et
1047 1443 1155 1479 nobis
1181 1443 1278 1480 vices
1299 1447 1388 1480 tunc
1406 1443 1549 1480 domini
1569 1444 1716 1481 Clarae-

180 1501 353 1540 vallensis
371 1500 550 1552 praedicti
565 1501 796 1552 gerentibus,
812 1507 852 1539 ut
869 1502 984 1541 moris
1002 1503 1142 1548 existit,
1163 1502 1199 1539 in
1219 1502 1351 1539 ordine
1367 1507 1610 1552 praesentata,
1628 1502 1715 1539 dili-

178 1559 278 1611 genti
305 1563 461 1597 tractatu
486 1559 716 1610 praehibito,
742 1560 851 1597 etiam
877 1565 1068 1610 praesente
1095 1565 1131 1597 et
1159 1561 1349 1598 assistente
1379 1560 1486 1597 nobis
1513 1560 1715 1597 venerabili

178 1622 282 1669 patre
299 1617 453 1655 domino
473 1617 684 1664 Willelmo,
704 1623 793 1655 tunc
811 1618 944 1655 abbate
962 1618 1008 1655 de
1026 1619 1172 1669 Capella
1188 1648 1196 1663 ,
1217 1619 1333 1669 ipsam
1361 1623 1435 1655 tam
1461 1632 1573 1669 super
1599 1620 1715 1656 l'orma

177 1688 290 1727 quam
314 1676 418 1713 electi
440 1688 596 1727 persona
615 1676 910 1713 examinavimus
927 1681 963 1713 et
985 1677 1244 1727 repperuimus
1260 1706 1268 1722 ,
1296 1677 1396 1714 unde
1423 1677 1716 1727 regratiabamur

178 1733 368 1771 Altissimo
386 1733 432 1770 de
450 1747 607 1784 persona
627 1735 786 1771 multum
805 1734 1011 1772 sufficiente
1028 1740 1064 1771 et
1081 1735 1227 1784 ydonea
1246 1749 1288 1772 ac
1309 1736 1423 1772 nostri
1443 1735 1589 1772 statutis
1613 1735 1717 1772 ordi-

178 1791 236 1828 nis
261 1796 510 1842 eongruente,
537 1797 650 1842 prout
673 1793 774 1830 nosci
799 1797 920 1843 potest
943 1793 1055 1830 homo
1079 1793 1251 1837 exterior,
1269 1794 1363 1830 bene
1381 1798 1417 1829 et
1435 1793 1597 1843 legitime
1620 1793 1716 1830 cele-

179 1849 334 1887 bratam.
352 1850 405 1887 Ex
425 1849 674 1896 habundanti,
689 1850 924 1901 singulorum
943 1864 1125 1888 consensu
1145 1851 1291 1901 plenius
1310 1851 1483 1901 indagato
1501 1856 1536 1887 et
1553 1851 1714 1894 invento,

179 1907 355 1945 omnibus
374 1908 683 1946 concurrentibus
701 1913 738 1946 et
755 1909 823 1946 rite
840 1910 996 1959 peractis
1010 1922 1106 1959 quae
1121 1910 1167 1946 ad
1183 1923 1305 1946 veram
1326 1909 1478 1945 liberam
1497 1909 1711 1946 electionem

179 1971 215 2004 et
226 1967 428 2017 legitimam
444 1967 848 2018 requirebanturjuxta
869 1969 984 2005 nostri
1003 1973 1136 2005 statuta
1156 1968 1298 2005 ordinis
1313 1981 1376 2005 seu
1397 1968 1534 2018 requiri
1553 1981 1713 2018 quomo-

179 2024 321 2062 dolibet
336 2025 576 2072 videbantur,
595 2026 711 2076 ipsam
731 2026 777 2063 de
794 2026 894 2063 dieto
907 2026 1060 2064 domino
1078 2027 1268 2063 Willelmo
1287 2027 1418 2063 saetam
1438 2026 1516 2063 vice
1533 2031 1568 2063 et
1584 2031 1713 2063 aucto-

180 2082 286 2119 ritate
299 2082 439 2133 quibus
451 2096 564 2134 supra
577 2084 866 2134 approbavimus
881 2089 916 2121 et
932 2084 1250 2130 confirmavimus,
1267 2089 1303 2120 et
1319 2084 1365 2120 ad
1384 2084 1587 2134 capitulum
1607 2084 1712 2121 rede-

179 2145 287 2178 untes
310 2153 394 2178 cum
412 2142 549 2191 gaudio
570 2142 845 2193 publicavimus
868 2143 906 2179 in
932 2143 1137 2182 communi.
1152 2156 1194 2179 ac
1209 2143 1331 2192 ipsum
1349 2142 1544 2179 dominum
1565 2143 1713 2180 Willel-

180 2210 300 2243 mum,
322 2198 493 2236 invocato
511 2200 662 2236 nomine
679 2200 832 2246 Christi,
851 2200 1126 2238 nominavimus
1143 2206 1178 2237 et
1196 2200 1520 2251 pronuntiavimus
1540 2201 1711 2238 abbatem

180 2256 392 2293 monasterii
417 2257 634 2307 praelibati,
664 2263 700 2295 et
725 2259 867 2308 hymno
902 2260 950 2296 Te
973 2260 1091 2296 Deum
1118 2259 1315 2296 laudamus
1338 2259 1529 2309 incoepto,
1556 2259 1712 2309 ipsoque

179 2313 333 2351 domino
358 2315 506 2362 abbate,
524 2321 567 2353 ut
583 2317 698 2354 moris
716 2322 786 2363 est,
804 2317 1005 2363 cantando,
1025 2318 1062 2354 in
1081 2317 1271 2354 ecclesiam
1291 2317 1403 2354 ducto
1418 2322 1453 2354 et
1470 2317 1654 2354 installato
1673 2318 1710 2354 in

179 2371 312 2419 choro,
328 2373 428 2411 dicto
445 2388 597 2425 quoque
613 2374 755 2425 hymno
768 2376 1022 2426 sollempniter
1037 2380 1260 2426 percantato,
1280 2388 1367 2412 mox
1381 2376 1533 2426 regressi
1549 2376 1594 2412 ad
1610 2376 1712 2426 capi-

1539 2435 1561 2470 3
