2184 3074
765 275 928 315 coDEx
952 275 1201 315 DUNENSlS.
1707 274 1747 312 ll

217 409 366 435 causam
383 396 629 447 praedictam,
649 394 866 446 quaestione
885 393 1072 444 praedicta
1098 405 1221 430 coram
1243 391 1351 429 nobis
1377 391 1581 442 pendente,
1599 390 1753 427 cuilibet

215 454 326 492 etiam
345 454 621 506 praedictorum
639 452 928 498 monachorum,
946 465 1032 489 cuin
1046 451 1125 489 dies
1146 451 1257 488 suerit
1277 451 1460 501 assignata
1477 450 1524 487 ad
1547 449 1753 500 proceden-

215 513 307 551 dum
329 513 368 551 in
387 513 536 564 negotio
554 511 782 564 quaestionis
800 510 1009 562 praedictae
1030 510 1260 561 personalem
1279 522 1408 547 eorum
1427 508 1671 559 praesentiam
1692 520 1752 544 re-

215 572 406 623 quirente,
425 585 445 610 a
465 577 628 624 tempore
649 570 791 608 itineris
815 571 951 621 arrepti
977 569 1150 607 veniendi
1172 569 1383 606 Tornacum
1408 568 1527 605 donec
1553 567 1599 604 ad
1626 567 1749 604 locum

215 630 382 681 ipsorum
397 631 536 668 fuerint
549 629 703 676 reversi,
721 629 801 666 sine
818 628 1053 666 fraudulenta
1073 640 1195 674 mora,
1214 627 1340 664 decem
1359 626 1498 664 solidos
1514 626 1749 663 Turonenses

213 701 281 740 pro
297 689 431 727 salario
449 689 670 727 venerabilis
687 688 757 726 viri
775 688 876 732 talis,
896 688 957 724 die
974 687 1176 737 cujuslibet
1195 685 1455 736 assignationis
1468 685 1595 722 decem
1610 682 1749 721 solidos

213 751 250 785 et
265 748 416 786 alterius
433 747 600 785 advocati
618 747 789 798 quinque
806 746 960 792 solidos,
979 750 1015 782 et
1036 744 1285 796 procuratoris
1307 743 1401 780 duos
1425 743 1564 780 solidos
1587 755 1656 792 pro
1678 753 1747 778 suo

212 806 346 844 salario
364 806 565 856 cujuslibet
581 805 840 857 assignationis
857 804 951 850 diei,
969 809 1006 841 et
1019 805 1136 840 forma
1151 802 1335 840 consimili
1356 815 1423 852 pro
1443 801 1602 838 termino
1619 814 1640 837 a
1659 804 1747 837 tem-

212 878 302 916 pore
320 865 426 903 datae
443 878 463 902 a
481 865 582 902 dicto
598 868 839 916 procuratore
857 862 1007 900 nomine
1024 875 1101 914 quo
1121 875 1231 913 supra
1251 866 1379 898 contra
1392 861 1511 898 dictos
1526 858 1745 907 monachos,

210 924 488 976 propositorum
506 923 674 961 custibus
692 927 728 959 et
746 921 917 973 expensis
934 921 1202 972 scripturarum
1216 925 1252 957 et
1265 919 1578 970 significationum
1594 918 1632 954 in
1645 917 1745 954 dicto

211 983 358 1034 negotio
377 981 607 1028 necessariis,
626 994 694 1032 pro
712 985 815 1032 parte
833 980 1017 1018 dictorum
1038 979 1307 1017 monachorum
1326 982 1362 1014 et
1378 978 1553 1019 aliorum„
1571 977 1601 1014 si
1621 977 1743 1013 forsan

209 1054 255 1080 ex
276 1054 385 1080 causa
407 1041 605 1079 sufficienti
623 1040 860 1086 emerserint,
876 1039 1061 1090 pendente
1079 1038 1294 1090 quaestione
1315 1037 1502 1088 praedicta
1523 1049 1636 1086 penes
1660 1047 1743 1080 nos,

210 1099 413 1138 reservatis.
433 1099 570 1136 Datum
580 1127 589 1146 ,
607 1102 675 1135 etc.

919 1181 1039 1191 ..ηοσ-

953 1302 997 1340 Χ.

208 1425 259 1463 Le
277 1425 479 1462 monaster-e
496 1423 558 1460 des
575 1423 703 1460 Dunes
721 1423 910 1459 reconnait
928 1421 1036 1458 avoir
1052 1433 1139 1468 recu
1156 1425 1337 1470 quai-ante
1355 1418 1465 1456 livres
1482 1417 1525 1454 de
1540 1429 1627 1467 yros
1644 1422 1742 1453 tour—

262 1485 343 1522 nois
362 1484 406 1521 de
422 1483 587 1528 Nicolas,
605 1482 783 1520 chanoine
800 1481 844 1519 de
861 1481 1023 1525 Furnes,
1044 1479 1238 1529 chapelain
1254 1479 1306 1516 du
1323 1484 1434 1516 comte
1451 1477 1494 1515 de
1511 1476 1687 1514 Flandre.

257 1680 408 1719 Noverit
424 1677 645 1715 universitas
663 1680 783 1713 vestra
801 1675 903 1726 quod
923 1687 990 1712 nos
1008 1674 1230 1711 confitemur
1247 1677 1283 1710 et
1303 1671 1602 1722 recognoscimus
1621 1671 1658 1707 in
1679 1683 1741 1707 ve-

209 1740 331 1784 ritate,
350 1750 426 1774 non
444 1749 509 1787 spe
527 1734 796 1772 numerationis
809 1734 867 1771 vel
886 1734 1108 1784 receptionis
1126 1734 1291 1778 futurae,
1308 1745 1354 1768 ex
1372 1744 1480 1768 causa
1499 1729 1658 1780 depositi
1676 1742 1738 1767 seu

207 1797 418 1848 depositum
440 1798 476 1831 et
493 1793 652 1844 depositi
673 1793 824 1829 nomine
848 1792 1030 1842 recepisse
1047 1796 1084 1828 et
1102 1791 1275 1828 habuisse
1301 1790 1339 1826 in
1361 1789 1494 1839 Ypris,
1522 1788 1739 1825 Morinensis

207 1855 387 1906 dyocesis,
402 1867 421 1890 a
435 1852 638 1890 venerabili
653 1856 689 1889 et
702 1851 861 1888 discreto
875 1851 956 1888 viro
970 1851 1125 1887 domino
1140 1849 1335 1893 Niclmlao,
1350 1848 1530 1885 canonico
1545 1847 1739 1890 Furnensi,

206 1915 276 1952 viri
296 1911 482 1964 magnifici
501 1910 644 1948 domini
664 1909 810 1947 comitis
829 1909 1024 1946 Flandriae
1042 1908 1253 1959 capellano,
1273 1907 1336 1944 XL
1355 1906 1468 1943 libras
1494 1906 1680 1942 bonorum
1704 1909 1738 1941 et

207 1972 380 2024 legalium
397 1969 671 2007 Turonensium
690 1980 924 2019 grossorum,
942 1967 1083 2017 argenti
1103 1966 1190 2003 recti
1215 1970 1251 2002 et
1275 1964 1365 2014 justi
1384 1963 1575 2014 ponderis,
1594 1963 1632 1999 in
1652 1975 1739 1999 usus

208 2036 244 2070 et
261 2030 457 2068 utilitatem
476 2032 639 2065 nostram
659 2031 694 2064 et
711 2026 885 2063 ecclesiae
899 2030 1045 2062 nostrae
1059 2026 1106 2062 de
1120 2024 1236 2075 ipsius
1250 2022 1394 2060 domini
1409 2022 1438 2059 N
1445 2021 1576 2058 icliolai
1592 2020 1737 2057 licentia

208 2087 491 2133 convertendas,
505 2087 552 2123 de
564 2085 704 2137 quibus
724 2098 790 2122 nos
807 2085 901 2121 bene
919 2089 954 2121 et
972 2084 1113 2134 integre
1131 2087 1323 2119 contentos
1342 2086 1378 2117 et
1395 2084 1545 2131 pagatos
1564 2092 1738 2116 vocamus

207 2152 244 2185 et
262 2150 448 2190 tenemus,
470 2144 679 2195 exceptioni
707 2157 782 2180 non
808 2147 1021 2180 numeratae
1043 2147 1078 2178 et
1104 2154 1178 2178 non
1205 2141 1346 2177 solutae
1370 2138 1548 2188 pecuniae
1569 2150 1739 2187 expresse

208 2203 479 2249 renuntiantes,
495 2207 531 2239 et
547 2201 800 2252 promittimus
818 2200 1085 2251 sollempniter,
1104 2199 1184 2236 sine
1201 2198 1325 2248 aliqua
1345 2195 1665 2247 exceptione-juris
1681 2195 1737 2231 vel

208 2263 310 2310 facti,
329 2275 396 2299 nos
417 2265 454 2298 et
477 2261 668 2298 ecclesiam
694 2265 856 2298 nostram
881 2264 917 2296 et
941 2258 1019 2308 ejus
1043 2258 1140 2295 bona
1164 2255 1383 2306 obligando,
1400 2255 1500 2292 dicto
1522 2254 1676 2291 domino
1694 2253 1736 2291 N.

205 2334 273 2374 pro
301 2334 340 2358 se
368 2323 405 2357 et
429 2319 506 2357 suis
532 2318 731 2356 heredibus
757 2317 949 2369 stipulanti
979 2317 1121 2354 solvere
1145 2320 1181 2352 et
1206 2315 1397 2352 restituere
1423 2313 1543 2350 eidem
1569 2317 1633 2349 aut
1658 2311 1737 2361 ejus

210 2379 408 2417 heredibus
433 2378 489 2414 vel
515 2377 631 2428 ipsius
658 2381 758 2414 certo
782 2375 1013 2427 procuratori
1039 2375 1097 2412 vel
1124 2373 1256 2411 nuntio
1287 2372 1394 2410 nobis
1421 2372 1491 2408 hoc
1512 2371 1739 2407 instrumen-
