2184 3074
415 282 488 319 286
962 279 1125 316 CODEX
1151 278 1400 317 DUNENSIS.

415 402 606 443 contenta⁷
633 401 816 448 quatenus
846 396 914 432 hac
944 395 1095 432 instanti
1128 394 1188 431 die
1217 394 1349 430 Beatae
1377 394 1510 432 Luciae
1535 396 1636 445 apud
1662 397 1788 434 Remis
1815 397 1957 447 absque

415 456 716 507 tergiversatione
741 454 987 505 personaliter
1017 451 1193 489 intersitis
1228 451 1456 488 informandi
1485 466 1506 489 a
1539 453 1647 490 nobis
1675 454 1888 504 plenissime
1913 455 1958 491 de

415 515 630 566 praedictis,
657 513 906 550 contributuri
931 512 1041 548 etiam
1061 511 1223 562 quilibet
1244 511 1450 548 secundum
1474 515 1610 549 statum
1635 525 1745 549 suum
1768 516 1803 549 et
1827 513 1960 559 domo-

418 587 502 610 rum
519 586 670 610 suarum
691 571 882 608 facultates
907 575 943 607 et
961 569 1172 620 processuri
1199 569 1237 606 in
1265 569 1365 606 dicto
1384 569 1532 620 negotio
1557 570 1763 607 secundum
1781 570 1886 622 quod
1912 571 1960 608 ab

419 632 574 681 antiquo
593 630 631 666 in
649 633 775 666 nostro
793 628 926 666 ordine
944 627 1023 664 fieri
1043 627 1249 673 consuevit,
1280 631 1424 664 tantum
1453 627 1541 665 inde
1560 628 1734 665 facientes
1751 629 1854 679 quod
1872 642 1962 679 pro·-

420 691 784 738 curatorespropter
810 686 880 723 hoc
907 686 954 722 ad
982 686 1189 723 Romanam
1221 685 1363 722 curiam
1394 685 1606 723 destinandi
1638 686 1674 723 in
1702 687 1962 738 prosecutione

420 747 540 783 dictae
558 758 688 782 causae
713 744 971 795 appellationis
997 743 1043 780 ad
1071 743 1204 781 Sedem
1226 742 1476 793 Apostolicam
1506 744 1668 794 legitime
1694 745 1906 795 interjectae
1924 759 1962 783 se

420 805 555 841 habere
568 804 733 850 valeant,
752 807 872 840 vestro
891 802 973 839 sulti
988 802 1144 839 consilio
1163 806 1199 838 et
1217 801 1357 838 auxilio
1372 802 1510 839 efficaci
1527 803 1575 839 ad
1590 803 1786 841 utilitatem
1802 803 1962 850 ordinis,

419 862 659 900 commodum
697 861 836 912 pariter
865 866 900 898 et
930 861 1131 906 honorem,
1163 865 1199 897 et
1227 859 1329 911 quod
1361 860 1407 897 de
1438 860 1680 912 negligentia,
1715 861 1818 912 quod
1849 861 1964 907 absit,

422 921 576 958 minime
593 920 744 957 valeatis
763 933 875 970 super
894 918 1105 970 praemissis
1125 918 1164 955 in
1185 919 1354 969 sequenti
1374 919 1538 969 capitulo
1556 919 1728 970 redargui
1747 920 1803 956 vel
1826 919 1964 971 puniri.

423 975 616 1017 Caeterum
643 979 681 1015 in
712 979 860 1029 signum
890 978 1002 1028 hujus
1032 978 1196 1015 mandati
1221 991 1240 1014 a
1273 977 1381 1015 nobis
1413 978 1549 1028 recepti
1582 978 1702 1029 sigilla
1733 983 1853 1016 vestra
1879 991 1964 1016 cum

426 1038 561 1075 nostris
580 1037 720 1074 ibidem
740 1038 913 1088 appensis
935 1050 1000 1074 vos
1026 1037 1084 1074 vel
1110 1037 1251 1088 priores
1273 1037 1383 1074 vestri
1412 1037 1669 1088 praesentibus
1693 1036 1823 1074 litteris
1847 1049 1966 1087 appo-

427 1097 531 1134 natis.
545 1097 698 1143 Datum7
717 1101 784 1134 ete.

1137 1190 1243 1200 ...ο-.-

1075 1335 1283 1374 CLXXXV.

502 1453 706 1504 Privile'qes
737 1453 908 1490 accorde's
939 1453 962 1489 ἁ
991 1453 1087 1490 Jean
1113 1452 1156 1489 de
1186 1452 1383 1498 lls‘eerden,
1410 1452 1558 1490 doclem‘
1591 1452 1634 1489 de
1666 1451 1900 1489 l’Universile'

1071 1512 1115 1549 de
1144 1512 1258 1549 Paris
1283 1517 1304 1548 ¹.

481 1727 696 1765 Reverendo
722 1727 802 1765 viro
825 1728 998 1778 religioso
1021 1733 1057 1765 et
1081 1729 1252 1775 honesto,
1272 1729 1448 1779 magistro
1466 1728 1696 1766 Jobannide
1714 1727 1874 1773 wardo,
1895 1741 1977 1764 mo-

435 1785 555 1823 nacho
573 1786 619 1822 de
635 1786 756 1822 Dunis
775 1786 813 1822 in
834 1786 1040 1837 theologica
1062 1787 1234 1824 facultate
1251 1787 1413 1824 Parisius
1436 1786 1571 1838 legenti
1583 1815 1592 1833 7
1611 1786 1724 1823 frater
1740 1785 1977 1823 Theobaldus

434 1843 549 1881 abbas
567 1843 750 1891 Cistercii7
769 1857 854 1881 cum
873 1844 1014 1882 sincera
1043 1845 1080 1881 in
1103 1846 1265 1883 Domino
1289 1845 1488 1882 dilectione
1511 1845 1667 1882 salutem
1685 1848 1721 1881 et
1743 1843 1789 1880 de
1811 1843 1977 1880 fontibus

435 1903 626 1940 salvatoris
636 1903 898 1941 habundanter
911 1904 1060 1941 haurire
1074 1910 1109 1941 et
1123 1906 1322 1942 salubriter
1335 1905 1526 1942 effundere
1539 1903 1757 1955 sapientiam
1767 1904 1976 1941 salutarem.

487 1962 652 2013 Dignum
671 1965 784 1999 estut
801 1962 1046 2013 amplioribus
1068 1964 1205 2014 gratiae
1232 1963 1423 2000 beneficiis
1449 1967 1485 2000 et
1510 1961 1791 2014 specialioribus
1809 1961 1982 2013 specialis

439 2021 618 2058 libertatis
631 2020 758 2072 gratiis
773 2022 990 2059 attollantur
1003 2022 1142 2072 quibus
1158 2022 1254 2059 vitae
1269 2022 1434 2068 bonitas,
1446 2035 1593 2059 morum
1608 2021 1796 2067 honestas,
1806 2019 1980 2057 scientiae

438 2080 630 2118 radiositas
645 2094 686 2117 ac
703 2080 935 2118 diversarum
953 2082 1133 2119 virtutum
1151 2082 1310 2132 gratiosa
1325 2082 1455 2119 merita
1469 2080 1731 2131 suffragantur,
1750 2078 1980 2116 attendentes

438 2153 524 2190 ergo
542 2144 682 2177 vestrae
700 2140 830 2178 merita
852 2141 1065 2191 probitatis„
1090 2142 1233 2180 labores
1260 2142 1413 2192 insuper
1438 2141 1654 2178 innumeros
1678 2152 1774 2191 quos
1792 2138 1831 2176 in
1850 2138 1981 2189 acqui-

438 2197 571 2234 sitione
594 2198 764 2236 salutaris
789 2199 991 2250 sapientiae
1017 2214 1083 2251 per
1107 2201 1234 2251 longas
1252 2199 1398 2250 vigilias
1416 2199 1646 2236 sustinuistis
1668 2198 1864 2244 hactenus,
1883 2201 1919 2234 et
1941 2196 1979 2234 in

439 2257 637 2304 studendo7
652 2259 823 2309 legendo7
834 2259 1060 2311 disputando
1075 2265 1109 2297 ct
1125 2259 1374 2311 praedicando
1390 2258 1526 2296 cotidie
1540 2257 1831 2304 sustinetis‚non
1846 2256 1981 2306 impro-

482 2385 489 2399 ¹
511 2385 546 2411 Cc
560 2386 702 2413 document
715 2391 753 2414 est
768 2388 803 2414 du
819 2387 836 2413 9
850 2389 918 2415 avril
935 2389 1017 2416 4292.
