2184 3074
474 337 548 389 '412
1025 347 1185 387 connx
1211 347 1457 386 DUNENffls.

473 466 689 517 hujusmodi
708 479 906 517 pravorum
925 465 1119 502 conatibus
1137 464 1361 502 resistamus.
1384 464 1477 502 Cum
1502 465 1617 516 igitur
1642 461 1767 503 dilecti
1793 467 1860 504 filii
1884 467 1998 504 abbas

472 529 508 561 et
530 529 734 562 conventus
755 526 798 560 de
816 551 994 560 ........
1009 552 1018 569 ,
1042 523 1136 560 sicut
1161 522 1274 559 iidem
1300 522 1409 560 nobis
1434 522 1622 560 insinuare
1640 529 1837 571 curm-unt,
1855 538 1876 562 a
1902 537 1998 562 non-

472 583 584 619 nullis
602 583 667 633 qui
686 595 822 619 nomen
840 581 989 618 Domini
1010 581 1048 617 in
1069 594 1228 617 vacuum
1250 580 1414 631 recipere
1436 594 1512 618 non
1535 582 1758 629 formidant,
1774 582 1999 634 multiplices

470 641 659 691 patiantur
676 640 860 677 molestias
878 644 914 676 et
929 652 1119 690 pressuras
1137 639 1194 675 vel
1209 637 1388 687 jacturas,
1402 652 1469 676 uos
1483 639 1647 677 volentes
1662 644 1697 678 et
1709 653 1838 678 eorum
1852 641 1997 678 abbatis

471 704 506 736 et
522 703 725 736 conventus
743 697 939 749 providere
956 697 1071 747 quieti
1090 700 1126 733 et
1143 696 1417 734 molestantium
1434 697 1583 735 malitiis
1598 697 1760 744 obviare,
1778 698 1998 736 Discretioni

470 758 569 794 Tuae
582 770 648 807 per
666 756 866 807 apostolica
880 755 1015 805 scripta
1029 754 1248 791 mandamus
1262 758 1445 805 quatenus
1460 755 1598 792 eisdem
1613 755 1737 793 abbati
1752 760 1788 793 et
1800 756 1998 794 conventui

468 818 595 851 contra
614 814 844 865 praedonum
857 842 866 859 ,
882 817 1073 863 raptorum
1088 817 1123 849 et
1136 812 1350 850 invasorum
1365 813 1556 850 audaciam
1572 814 1757 864 praesidio
1771 814 1997 852 defensionis

468 871 659 918 assistens,
678 885 752 908 non
768 871 958 921 permittas
976 883 1038 907 eos
1057 870 1095 907 in
1114 870 1281 921 personis
1303 875 1339 908 et
1359 871 1467 908 bonis
1488 872 1565 909 suis
1590 885 1611 909 a
1635 871 1771 909 talibus
1793 872 1997 919 molestari,

468 930 718 967 molestatores
743 929 958 979 hujusmodi
985 942 1052 980 per
1081 942 1275 967 censuram
1302 930 1584 968 ecclesiasticam
1617 930 1865 982 appellatione
1891 935 1995 982 post-

467 987 586 1038 posita
605 988 886 1038 compescendo.

1171 1063 1294 1074 w

1123 1216 1343 1254 CCLXXXI.

528 1335 578 1371 Le
589 1346 801 1384 procureur
817 1333 860 1370 de
877 1332 1012 1384 l’eqlise
1029 1333 1091 1370 des
1107 1334 1235 1371 Dunes
1253 1333 1408 1371 reclame
1425 1333 1462 1371 la
1474 1334 1682 1383 possession
1701 1333 1746 1371 de
1761 1334 1938 1372 ‹sev-caim

801 1398 914 1429 terres
931 1392 1061 1429 situees
1078 1392 1173 1429 dana
1193 1391 1230 1429 la
1240 1393 1410 1442 paroisse
1425 1391 1662 1430 d’Ossenisse.

513 1586 705 1637 Supplicat
734 1586 858 1632 vobis,
885 1586 1117 1623 serenissime
1142 1586 1333 1636 princeps,
1358 1591 1577 1636 procurator
1601 1586 1775 1624 ecclesiae
1802 1586 1849 1623 de
1874 1586 1996 1624 Dunis

464 1644 564 1694 quod
596 1658 680 1681 cum
708 1644 860 1681 ecclesia
890 1644 1075 1681 Dunensis
1102 1645 1214 1681 fuerit
1241 1645 1280 1682 in
1306 1645 1536 1695 possessione
1562 1645 1715 1695 pacifica
1744 1645 1992 1696 quarumdam

464 1707 642 1739 terrarum
663 1703 867 1752 jacentium
888 1704 926 1740 in
949 1704 1144 1754 parrochia
1170 1704 1216 1741 de
1244 1704 1440 1742 Ossenesse
1468 1705 1734 1755 acquisitarum
1762 1705 1925 1755 legitime
1945 1704 1992 1742 ab

465 1761 714 1798 illustrissimo
733 1762 902 1812 principe
919 1762 1073 1799 domino
1091 1762 1147 1808 Gn,
1163 1763 1312 1808 comite,
1330 1767 1434 1813 patre
1452 1767 1590 1809 vestro,
1610 1767 1722 1813 prout
1743 1763 1780 1800 in
1800 1767 1897 1800 carta
1916 1763 1996 1812 ejus

466 1832 578 1869 super
601 1819 673 1856 hiis
699 1820 863 1857 confecta
889 1820 1036 1870 plenius
1060 1821 1286 1867 continetur,
1309 1821 1427 1870 longo¹
1443 1825 1626 1871 tempore,
1653 1825 1689 1858 et
1717 1821 1845 1858 Petrus
1874 1821 1995 1858 dictus

466 1877 583 1926 Boye,
603 1877 689 1914 Lois
706 1878 817 1914 frater
837 1878 933 1927 ejus,
955 1879 1073 1916 Snoec
1097 1879 1144 1915 de
1165 1878 1266 1916 Orde
1287 1884 1323 1915 et
1346 1878 1499 1929 quidem
1517 1878 1579 1915 alii
1597 1878 1854 1916 desaisiverint
1873 1882 1909 1915 et
1930 1877 1996 1915 de-

465 1935 583 1972 saisiri
612 1931 766 1973 fecerint
789 1950 855 1987 per
881 1950 919 1974 se
943 1941 978 1974 et
1004 1950 1132 1974 eorum
1159 1937 1357 1987 complices
1381 1937 1517 1974 dictam
1550 1936 1751 1974 ecclesiam'
1767 1936 1997 1987 possessione

463 1993 645 2030 dictarum
674 1999 854 2031 terrarum
890 2008 931 2031 ac
961 1995 1141 2032 violenter
1169 1996 1381 2046 expulerint
1410 2000 1446 2032 et
1475 1995 1666 2032 detineant
1693 1995 1922 2041 desaisitam,
1953 2008 1997 2032 ac

463 2052 571 2089 etiam
594 2052 733 2089 dictam
756 2053 948 2090 ecclesiam
977 2054 1015 2090 in
1039 2054 1120 2091 aliis
1148 2054 1224 2091 suis
1249 2053 1564 2104 possessionibus,
1595 2053 1726 2091 domos
1761 2057 1797 2090 et
1826 2052 1996 2104 grangias

462 2110 750 2160 confringendo,
782 2124 927 2148 necnon
954 2111 1150 2162 spoliando
1176 2113 1223 2148 de
1251 2125 1348 2149 novo
1375 2112 1512 2148 dictam
1543 2111 1734 2149 ecclesiam
1766 2124 1879 2148 curru
1910 2123 1996 2148 cum

462 2168 573 2204 blado
588 2173 624 2205 et
635 2168 783 2205 duobus
794 2169 994 2218 jumentis,
1009 2169 1201 2207 humiliter
1218 2169 1375 2221 requirit
1392 2170 1489 2206 idem
1504 2173 1723 2220 procurator
1740 2169 1891 2206 nomine
1907 2181 1997 2219 pro-

461 2226 624 2262 uratorio
645 2231 828 2276 quatenus
850 2228 1050 2277 praefatam
1075 2228 1234 2265 resaisiri
1260 2232 1295 2264 et
1317 2241 1466 2265 omnem
1493 2227 1655 2264 amoveri
1682 2226 1848 2273 faciatis,
1877 2226 1995 2277 ipsam

461 2283 650 2319 ecclesiam
686 2284 724 2320 in
749 2297 816 2322 suo
842 2285 927 2335 jure
953 2285 1186 2323 defendendo
1213 2291 1248 2323 et
1273 2285 1544 2332 conservando,
1572 2289 1608 2322 et
1635 2298 1748 2335 super
1771 2284 1843 2322 hiis
1864 2283 1996 2322 Domi-

463 2341 670 2378 enationem
691 2342 857 2380 Vestram
877 2345 1100 2395 propensius
1117 2358 1323 2382 exoramus.
