2184 3074
0 2419 12 2523 “q-‘2⁴⁷2
0 2398 11 2410 ἒ

733 350 892 389 ΟΟΒΕΧ
925 349 1167 389 DUNENSIS.
1641 350 1683 386 4¹
1691 349 1714 387 5

234 469 271 508 Si
289 482 385 520 quae
402 469 472 506 alia
492 469 605 519 igitur
622 468 710 505 dicti
730 471 941 505 tractatores
957 470 1042 518 post
1058 466 1194 504 dictam
1212 478 1340 517 pacem
1364 466 1606 517 principalem
1624 478 1713 517 pro-

183 529 293 566 latam
317 542 383 579 per
405 541 490 566 suas
515 527 605 566 alias
631 527 768 564 litteras
794 526 1021 572 ordinarint,
1039 537 1115 563 non
1133 530 1187 563 est
1211 525 1427 563 intentionis
1446 529 1591 562 nostrae
1609 524 1712 575 quod

180 592 332 638 propter
349 601 390 625 ea
415 588 473 625 vel
500 600 628 625 eorum
651 586 793 624 ratione
813 585 843 623 si
869 585 962 623 sorte
983 598 1058 623 non
1086 585 1355 636 compleantur,
1376 584 1570 622 incurrant
1596 583 1712 622 dictas

183 645 397 692 sententias,
419 645 483 683 sed
508 645 610 696 quod
631 644 712 682 aliis
730 643 903 682 remediis
921 644 967 682 ad
985 657 1026 682 ea
1045 643 1283 695 complenda,
1302 647 1413 694 prout
1425 642 1570 694 justum
1589 642 1711 689 fuerit,

183 703 463 754 compellantur.

883 778 1003 789 *0-

820 920 1074 959 chxxxlv.

407 1042 525 1079 Autre
551 1039 652 1076 lettre
676 1038 720 1075 de
745 1037 916 1088 Philippa
941 1037 973 1075 Ie
1000 1037 1067 1075 Bel
1089 1049 1158 1075 sur
1182 1037 1213 1074 le
1239 1040 1351 1075 meme
1376 1038 1484 1088 sajet.

232 1241 445 1293 Philippus,
459 1246 525 1279 etc.
545 1242 669 1293 Aliqui
689 1241 912 1293 guerrulosi,
927 1246 1039 1293 prout
1056 1240 1284 1293 accepimus,
1302 1240 1435 1292 spiritu
1455 1238 1557 1276 ducti
1577 1238 1708 1276 Levia-

184 1300 289 1346 than,
301 1300 423 1338 dicere
437 1313 513 1338 non
527 1305 702 1338 verentur
715 1314 789 1338 non
809 1313 887 1338 esse
903 1304 1048 1338 nostrae
1065 1299 1281 1337 intentionis
1296 1298 1465 1336 homines
1483 1297 1592 1334 villae
1611 1297 1708 1334 Bru-

181 1358 303 1410 gensis
317 1358 354 1395 in
371 1358 543 1395 Flandria
557 1358 692 1395 debere
706 1358 867 1409 gaudere
880 1371 969 1409 pace
987 1371 1053 1409 per
1070 1349 1281 1395 tractatores
1298 1355 1494 1394 Flandriae
1511 1360 1547 1392 et
1565 1360 1708 1392 nostros

182 1416 414 1465 concordata,
422 1420 534 1468 prout
547 1416 584 1453 in
598 1416 763 1467 ipsorum
779 1421 1016 1454 tractatorum
1032 1415 1162 1453 litteris
1175 1414 1322 1466 plenius
1336 1414 1502 1451 noscitur
1514 1413 1706 1450 contineri.

228 1473 350 1523 Quare
367 1474 540 1511 volumus
557 1473 732 1511 omnibus
750 1473 829 1511 fieri
849 1473 1085 1511 manifestum
1103 1471 1222 1524 quod,
1237 1471 1321 1509 licet
1338 1471 1490 1509 forsitan
1506 1470 1595 1507 dieti
1612 1470 1709 1508 Bru·

179 1544 307 1584 genses
325 1532 429 1583 prius
446 1536 482 1570 ct
499 1531 648 1584 gravius
665 1545 779 1583 quam
799 1536 1024 1570 caeterarum
1042 1531 1214 1568 villarum
1234 1530 1516 1568 Flandrensium
1537 1529 1706 1566 homines

181 1593 308 1628 contra
326 1603 393 1628 nos
411 1590 693 1628 insurrexerunt
710 1594 873 1629 nostram
892 1590 1120 1628 offendentes
1140 1589 1387 1639 majestatem,
1405 1592 1600 1639 postquam
1626 1591 1709 1624 tan-

181 1652 259 1686 tum
290 1661 380 1686 sano
405 1649 506 1687 ducti
536 1649 691 1687 consilio
721 1649 907 1701 petierunt
937 1647 1228 1686 misericordiam
1255 1646 1537 1685 commissorum
1561 1645 1706 1683 veniam

181 1707 407 1758 postulantes
431 1720 474 1744 ac
494 1720 561 1758 per
582 1706 719 1744 dictam
741 1719 868 1758 pacem
896 1710 1086 1744 tractatam
1109 1719 1151 1743 ac
1169 1719 1234 1757 per
1257 1718 1319 1743 eos
1338 1704 1580 1756 approbatam
1605 1716 1709 1741 com—

182 1766 379 1804 missorum
397 1765 682 1804 satisfactionem
700 1765 979 1817 quodammodo
997 1765 1204 1811 afferentes,
1219 1768 1365 1802 nostrae
1379 1762 1595 1800 intentionis
1610 1761 1709 1800 exis-

181 1824 243 1870 tit,
260 1824 350 1862 dum
369 1828 491 1861 tamen
511 1823 580 1875 ipsi
601 1824 806 1875 Brugenses
822 1823 942 1860 dictae
962 1822 1062 1874 pacis
1080 1822 1256 1860 articulos
1271 1826 1306 1859 et
1320 1821 1463 1859 ratione
1477 1821 1577 1871 pacis
1592 1821 1708 1872 ipsius

180 1895 247 1933 per
270 1886 481 1919 tractatores
506 1882 749 1919 Flandrenses
771 1886 807 1919 et
828 1886 973 1919 nostros
1000 1881 1146 1932 plenius
1174 1879 1416 1918 concordatos
1439 1879 1650 1930 compleant
1674 1883 1710 1915 et

181 1943 328 1977 teneant
352 1943 530 1990 perpetuo
555 1939 710 1977 firmiter
741 1944 776 1976 et
801 1940 1017 1985 observent,
1046 1938 1148 1990 quod
1175 1939 1383 1988 Brugenses
1405 1936 1583 1987 praedicti
1611 1936 1708 1973 dicta

180 2009 270 2048 pace
285 1997 470 2048 gaudeant
486 2002 522 2034 et
539 1997 710 2034 fruantur
726 2001 920 2048 perpetuo,
939 1997 1034 2034 sicut
1051 2001 1276 2034 caeterarum
1296 1996 1470 2032 villarum
1490 1999 1526 2031 et
1542 1995 1709 2032 castella-

180 2055 327 2094 niarum
344 2055 628 2093 Flaudrensium
646 2056 826 2094 homines.
847 2056 1020 2093 Libenter
1046 2056 1144 2093 enim
1173 2068 1258 2093 cum
1286 2053 1480 2091 clementia
1507 2052 1708 2098 vincimus,

181 2112 446 2151 Jhesu-Christi
465 2113 606 2151 domini
626 2114 741 2151 nostri
760 2118 955 2165 sequentes
972 2113 1141 2164 vestigia,
1163 2113 1269 2163 cujus
1294 2112 1359 2149 ubi
1384 2111 1562 2148 delictum
1578 2123 1710 2161 super-

183 2170 430 2218 habundavit,
456 2173 800 2223 superhabundavit
828 2178 864 2210 et
884 2173 1011 2224 gratia.
1040 2173 1144 2223 lpsos
1175 2172 1384 2222 Brugenses
1415 2169 1529 2220 igitur
1557 2168 1652 2206 sicut
1675 2173 1711 2206 et

183 2234 344 2267 caeteros
361 2230 408 2266 de
425 2230 598 2268 Flandria
615 2231 752 2282 gratiae
771 2236 917 2269 nostrae
933 2232 1043 2282 plene
1057 2230 1286 2268 restituimus
1299 2234 1336 2266 et
1348 2232 1390 2265 ut
1402 2227 1554 2265 devotos
1567 2232 1711 2264 nostros

183 2287 325 2339 ubique
345 2289 491 2326 tractari
513 2289 782 2340 praecipimus,
800 2290 889 2327 dum
910 2294 1049 2335 tamen,
1071 2294 1112 2326 ut
1129 2301 1241 2339 supra
1260 2288 1400 2325 dictum
1419 2290 1492 2332 est,
1515 2285 1712 2336 praemissa

184 2346 416 2397 compleant,
434 2351 582 2384 teneant
606 2347 762 2386 firmiter
786 2353 822 2385 et
845 2348 1050 2386 observent.
