2184 3074
447 276 519 313 122
996 274 1160 312 CODEX
1186 274 1428 312 DUNENSIS.

446 393 653 430 ratificandi
670 398 706 429 et
722 392 847 429 omnia
865 391 935 428 alia
953 396 990 428 et
1005 392 1152 442 singula
1170 391 1329 429 faciendi
1347 405 1444 443 quae
1462 405 1530 429 nos
1552 392 1755 430 faceremus
1777 405 1845 431 seu
1864 393 1983 430 facere

446 464 638 502 possemus
660 455 695 488 et
717 450 952 495 deberemus,
970 450 1000 487 si
1023 454 1232 501 praesentes
1253 463 1437 498 essemus,
1455 455 1491 488 et
1511 449 1763 488 substituendi
1786 450 1903 488 alium
1925 451 1983 495 vel

446 509 537 547 alios
559 510 640 546 loeo
657 508 714 546 sui
733 511 1011 559 procuratorem
1035 521 1100 546 seu
1122 513 1400 559 procuratores,
1419 509 1485 559 qui
1505 508 1672 547 eamdem
1692 512 1730 545 et
1750 508 1983 547 consimilem

447 569 484 604 in
509 566 720 618 praemissis
742 566 918 603 omnibus
942 571 979 604 et
1001 567 1158 618 singulis
1182 567 1318 605 habeat
1339 568 1397 604 vel
1416 567 1579 604 habeant
1599 570 1839 618 potestatem,
1860 571 1983 604 ratum

446 633 481 664 et
504 631 651 675 gratum
679 625 856 662 habentes
887 629 923 662 et
952 625 1117 662 habituri
1148 626 1332 676 quicquid
1358 625 1447 662 dicti
1474 629 1732 676 procuratores
1763 630 1800 663 et
1825 625 1986 677 quilibet

446 697 573 721 eorum
598 684 636 720 in
661 683 822 721 solidum
847 688 912 720 aut
932 684 1024 721 alter
1048 685 1105 721 vel
1133 685 1194 721 alii
1216 685 1263 721 ab
1289 684 1341 722 eis
1359 689 1423 722 aut
1439 697 1569 722 eorum
1587 697 1665 722 uno
1683 685 1907 723 substitutus
1924 686 1981 724 vel

444 742 745 788 substituendus,
777 742 968 779 substituti
996 743 1054 779 vel
1081 742 1353 790 substituendi,
1383 756 1452 794 pro
1483 743 1611 791 nobis,
1645 747 1721 781 tam
1751 743 1982 794 conjunctim

444 813 557 852 quam
584 800 754 846 divisim,
780 800 827 837 ad
857 813 987 838 omnes
1016 801 1095 838 dies
1122 801 1325 852 assignatos
1350 806 1386 838 et
1409 801 1675 852 assignandos,
1700 802 1920 853 ubicunque
1949 807 1986 840 et

443 871 567 895 coram
594 859 886 910 quibuscunque
914 873 956 896 ac
982 863 1110 897 contra
1137 873 1399 911 quoscunque,
1424 860 1598 911 quotiens
1624 860 1738 898 fuerit
1763 860 1985 910 expediens,

444 924 518 955 tam
537 918 678 968 agendo
692 931 805 968 quam
823 917 1059 956 defendendo
1077 918 1289 956 faciendum
1309 919 1459 955 duxerit
1475 923 1540 956 aut
1556 919 1735 956 duxerint
1749 919 1786 956 in
1804 919 1986 970 praemis-

445 979 493 1016 sis
517 982 551 1014 et
576 976 731 1027 singulis
757 976 1046 1027 praemissorum
1070 981 1106 1014 et
1127 978 1329 1028 praemissa
1358 978 1606 1028 tangentibus.
1632 978 1894 1015 Promittentes
1913 978 1984 1015 sub

441 1036 623 1088 ypotheca
642 1049 767 1072 rerum
786 1039 1014 1079 nostrarum,
1032 1035 1061 1072 si
1081 1049 1228 1073 necesse
1248 1036 1379 1083 fuerit,
1395 1035 1607 1086 judicatum
1629 1037 1735 1074 solvi.

1161 1158 1269 1168 ⁴0—

1125 1301 1320 1339 LXXXIV.

496 1417 616 1466 :lppel
632 1429 682 1454 au
696 1429 793 1466 pape
811 1418 834 1454 ιὶ
845 1429 984 1467 propos
1002 1417 1064 1454 des
1082 1423 1184 1456 tames
1207 1417 1400 1455 re'clame'es
1419 1417 1482 1455 des
1501 1419 1722 1455 mona-§teres
1740 1417 1784 1455 de
1803 1417 1940 1455 l’ordre

1103 1475 1147 1512 de
1166 1476 1331 1514 Cileaux.

498 1676 591 1712 Cum
618 1677 684 1713 toti
709 1677 943 1714 Cisterciensi
970 1677 1094 1714 ordini
1111 1681 1157 1714 ‘ct
1181 1678 1358 1715 omnibus
1385 1682 1421 1715 et
1446 1677 1602 1729 singulis
1626 1678 1674 1716 de
1695 1678 1796 1717 dicto
1818 1666 1952 1716 ordine
1968 1692 1987 1716 a

449 1734 543 1772 Sede
561 1735 772 1786 Apostolica
795 1737 842 1773 sit
866 1737 1054 1774 indultum
1081 1737 1183 1787 quod
1207 1750 1284 1774 non
1310 1741 1506 1774 teneantur
1533 1737 1579 1774 ad
1606 1738 1892 1788 praestationem
1919 1737 1989 1775 ali-

448 1806 607 1844 quarum
627 1794 883 1842 collectarum,
902 1795 1156 1832 subsidiorum
1175 1799 1211 1832 et
1228 1795 1385 1832 aliarum
1412 1796 1648 1833 exactionum
1673 1795 1986 1846 imponendamm

450 1852 539 1903 ipsis
569 1857 605 1889 et
634 1852 809 1890 domibus
834 1853 911 1890 suis
945 1867 965 1890 a
995 1853 1088 1891 Sede
1106 1854 1318 1904 Apostolica
1344 1858 1408 1891 aut
1432 1854 1548 1904 ipsius
1574 1853 1677 1892 Sedis
1703 1854 1921 1892 auctoritate
1947 1867 1988 1891 ac

451 1912 625 1949 mandato
655 1925 722 1963 per
744 1912 882 1950 litteras
914 1913 1031 1963 ipsius
1062 1912 1166 1950 Sedis
1194 1926 1290 1964 quae
1313 1913 1460 1963 plenam
1485 1917 1520 1950 et
1542 1926 1753 1963 expressam
1779 1913 1826 1950 de
1852 1913 1990 1951 Cister-

451 1971 564 2009 ciensi
583 1970 714 2008 ordine
732 1975 767 2007 et
786 1971 1003 2021 hujusmodi
1028 1971 1259 2022 indulgentia
1279 1984 1353 2008 non
1380 1971 1534 2008 fecerint
1560 1971 1809 2018 mentionem,
1827 1972 1937 2009 etiam
1956 1973 1986 2010 si

451 2029 684 2066 contineatur
701 2029 740 2066 in
762 2030 900 2067 eisdem
918 2030 1049 2067 litteris
1067 2030 1171 2080 quod
1189 2043 1256 2080 per
1273 2043 1333 2067 eas
1352 2029 1551 2067 mandatur
1567 2043 1615 2066 ne
1632 2030 1697 2066 fiat
1713 2030 1838 2080 aliqua
1858 2027 1997 2067 indul-¹

450 2088 593 2138 gentia,
619 2101 694 2125 non
716 2088 952 2126 obstantibus
979 2088 1212 2139 quibuslibet
1236 2088 1653 2134 excommunicationis,
1677 2087 1932 2138 suspensionis
1952 2093 1989 2125 et

452 2147 635 2184 interdicti
662 2148 872 2194 sententiis,
900 2148 929 2185 si
956 2161 1049 2198 quas
1075 2149 1276 2199 praemissa
1301 2148 1495 2186 occasione
1518 2147 1748 2198 promulgari
1775 2147 1988 2198 contigerit,

450 2205 604 2243 sublatis
618 2211 653 2243 et
666 2207 839 2254 decretis,
859 2207 1009 2258 penitus
1028 2220 1104 2244 non
1124 2208 1256 2254 teneri,
1275 2212 1312 2244 et
1329 2207 1432 2259 quod
1451 2206 1642 2244 conveniri
1657 2219 1722 2244 seu
1740 2205 1787 2242 ad
1801 2205 1987 2255 judicium

452 2266 595 2302 evocari
623 2280 643 2303 a
667 2267 958 2319 quibuscunque
977 2267 1170 2317 judicibus
1194 2272 1382 2318 nequeant
1402 2281 1468 2318 per
1489 2267 1628 2304 litteras
1651 2265 1890 2316 apostolicas,
1917 2264 1989 2302 nisi

452 2337 563 2374 super
581 2323 627 2360 de
645 2324 726 2374 ipso
745 2325 977 2363 Cisterciensi
997 2326 1129 2363 ordine
1147 2330 1183 2363 et
1202 2327 1264 2363 tali
1286 2325 1516 2376 indulgentia
1534 2325 1574 2361 in
1593 2324 1683 2375 ipsis
1701 2323 1841 2360 mentio
1859 2322 1990 2359 habea-

455 2388 524 2419 tur.
545 2382 694 2433 Vosque
711 2383 875 2433 magistri
895 2384 1058 2421 Gerar-de
1081 2385 1127 2421 de
1148 2385 1291 2431 Ferlin,
1310 2384 1518 2435 praeposite
1543 2382 1716 2420 ecclesiae
1740 2381 1865 2419 Sancti
1893 2380 1988 2418 Petri
