2184 3074
730 322 891 361 CODEX
920 323 1160 362 DUNENSlS.
1640 326 1711 364 465

183 451 264 476 rum
280 438 424 476 abbatis
436 443 472 475 et
484 442 687 475 conventus
701 438 905 489 dampnum
920 442 956 475 et
967 451 1180 489 gravamen,
1195 444 1231 476 et
1245 440 1442 490 praemissu
1456 440 1548 477 adeo
1567 440 1709 477 notoria

183 500 270 534 sunt
297 501 334 534 et
363 496 554 534 manifesta
583 496 685 546 quod
716 509 791 533 non
822 502 978 547 possunt
1019 497 1317 547 tergiversatione
1346 498 1455 535 celari
1487 503 1522 535 et
1551 498 1712 542 obmitti,

179 555 343 605 >ideoque
360 554 484 600 vobis,
504 554 720 591 auctoritate
741 554 883 592 domini
910 568 1026 606 papae
1051 568 1125 606 qua
1151 556 1342 606 fungimur
1359 556 1397 593 in
1418 557 1485 594 hac
1504 562 1621 607 parte,
1640 555 1711 593 sub

182 626 303 664 poena
333 612 586 664 suspensionis
617 617 653 649 et
683 613 1077 651 excommunicationis
1106 627 1199 664 quas
1229 614 1267 651 in
1294 628 1359 651 vos
1391 614 1608 652 serimus'in
1638 614 1710 651 hiis

185 672 350 722 scriptis,
383 671 413 709 si
444 671 483 709 in
517 672 733 709 executione
767 672 968 722 praesentis
1007 673 1169 710 mandati
1214 674 1437 724 negligentes
1472 674 1615 711 fueritis
1649 678 1711 710 aut

176 729 343 776 remissi,
362 729 527 767 districte
545 729 791 780 praecipimus
810 735 993 781 quatenus
1018 732 1196 768 moneatis
1215 744 1342 769 omnes
1362 732 1547 769 invasores
1565 744 1712 782 posses·-

185 789 350 834 sionum,
363 788 560 825 domorum
575 793 610 825 et
623 802 747 826 rerum
761 802 911 826 suarum
927 802 969 826 ac
981 790 1090 826 etiam
1105 789 1312 833 detentores
1326 791 1551 832 debitorum.
1568 802 1710 826 necnon

187 852 222 884 et
238 859 367 884 omnes
385 847 467 884 illos
485 847 550 898 qui
571 847 608 884 in
627 847 816 899 aliquibus
835 847 981 885 casibus
996 848 1078 885 aliis
1093 848 1321 897 injuriantur
1338 849 1489 894 eisdem,
1507 861 1601 899 quos
1620 849 1714 885 lator

187 905 436 955 praesentium
450 905 553 942 vobis
567 905 787 952 nominabit,
797 911 838 943 ut
853 906 947 943 inl'ra
962 911 1099 957 septem
1114 907 1192 944 dies
1208 912 1290 957 post
1302 913 1457 944 vestram
1470 906 1711 944 monitionem

187 963 304 1001 dictos
322 963 491 1000 abbatem
510 967 546 1000 et
569 968 793 1001 conventum
813 964 1124 1014 possessionibus,
1143 965 1334 1011 domibus,
1354 965 1461 1003 bonis
1481 971 1516 1002 et
1539 964 1649 1001 rebus
1667 963 1712 1000 ad

188 1022 287 1072 ipsos
310 1021 563 1072 spectantibus
586 1022 654 1069 uti,
676 1022 748 1059 srui
771 1027 806 1059 et
823 1022 982 1073 gaudere
1000 1023 1231 1073 permittant,
1250 1029 1285 1060 et
1303 1029 1344 1061 ut
1361 1024 1408 1061 ab
1427 1023 1710 1074 impedimento,

187 1080 466 1131 perturbatione
484 1084 519 1117 et
537 1080 671 1131 injuria
691 1094 820 1118 eorum
838 1080 1029 1128 desistant,
1049 1086 1084 1118 et
1101 1086 1142 1119 ut
1163 1082 1302 1119 eisdem
1325 1082 1371 1119 de
1389 1082 1522 1119 debitis
1548 1082 1711 1132 ipsorum

189 1138 415 1177 satisfaciant
432 1143 682 1189 competenter
701 1143 736 1176 et
763 1139 883 1176 ablata
910 1140 1104 1176 restituant
1122 1140 1190 1190 ipsi
1216 1140 1340 1177 abbati
1366 1144 1402 1177 ct
1419 1140 1616 1177 conventui
1636 1139 1715 1177 sine

191 1202 297 1235 custu
323 1202 359 1235 et
383 1197 546 1248 dampno
573 1198 792 1235 eorumdum
813 1214 820 1235 z
846 1198 1013 1250 alioquin
1040 1199 1246 1249 praedictos
1274 1199 1479 1243 invasores,
1503 1198 1714 1236 debitorum

191 1256 398 1293 detentores
428 1260 463 1292 et
491 1255 727 1305 injuriatores
758 1269 905 1303 eorum,
925 1257 954 1294 si
983 1257 1020 1294 in
1045 1257 1156 1295 sacris
1178 1258 1314 1294 suerint
1331 1257 1540 1302 constituti,
1561 1271 1606 1294 ex
1626 1262 1714 1294 tunc

191 1313 270 1351 sine
287 1313 437 1351 alterius
455 1314 726 1365 exspectatione
744 1315 906 1352 mandati
925 1320 961 1352 et
978 1316 1197 1353 nominatim
1216 1315 1254 1352 in
1274 1316 1365 1353 facie
1385 1316 1621 1353 ecelesiarum
1643 1329 1717 1352 ves-

192 1375 348 1418 trarum,
368 1371 586 1423 ubicunque
613 1386 758 1410 necesse
783 1373 911 1421 fuerit,
931 1374 1080 1424 publice
1101 1387 1122 1410 a
1139 1373 1276 1425 divinis
1298 1374 1541 1425 suspendatis.
1573 1374 1609 1411 Si
1630 1387 1716 1411 vero

192 1430 286 1480 layci
318 1431 473 1475 suerint,
505 1431 724 1469 nominatim
757 1432 795 1470 in
821 1433 913 1470 facie
938 1433 1176 1470 ecclesiarum
1207 1438 1412 1471 vestrarum
1440 1439 1476 1471 et
1502 1434 1718 1484 ubicunque

193 1501 339 1526 necesse
368 1489 492 1536 suerit,
520 1491 847 1528 excommunicetis
876 1496 912 1528 et
940 1492 1279 1529 excommunicatos
1307 1492 1455 1542 publice
1480 1491 1715 1529 denuntietis.

193 1547 236 1584 Et
256 1547 286 1584 si
305 1547 482 1597 praedicti
501 1548 703 1595 invasores,
722 1549 1015 1599 perturbatores,
1042 1550 1259 1586 debitorum
1283 1549 1490 1587 detentores
1509 1554 1543 1586 et
1563 1549 1719 1598 injuria-

176 1611 290 1655 ·tores
319 1620 386 1657 per
414 1611 553 1658 septem
580 1607 658 1644 dies
690 1608 728 1645 in
755 1608 951 1658 praedictis
981 1608 1223 1659 suspensione
1248 1609 1304 1645 vel
1334 1607 1717 1645 excommunicatione

177 1665 464 1716 permanserint
482 1665 606 1703 animo
625 1665 814 1712 indurato,
833 1679 898 1704 vos
915 1670 1051 1703 extunc
1064 1667 1144 1704 sine
1161 1667 1432 1716 exspectatione
1450 1666 1600 1703 alterius
1619 1677 1719 1702 man-

194 1723 286 1770 dati,
304 1723 409 1761 villas
428 1728 463 1760 et
479 1724 557 1761 loca
576 1724 614 1761 in
633 1724 772 1774 quibus
790 1725 1053 1775 possessiones,
1080 1725 1213 1761 domus
1237 1730 1272 1761 et
1297 1738 1352 1762 res
1383 1725 1548 1775 ipsorum
1575 1724 1719 1761 abbatis

193 1786 228 1818 et
257 1786 460 1819 conventus
485 1795 550 1819 seu
582 1782 679 1820 bona
711 1783 926 1820 eorumdem
957 1782 1185 1819 invaduntur
1213 1788 1247 1819 et
1272 1783 1502 1828 detinentur,
1526 1781 1721 1819 interdicto

179 1840 437 1878 >ecclesiastico
450 1841 682 1891 supponatis,
698 1842 767 1879 nisi
788 1841 965 1892 praedicti
985 1841 1187 1887 invasores,
1203 1841 1492 1892 perturbatores,
1506 1841 1718 1878 debitorum

175 1903 228 1935 ·et
253 1899 437 1935 bonorum
463 1911 616 1936 suorum
639 1899 846 1937 detentores
868 1913 911 1936 ac
936 1899 1171 1949 injuriatores
1196 1913 1324 1936 eorum
1343 1900 1449 1936 vobis
1467 1913 1594 1936 causas
1614 1912 1721 1948 prae-

180 1956 380 1994 tenderint
405 1957 568 1995 efficaces
599 1971 714 2008 quare
739 1959 937 2008 praemissa
969 1959 1087 1995 facere
1118 1971 1191 1995 non
1221 1958 1380 1995 debeant
1403 1963 1466 1994 aut
1497 1971 1569 1994 non
1590 1956 1718 2000 velint,

181 2014 332 2065 ,quibus
350 2016 551 2066 praetensis
570 2016 688 2054 citetis
710 2017 809 2067 ipsos
830 2016 1076 2067 peremptorie
1100 2030 1223 2053 coram
1251 2017 1375 2062 nobis,
1392 2017 1488 2053 sicut
1502 2016 1596 2052 lator
1613 2027 1720 2064 prae-

125 2099 130 2102 ·
194 2073 355 2110 sentium
372 2086 434 2111 eos
451 2074 557 2112 vobis
573 2075 798 2121 nominabit,
812 2075 858 2112 ad
878 2075 977 2112 diem
996 2080 1264 2125 competentem
1278 2088 1342 2112 seu
1361 2075 1439 2111 dies
1457 2077 1720 2123 competentes,

194 2132 240 2169 ad
272 2132 499 2170 voluntatem
530 2134 655 2171 latoris
685 2134 953 2185 praesentium,
981 2148 1107 2172 causas
1134 2139 1344 2171 ostensuros
1371 2139 1407 2170 et
1432 2132 1507 2182 juri
1538 2135 1720 2183 quantum

194 2190 392 2228 debuerint
415 2191 609 2242 parituros.
639 2193 853 2231 Inliibentes
881 2193 1147 2231 nichilominus
1173 2193 1326 2239 ballivo,
1347 2192 1557 2229 subballivo
1581 2204 1623 2227 ac
1639 2203 1722 2227 om-

194 2249 306 2286 nibus
333 2249 413 2287 aliis
434 2249 645 2299 justitiariis
670 2252 716 2288 de
739 2251 878 2303 quibus
904 2252 1046 2289 fueritis
1066 2251 1253 2302 requisiti,
1276 2256 1316 2288 ut
1334 2251 1411 2297 die,
1434 2251 1511 2295 lite,
1530 2262 1638 2286 causa
1657 2261 1719 2285 seu

181 2307 313 2345 >causis
335 2321 458 2345 coram
490 2309 598 2347 nobis
628 2310 877 2361 pendentibus
903 2311 1000 2348 inter
1021 2311 1118 2361 ipsas
1150 2315 1269 2361 partes
1300 2310 1442 2362 aliquid
1471 2311 1647 2347 innovent
1665 2308 1721 2344 vel

180 2366 408 2412 -immutent,
431 2370 648 2417 attemptent
666 2369 722 2406 vel
745 2373 961 2419 attemptare
982 2373 1236 2419 praesumant,
1254 2374 1318 2406 aut
1334 2369 1443 2406 etiam
1462 2367 1603 2419 aliquid
1621 2366 1723 2403 aliud

196 2423 331 2461 saciant
347 2424 449 2475 quod
466 2425 512 2462 sit
531 2425 568 2462 in
587 2426 860 2476 praejudicium
880 2431 1026 2464 nostrae
1036 2426 1307 2476 jurisdictionis
1322 2432 1357 2464 et
1374 2426 1559 2463 dictorum
1579 2424 1723 2462 abbatis
