2184 3074
442 304 515 341 252
988 299 1150 337 CODEX
1176 299 1425 338 DUNENSIS.

491 421 547 457 Ad
571 419 851 469 requisitionem
875 418 1055 454 humilem
1083 422 1118 454 et
1142 417 1340 464 instantem
1364 417 1633 453 venerabilium
1657 421 1693 454 et
1719 418 1975 468 religiosorum

422 472 425 473 ⁷
441 479 606 515 virorum
624 476 772 527 prioris,
787 475 1010 525 supprioris,
1026 474 1224 520 cellerarii,
1241 475 1495 511 confessorum
1510 479 1545 511 et
1559 474 1749 511 seniorum
1764 475 1975 512 monasterii

441 539 486 575 de
499 537 619 574 Dunis
633 534 856 572 reverendae
870 534 1081 584 paternitati
1097 538 1250 580 vestrae,
1260 546 1345 570 cum
1361 533 1464 570 omni
1481 533 1691 570 humilitate
1703 546 1778 584 qua
1791 534 1976 576 convenit,

441 595 656 632 intimamus
675 592 793 643 quod,
812 592 908 629 sicut
921 605 966 628 ex
985 591 1152 641 ipsorum
1169 596 1267 628 certa
1283 591 1463 629 relatione
1481 591 1698 638 didicimus,
1718 591 1872 642 quidam
1891 595 1977 629 sunt

442 652 614 690 monachi
633 655 668 688 et
686 650 852 687 conversi
879 650 918 686 in
942 649 1055 686 domo
1077 650 1123 686 de
1142 649 1264 686 Dunis
1285 649 1351 700 qui
1374 649 1576 686 reverendo
1594 649 1748 687 domino
1765 649 1891 687 abbati
1909 663 1976 687 suo

440 712 534 762 patri
550 709 855 747 irrationabiliter
872 721 911 745 se
928 714 1186 759 opposuerunt
1202 713 1238 746 et
1255 713 1468 760 opponunt,
1482 708 1583 746 unde
1597 709 1683 747 satis
1697 709 1885 746 ammirari
1901 722 1976 746 non

439 770 645 807 sufficimus
669 767 867 805 scribendo
890 766 995 804 vobis
1008 771 1044 803 et
1062 767 1162 813 aliis,
1179 771 1223 804 ut
1238 767 1285 804 ab
1308 767 1398 818 ipsis
1416 767 1541 818 priore
1560 772 1596 804 et
1617 767 1699 804 aliis
1717 767 1976 818 cognovimus,

440 829 570 869 frivola
590 833 625 865 et
643 828 872 877 incomperta
892 827 931 863 in
949 826 1067 877 ipsius
1086 827 1230 864 domini
1249 827 1394 864 abbatis
1410 826 1698 878 praejudicium,
1716 827 1835 864 famae
1853 831 1890 864 et
1907 839 1978 864 no-

440 887 551 924 minis
569 885 883 936 denigrationem,
903 898 1018 935 quae,
1040 885 1070 922 si
1089 890 1210 923 essent
1227 885 1413 932 discussa,
1431 886 1536 923 nullo
1554 885 1717 923 veritatis
1735 885 1978 922 amminiculo

440 945 671 989 fulcirentur,
686 943 814 990 immo7
829 942 933 993 quod
947 943 1115 980 dolentes
1133 944 1346 990 referimus,
1359 943 1470 981 dente
1483 943 1612 981 livoris
1625 943 1856 982 inveniretur
1873 943 1978 980 inno-

438 1018 523 1041 cens
550 1003 743 1040 nocentius
764 1003 944 1039 laceratus
964 1007 1000 1039 et
1026 1002 1144 1053 ipsius
1167 1003 1355 1053 gressibus
1378 1003 1542 1054 positum
1568 1003 1837 1040 offendiculum
1866 1015 1912 1040 ne
1937 1003 1976 1040 in

438 1063 578 1100 semitis
597 1061 763 1111 justitiae
787 1061 986 1111 perfectius
1009 1061 1233 1108 ambularet,
1257 1062 1361 1112 quod
1379 1062 1637 1100 manifestatur
1653 1076 1700 1100 ex
1716 1075 1760 1099 eo
1779 1061 1976 1112 praecipue

437 1134 555 1172 quum
573 1133 703 1156 eorum
722 1118 876 1169 quidam
899 1118 937 1155 in
963 1119 1035 1156 hoc
1060 1119 1283 1170 deprehensi
1309 1125 1344 1157 et
1364 1120 1523 1158 confessi
1543 1120 1692 1158 iverunt
1717 1120 1764 1158 ad
1789 1120 1975 1167 seculum,

437 1192 583 1216 sacrum
603 1178 781 1215 Dunense
799 1177 996 1227 collegium
1011 1182 1046 1214 et
1059 1178 1229 1215 ordinem
1244 1178 1514 1230 relinquentes„
1534 1179 1742 1230 specialiter
1758 1182 1882 1216 autem
1900 1179 1976 1216 fra-

438 1243 509 1274 tres
524 1238 585 1274 Ar.
600 1241 683 1274 et....
698 1241 734 1273 et
749 1236 779 1272 H
795 1239 816 1271 ¹.
833 1248 1046 1274 conversus.
1067 1236 1186 1287 Igitur
1203 1250 1288 1274 cum
1307 1250 1456 1274 morum
1475 1237 1667 1284 honestas,
1687 1238 1785 1275 vitae
1801 1237 1921 1278 virtus
1941 1243 1976 1276 et

437 1298 533 1334 fama
552 1308 731 1346 personae
747 1295 794 1332 ab
809 1294 986 1332 omnibus
1001 1295 1068 1345 qui
1082 1309 1169 1332 eum
1181 1308 1202 1332 a
1218 1296 1338 1346 longis
1357 1301 1456 1334 retro
1474 1296 1706 1348 temporibus
1725 1302 1976 1347 cognoverant

437 1355 677 1406 approbatae,
696 1366 842 1390 necnon
858 1366 1013 1391 concors
1030 1358 1066 1391 et
1083 1354 1199 1391 libera
1218 1354 1333 1405 ipsius
1351 1355 1497 1400 electio,
1516 1359 1558 1391 ut
1575 1368 1595 1391 a
1613 1354 1753 1406 priore,
1767 1355 1974 1406 suppriore,

437 1413 586 1450 cellario
605 1417 641 1449 et
662 1411 814 1449 caeteris
836 1411 1060 1462 supradictis
1081 1412 1311 1463 accepimus,
1333 1412 1564 1464 praedictum
1586 1413 1783 1451 dominum
1800 1413 1971 1451 abbatem

437 1471 641 1521 plurimum
667 1470 988 1516 recommendent,
1007 1484 1074 1507 nec
1091 1471 1215 1508 sinant
1233 1471 1279 1508 de
1298 1472 1379 1522 ipso
1393 1471 1523 1509 domui
1543 1484 1631 1509 suae
1647 1471 1744 1509 bene
1761 1472 1973 1523 praeposito

436 1537 471 1568 et
485 1531 652 1568 eamdem
666 1530 897 1581 gubernante
911 1535 1059 1567 strenue
1073 1535 1109 1567 et
1126 1531 1267 1568 utiliter
1279 1531 1418 1569 sinistri
1435 1531 1579 1582 aliquid
1596 1531 1789 1581 suspicari,
1799 1543 1973 1571 reveren—

437 1591 508 1627 tiae
527 1602 686 1626 unacum
711 1588 800 1639 ipsis
822 1588 991 1625 devotius
1013 1589 1267 1639 supplicamus
1290 1594 1473 1639 quatenus
1499 1589 1545 1626 de
1571 1589 1728 1639 probato
1755 1594 1790 1627 et
1817 1590 1972 1627 honesto

436 1650 515 1686 viro
535 1649 598 1699 qui
623 1648 669 1683 ad
686 1647 838 1683 modum
855 1647 1012 1683 aliorum
1033 1649 1281 1697 praelatorum
1296 1648 1401 1698 quasi
1416 1648 1564 1698 signum
1579 1647 1625 1684 ad
1641 1647 1810 1697 sagittam
1830 1648 1972 1698 positus

436 1719 589 1756 arguere
605 1710 640 1742 et
655 1706 845 1755 increpare
861 1705 981 1751 babet,
994 1711 1029 1742 et
1043 1719 1087 1742 ex
1103 1706 1173 1742 hoc
1187 1707 1399 1756 frequenter
1416 1706 1609 1743 incurrens
1624 1706 1872 1756 plurimorum
1886 1706 1972 1743 odia

437 1778 512 1802 non
534 1764 649 1814 possit
666 1764 842 1800 omnibus
861 1765 1108 1814 complacere,
1125 1765 1291 1814 personis
1309 1764 1498 1815 aliquibus
1519 1769 1646 1801 contra
1662 1765 1785 1814 ipsum
1801 1778 1876 1802 non
1891 1778 1972 1802 cre-

436 1823 550 1868 datis,
571 1836 638 1859 nec
655 1822 765 1858 tidem
781 1823 988 1860 adhibeatis
1007 1838 1013 1859 z
1036 1823 1064 1859 si
1081 1836 1233 1873 quoque
1246 1824 1369 1873 aliqua
1391 1823 1550 1874 proponi
1569 1823 1760 1874 contingat
1775 1837 1871 1874 quae
1889 1837 1970 1860 ves-

437 1887 533 1919 trum
567 1881 732 1917 animum
770 1881 973 1926 moverint,
1008 1881 1167 1931 benigne
1197 1882 1431 1919 dissimulare
1461 1881 1666 1932 dignemini
1695 1885 1731 1918 et
1745 1920 1747 1922 ,
1760 1886 1971 1932 exspectare

435 1953 632 1991 quousque
659 1953 679 1976 a
708 1940 839 1977 vicinis
867 1940 1066 1987 abbatibus
1093 1946 1127 1977 et
1154 1941 1262 1978 nobis
1285 1941 1427 1978 fueritis
1455 1941 1602 1991 plenius
1629 1954 1696 1991 per
1724 1940 1790 1977 Dei
1814 1941 1969 1991 gratiam

435 1999 634 2036 informati.

474 2116 479 2130 ¹
502 2117 634 2142 L'iuitiale
649 2117 679 2142 ΙΙ.
695 2120 720 2142 et
734 2118 758 2142 lc
773 2116 882 2151 prenom
898 2117 930 2143 de
946 2118 1028 2144 lli-nri
1043 2118 1182 2152 designent
1198 2118 1351 2144 Guillaumc
1367 2118 1400 2144 dc
1413 2118 1577 2152 Suettingen.
